2496 3500
181 315 316 343 ποινικοῦ
337 312 390 341 τῆς
412 304 549 341 Γαλλίας
570 305 672 346 νόμου,
696 301 816 333 ἠθέλετε
840 296 953 332 πεισθῆ,
978 293 1025 324 ὅτι
1049 292 1123 321 πολὺ
1145 290 1254 319 τούτου

177 358 397 400 ἐπιεικέστερον
423 353 501 386 εἶναι
525 355 561 385 τὸ
584 356 640 385 ὑπὸ
660 353 714 388 τὴν
735 345 956 392 παμβασιλείαν
976 349 1028 372 τοῦ
1051 339 1255 371 Ναπολέοντος

184 406 290 442 διέπον
312 408 366 440 τὰς
388 405 481 441 αὐτὰς
504 403 703 446 περιπτώσεις
744 401 772 430 ἐν
812 396 937 433 Γαλλίᾳ·
975 388 1055 423 διότι
1078 389 1140 422 ἐκεῖ
1163 389 1214 431 μὲν
1246 392 1263 428 ἡ

182 463 239 494 τῆς
263 452 471 499 Κυβερνήσεως
488 442 579 485 ἄδεια
602 446 649 484 δὲν
675 450 849 483 ἀπαιτεῖται
876 445 943 488 εἰμὴ
959 440 990 472 ἂν
1009 440 1092 475 ἐκτὸς
1114 443 1174 470 τῶν
1195 449 1259 470 συν-

185 506 276 536 οίκων
301 506 411 535 εἴκοσιν
431 500 598 546 ἐξωτερικὰ
616 498 764 534 πρόσωπα
781 490 965 535 προτίθενται
1001 492 1034 520 νὰ
1059 487 1260 533 συνέρχωνται

182 557 233 586 ἐπὶ
257 559 291 586 τὸ
311 555 397 595 αὐτό,
419 549 476 583 ἐδῶ
501 554 583 593 ὅμως
605 550 640 579 τὸ
663 546 760 590 ἄρθρον
795 544 863 579 212
899 540 973 575 εἶναι
1005 542 1080 572 ὅλως
1112 538 1258 578 ἀόριστον,

180 604 271 649 λέγον
298 606 410 638 «ὅταν
419 603 560 633 πολλοὶ»
595 594 664 628 ἀλλ’
682 596 743 633 ὑπὸ
764 593 818 631 τὴν
851 593 964 632 φράσιν,
986 587 1101 618 πολλοὶ
1124 584 1261 614 δύνανται

185 657 221 685 νὰ
243 651 415 686 ἐννοηθῶσιν
451 651 512 682 ἀπὸ
538 652 597 678 τῶν
636 642 687 676 δύο
709 645 759 675 καὶ
781 642 939 683 ἀνωτέρω·
950 638 1082 669 πιστεύω
1106 631 1147 671 δέ,
1166 636 1212 663 ὅτι
1234 635 1259 661 ἐν

185 711 224 746 τῇ
242 705 327 744 πείρᾳ
353 701 384 735 ἣν
405 696 574 731 ἐκτήσασθε
596 698 624 725 ἐν
644 699 679 736 τῇ
703 689 871 734 δικηγορίᾳ,
893 691 928 726 ὡς
943 689 990 728 καὶ
1013 687 1085 729 ἐγώ,
1108 681 1261 716 ἐπείσθητε

185 753 295 783 ὁποίαν
320 749 507 790 κατάχρησιν
550 750 602 776 τοῦ
638 743 740 784 ἄρθρου
755 736 841 783 212
864 739 1028 773 ἐποιήσατο
1061 738 1083 777 ἡ
1098 736 1268 762 ἐκπεσοῦσα

189 798 321 839 ἐξουσία,
341 800 391 829 καὶ
410 798 518 829 ὁπόσον
552 797 594 829 εἰς
632 794 685 827 τὰς
701 790 831 824 θελήσεις
855 790 947 824 αὐτῆς
985 784 1118 820 πειθήνια
1142 781 1201 825 εὗρε
1226 774 1272 812 τὰ

188 847 374 890 δικαστήρια
399 850 451 878 τῆς
474 838 638 878 Ἑλλάδος.

238 898 329 928 Κατὰ
351 899 451 926 ταῦτα
473 888 573 923 λοιπόν
597 891 710 933 Kύριοι,
733 886 766 918 ἂν
791 890 804 918 ἡ
826 886 993 919 Συνέλευσις
1018 881 1130 931 ψηφίσῃ
1156 881 1190 909 τὸ
1212 875 1266 907 ὑπὸ

189 943 352 980 συζήτησιν
377 944 420 975 10
444 942 545 985 ἄρθρον
569 944 621 971 τοῦ
641 938 870 976 Συντάγματος,
879 938 963 971 πᾶσα
975 932 1149 974 συνάθροισις
1175 931 1202 957 ἐν
1225 930 1273 961 οἰ-

183 995 238 1042 κίᾳ
259 990 397 1031 ἰδιωτικῇ
422 990 564 1035 γενομένη
586 989 671 1020 ἔσται
692 984 915 1027 ἀνεξέλεγκτος,
943 982 1003 1013 ἐκεῖ
1022 982 1054 1010 οὐ
1075 980 1161 1021 μόνον
1183 971 1270 1012 οὐδό-

186 1047 248 1078 λως
287 1045 372 1073 ἔσται
410 1041 560 1085 ἀναγκαία
592 1043 610 1072 ἡ
643 1034 845 1079 προηγουμένη
869 1038 920 1068 τῆς
942 1029 1148 1072 Κυβερνήσεως
1171 1022 1274 1068 ἄδεια,

185 1093 270 1128 ἀλλὰ
296 1094 347 1125 καὶ
373 1085 439 1119 οὐδὲ
462 1085 497 1119 τὸ
536 1087 676 1125 παράπαν
696 1085 777 1118 θέλει
809 1083 871 1125 ἔχει
903 1082 937 1112 τὸ
962 1075 1114 1126 δικαίωμα
1149 1078 1185 1104 νὰ
1211 1088 1271 1110 πα-

187 1138 330 1183 ρασταθῇ
348 1141 364 1172 ἡ
386 1134 585 1178 Ἀστυνομία·
597 1130 692 1170 οὐδεὶς
715 1135 776 1177 ἔχει
806 1134 838 1162 τὸ
857 1126 1011 1169 δικαίωμα
1031 1127 1067 1157 νὰ
1096 1124 1211 1167 εἰσέλθῃ
1232 1127 1269 1155 εἰς

188 1187 228 1218 τὸ
249 1189 360 1218 ἄσυλον
377 1191 435 1218 τοῦ
453 1187 596 1224 πολίτου,
618 1183 693 1214 αὐτὸ
718 1179 750 1213 δὲ
772 1180 807 1212 τὸ
830 1180 937 1211 ἄσυλον
958 1180 1010 1212 τῆς
1031 1176 1123 1208 οἰκίας
1144 1180 1196 1204 τοῦ
1215 1185 1270 1207 πο-

187 1240 284 1267 λίτου
312 1238 347 1267 τὸ
372 1235 492 1277 θέλομεν
515 1232 629 1270 ἀληθές,
647 1235 707 1273 ὄχι
723 1225 837 1269 ψευδές,
862 1225 910 1258 δὲν
946 1227 1067 1263 θέλομεν
1106 1225 1137 1256 νὰ
1158 1224 1277 1267 χορηγῇ

192 1289 207 1315 ὁ
232 1287 318 1328 νόμος
343 1287 478 1326 ἀφορμὴν
499 1286 538 1318 εἰς
564 1285 740 1323 σοφίσματα
762 1275 830 1322 πρὸς
862 1274 1047 1317 περιορισμὸν
1066 1275 1190 1304 αὐτοῦ.
1214 1271 1285 1301 Μό-

190 1347 241 1371 νον
266 1337 304 1369 εἰς
327 1337 381 1369 τὰς
404 1326 554 1375 δημοσίας
592 1329 784 1372 συναθροίσεις
808 1323 933 1359 δύναται
965 1325 999 1353 νὰ
1034 1323 1238 1362 παρίσταται,
1259 1322 1274 1352 ἡ

191 1385 392 1424 ἀστυνομία.

248 1428 337 1460 Ἀλλ’
358 1431 516 1459 ἐνίσταται
558 1425 574 1457 ὁ
613 1426 841 1467 προαγορεύσας,
864 1418 943 1453 διότι
969 1420 1036 1460 πρὸς
1059 1423 1111 1452 τῆς
1150 1416 1285 1459 Ἀγγλί-

197 1492 232 1515 ας
256 1482 293 1508 τὰ
315 1478 365 1512 ἤθη
385 1473 435 1507 δὲν
455 1473 668 1518 ἐμορφώθησαν
688 1475 779 1507 εἰσέτι
801 1472 839 1501 τὰ
861 1469 1009 1514 ἡμέτερα.
1029 1466 1086 1499 Καὶ
1110 1470 1200 1499 τοῦτο
1225 1466 1275 1508 μὲν

196 1526 313 1563 ἀληθές,
334 1518 583 1566 παραλογίζεται
606 1525 686 1564 ὅμως
706 1526 719 1553 ὁ
740 1518 831 1555 ἀξιῶν
851 1521 896 1550 ὅτι
936 1514 1060 1549 δύναται
1093 1517 1126 1544 νὰ
1148 1516 1220 1558 γίνῃ
1236 1524 1275 1547 τις

196 1578 266 1616 ἀνὴρ
287 1578 400 1609 τέλειος
429 1575 517 1614 χωρὶς
540 1573 598 1602 ἀπὸ
625 1578 677 1605 τῆς
698 1566 838 1604 παιδικῆς
866 1570 896 1596 νὰ
917 1563 1015 1605 διέλθῃ
1039 1565 1174 1598 ἡλικίας.
1201 1557 1284 1592 Οὐδὲ

193 1624 358 1666 ἄνθρωπος,
381 1617 449 1655 οὐδὲ
489 1620 567 1657 ἔθνος
592 1621 668 1655 ποτὲ
707 1616 851 1652 ἐβάδισαν
870 1615 1087 1658 ἀπροσκόπτως
1109 1614 1147 1646 τὰ
1170 1614 1276 1652 πρῶτα

194 1677 298 1703 αὐτῶν
325 1671 464 1712 βήματα,
489 1670 572 1699 ἀλλὰ
589 1670 643 1699 καὶ
659 1664 753 1703 οὐδείς
777 1666 853 1695 ποτε
874 1663 963 1704 ἔμαθε
985 1664 1019 1693 νὰ
1035 1656 1145 1699 βαδίζῃ
1166 1659 1281 1694 ἐλεύθε-

195 1734 251 1762 ρος,
274 1720 304 1751 ἂν
331 1721 370 1760 μὴ
409 1715 520 1760 βαδίσῃ
558 1718 672 1760 μόνος.
693 1716 837 1750 Πιστεύω
868 1714 914 1744 ὅτι
946 1714 995 1742 καὶ
1023 1712 1035 1739 ὁ
1060 1715 1104 1745 K.
1121 1710 1278 1749 Καλλιγᾶς

196 1766 430 1810 καταλαμβάνει
482 1767 538 1798 τὴν
577 1763 716 1798 ἀλήθειαν
757 1764 891 1798 ταύτην,
928 1760 960 1792 ἂν
990 1761 1070 1799 ὅμως
1088 1760 1102 1790 ἡ
1124 1756 1207 1790 τίτθη
1231 1760 1285 1788 αὐ-

196 1823 253 1847 τοῦ
288 1820 412 1858 ἐπέμενε
450 1815 635 1857 παραλόγως
667 1814 757 1855 μέχρι
792 1814 843 1845 τῆς
878 1809 992 1845 ἡλικίας
1017 1808 1052 1842 ἣν
1070 1810 1116 1835 νῦν
1141 1805 1205 1847 ἔχει
1246 1808 1275 1833 νὰ

195 1866 240 1909 μὴ
261 1868 359 1908 ἀφήσῃ
382 1865 474 1895 αὐτὸν
492 1867 524 1894 νὰ
563 1859 673 1902 βαδίσῃ
696 1864 764 1894 ἄνευ
788 1853 1062 1899 ὑπομασχαλίδων,
1085 1852 1278 1894 ἀμφιβάλλω,

198 1914 234 1945 ἂν
261 1918 387 1955 σήμερον
408 1912 524 1954 ἀφεθεὶς
550 1908 695 1957 ἐλεύθερος
716 1910 795 1942 κατὰ
816 1913 933 1945 πρῶτον
954 1901 1001 1935 δὲν
1022 1903 1104 1939 ἤθελε
1125 1901 1198 1941 πέσῃ
1230 1903 1282 1929 καὶ

198 1965 341 2004 συντρίψῃ
370 1961 425 2003 τὴν
444 1960 578 2002 κεφαλήν
600 1967 651 1989 του
673 1958 828 2000 (γέλως)·
845 1954 983 1991 Ἐπέσατε
1003 1951 1122 1994 πρώτην
1148 1952 1197 1979 καὶ
1219 1946 1287 1978 δευ-

200 2013 285 2049 τέραν
306 2013 406 2053 φοράν,
429 2015 468 2045 K.
490 2008 653 2049 Καλλιγᾶ,
663 1998 751 2052 ἀλλ’
762 2004 886 2048 ἐμάθατε
908 2002 1112 2042 τοὐλάχιστον
1124 2000 1163 2032 νὰ
1199 2009 1285 2040 περι-

199 2063 323 2093 πατῆτε
346 2060 431 2101 μόνος
459 2069 529 2093 σας.

249 2107 350 2140 Εἶπον
364 2105 389 2135 δ’
413 2110 480 2147 ὑμῖν
501 2107 617 2146 Kύριοι,
633 2106 680 2135 ὅτι
702 2108 741 2139 εἰς
759 2105 814 2137 τὰς
829 2097 975 2142 δημοσίας
989 2094 1183 2138 συναθροίσεις
1205 2096 1288 2127 ἐλεύ-

200 2157 279 2199 θερον
311 2158 376 2197 ἔχει
412 2157 448 2185 τὸ
483 2151 686 2197 παρίστασθαι
722 2156 738 2186 ἡ
778 2150 973 2189 ἀστυνομία,
997 2150 1012 2182 ἡ
1046 2137 1083 2174 δ’
1101 2145 1280 2185 ἀστυνομία,

199 2209 360 2244 ἐννοεῖται,
400 2205 446 2233 ὅτι
482 2204 565 2242 θέλει
591 2200 792 2242 παρίστασθαι
823 2200 883 2229 ἐκεῖ
905 2193 955 2230 διὰ
991 2197 1024 2225 νὰ
1053 2194 1144 2236 κάμῃ
1163 2193 1237 2222 κἄτι
1254 2204 1295 2235 τι,

199 2259 294 2283 τοῦτο
317 2249 351 2283 δὲ
374 2249 448 2282 εἶναι
471 2252 506 2280 τὸ
532 2252 563 2279 νὰ
600 2244 763 2291 διατηρήσῃ
787 2247 840 2277 τὴν
865 2241 971 2278 τάξιν·
988 2241 1108 2283 κάμετε
1122 2237 1147 2270 δ’
1169 2242 1218 2271 ἕνα
1236 2241 1280 2272 νό-

201 2316 269 2345 μον,
296 2301 343 2337 ὅτι
365 2302 431 2342 ἅμα
451 2303 465 2331 ὁ
492 2294 665 2333 διευθυντὴς
691 2301 749 2332 τῆς
778 2293 962 2334 Ἀστυνομίας
1000 2290 1134 2328 ἐνταῦθα,
1157 2288 1172 2324 ἢ
1194 2291 1282 2323 ἄλλος

202 2353 378 2384 ὑπάλληλος
395 2346 465 2380 ἀντ’
486 2348 589 2385 αὐτοῦ,
618 2347 651 2382 ἐν
667 2341 697 2377 δὲ
714 2346 765 2381 τὰς
789 2341 935 2385 ἐπαρχίας
950 2344 963 2369 ὁ
985 2341 1149 2382 Δήμαρχος,
1171 2350 1283 2380 παρου-

202 2399 312 2443 σιασθῇ
326 2400 377 2429 καὶ
396 2400 466 2437 εἴπῃ
484 2400 544 2428 «ἐν
557 2397 696 2438 ὀνόματι
702 2399 763 2424 τοῦ
778 2395 871 2435 νόμου
887 2390 1087 2428 διαλύθητε»,
1105 2389 1184 2421 ὅστις
1196 2390 1283 2419 ἀπει-

201 2445 279 2494 θήσῃ
300 2451 333 2476 νὰ
356 2446 545 2490 τιμωρῆται·
569 2447 662 2485 τοῦτο
686 2443 718 2473 τὸ
740 2439 878 2485 δέχομαι,
915 2438 995 2468 διότι
1016 2438 1105 2467 θέλων
1127 2438 1179 2467 τὴν
1203 2438 1282 2464 ἐλευ-

201 2495 297 2540 θερίαν
332 2495 409 2525 θέλω
431 2494 483 2525 καὶ
507 2496 562 2528 τὴν
590 2492 717 2531 κοσμίαν
742 2492 792 2523 καὶ
825 2491 960 2528 σώφρονα
987 2486 1143 2517 ἐνάσκησιν
1179 2486 1290 2519 αὐτῆς.

252 2543 338 2575 Ἀλλὰ
363 2548 412 2576 καὶ
430 2543 546 2579 ἐκεῖνο,
563 2543 585 2572 ὃ
597 2544 711 2580 εἴπατε,
734 2541 821 2580 Kύριε
848 2539 987 2579 Καλλιγᾶ
1010 2538 1056 2568 ὅτι
1069 2538 1118 2571 εἰς
1143 2534 1288 2577 στιγμάς,

201 2592 275 2624 καθ’
291 2592 323 2628 ἃς
347 2592 422 2628 εἶναι
448 2588 672 2633 ἐξεγηγερμένα
704 2591 743 2618 τὰ
781 2588 936 2622 πολιτικὰ
955 2584 1042 2622 πάθη,
1071 2579 1119 2614 δὲν
1152 2584 1250 2623 ἰσχύει
1270 2585 1284 2615 ἡ

201 2642 292 2685 φωνὴ
307 2647 360 2672 τοῦ
381 2640 464 2683 ὀρθοῦ
482 2641 590 2680 λόγου,
611 2636 660 2677 δὲν
698 2632 891 2678 ἀποδέχομαι
914 2636 951 2668 ὡς
969 2634 1098 2670 ἀληθές·
1110 2625 1184 2668 ἴσως
1205 2633 1285 2668 ὅμως

201 2691 293 2732 ἔχετέ
313 2703 377 2725 πως
399 2687 528 2729 δίκαιον,
549 2684 627 2725 διότι
646 2684 693 2717 δὲν
713 2681 845 2718 ἐλάβετε
869 2688 969 2726 πεῖραν
1003 2682 1056 2723 τῆς
1079 2679 1285 2723 ὀρθοφροσύνης

200 2744 255 2770 τοῦ
274 2734 444 2772 Ἑλληνικοῦ
458 2735 546 2775 λαοῦ,
561 2734 640 2773 διότι
662 2736 714 2769 τὴν
732 2735 774 2767 12
797 2730 973 2775 Ὀκτωβρίου
986 2728 1053 2764 ἦσθε
1073 2728 1283 2769 κεκλεισμένος

204 2791 235 2819 ἐν
246 2794 285 2821 τῇ
310 2789 391 2829 οἰκίᾳ
414 2791 478 2828 σας.
493 2780 569 2829 Ἐγὼ
593 2783 672 2829 ὅμως
697 2781 806 2823 ἔλαβον
822 2780 933 2831 πεῖραν
937 2773 1050 2824 αὐτῆς,
1057 2781 1106 2822 καὶ
1124 2780 1290 2822 ἐγκαυχῶ-

199 2850 259 2881 μαι
277 2838 329 2869 ἐπὶ
336 2839 387 2876 τῷ
408 2835 580 2876 φρονήματι
602 2835 656 2864 τοῦ
677 2828 819 2872 Ἕλληνος,
839 2828 887 2870 ὅτι
921 2829 981 2871 ἅμα
1005 2831 1055 2869 ἕνα
1075 2828 1166 2869 λόγον
1203 2823 1284 2855 εἶπον

203 2887 276 2930 πρὸς
295 2888 350 2924 τὸν
369 2886 465 2923 λαόν,
492 2884 550 2922 καὶ
568 2882 622 2918 τὴν
641 2881 821 2922 φιλοτιμίαν
857 2882 947 2916 αὐτοῦ
966 2874 1113 2920 ἐξήγειρα,
1136 2871 1284 2918 ἐμπόδισα

202 2939 268 2971 τὴν
474 2931 527 2971 τῆς
548 2926 735 2973 διοικητικῆς
757 2923 946 2971 ἀστυνομίας,
964 2924 1020 2971 πρὸ
1033 2927 1083 2962 τῆς
1104 2926 1217 2958 ὁποίας
1229 2924 1285 2953 ὑπὸ

204 2987 331 3027 φαύλων
277 2931 449 2977 διαρπαγην
348 2977 556 3031 δημαγωγῶν
561 2974 802 3025 ἐξεγηγερμένον
816 2978 935 3018 πλῆθος,
953 2976 986 3011 ἐκ
1011 2972 1186 3018 τρισχιλίων
1206 2974 1283 3015 περί-

202 3042 267 3067 που
280 3026 399 3073 ἀνδρῶν
400 3033 469 3073 τῆς
467 3030 632 3073 ἐσχάτης
638 3030 813 3064 κοινωνικῆς
834 3023 963 3064 τάξεως,
977 3022 1105 3056 συνέθλα
1183 3023 1286 3057 πύλας
1121 3014 1184 3060 τὰς

204 3084 308 3120 αὐτῆς·
317 3077 560 3121 παρουσιασθεὶς
568 3068 607 3115 δὲ
617 3070 684 3123 ἐγὼ
688 3074 870 3113 παρέστησα
886 3076 919 3104 τὸ
940 3069 1055 3109 ἀνάξιον
1070 3070 1122 3108 τῆς
1137 3066 1283 3111 πράξεως,

202 3132 254 3161 ὅτι
270 3126 372 3171 πάσης
379 3125 488 3178 ἀρχῆς
497 3124 544 3167 τὰ
549 3127 665 3180 ἀρχεῖα
670 3115 776 3166 ἐθνική
779 3122 841 3166 εἰσι
853 3117 1016 3171 περιουσία
1022 3117 1125 3163 εἰπὼν
1133 3122 1185 3152 καὶ
1204 3120 1254 3153 ὅτι
1267 3124 1284 3155 ἡ

196 3173 369 3225 διαρπαγὴ
374 3171 475 3223 αὐτῆς
485 3172 572 3218 εἶναι
576 3171 697 3223 καθαρὰ
703 3172 830 3222 ἀνομία,
837 3168 896 3210 ὅτι
911 3175 929 3206 ἡ
947 3166 1149 3208 ἐπανάστασις
1162 3168 1284 3210 ἐγένετο

201 3225 278 3273 πρὸς
282 3225 469 3281 καταβολὴν
481 3225 549 3267 τοῦ
555 3220 685 3277 κράτους
693 3227 754 3271 τῆς
762 3222 886 3265 ἀνομίας
902 3220 973 3262 οὐχὶ
991 3215 1027 3250 δὲ
1042 3219 1114 3261 πρὸς
1124 3219 1283 3260 ὑπερκορύ-

1279 298 1370 327 φωσιν
1386 286 1497 319 αὐτῆς.
1500 284 1558 315 Καὶ
1573 283 1586 310 ὁ
1600 281 1671 318 λαὸς
1687 281 1796 316 ἐκεῖνος
1815 272 2069 318 ζητωκραυγάσας
2086 273 2156 316 ὑπὲρ
2172 275 2223 306 τῆς
2241 273 2345 301 ἐπανα-

1282 337 1411 369 στάσεως
1431 328 1547 367 διελύθη
1570 335 1597 364 ἐν
1617 329 1735 370 ἡσυχίᾳ.
1757 323 1868 368 Ὅμοιόν
1884 339 1912 357 τι
1937 327 1985 357 καὶ
2009 325 2047 358 εἰς
2062 324 2113 356 τὴν
2127 322 2221 352 οἰκίαν
2240 326 2293 351 τοῦ
2310 327 2355 356 Κ.

1282 387 1370 428 Σίμου
1393 380 1499 424 συνέβη
1517 382 1576 423 μοι,
1600 381 1663 413 ἐκεῖ
1676 376 1861 419 οἰκτρότερον
1880 377 1915 406 τὸ
1937 373 2045 417 θέαμα,
2066 366 2214 416 μανιῶδες
2237 369 2349 405 πλῆθος

1282 432 1435 464 συνωθεῖτο
1454 431 1518 473 περὶ
1538 431 1589 466 τὴν
1614 426 1720 474 θύραν,
1729 427 1806 462 ὅπως
1825 424 1955 455 εἰσελθὸν
1977 417 2159 464 κατασφάξῃ
2180 421 2278 455 αὐτόν,
2298 421 2348 449 καὶ

1283 485 1359 527 ὅμως
1380 481 1442 522 ἅμα
1464 484 1522 514 τοῖς
1544 477 1635 517 εἶπον,
1655 477 1702 507 ὅτι
1727 478 1777 510 τὴν
1800 474 1884 516 μέχρι
1905 475 2016 508 ἐκείνης
2039 476 2089 505 τῆς
2111 472 2241 513 στιγμῆς
2262 470 2344 497 ἀναί-

1284 543 1397 575 μακτον
1419 530 1616 566 ἐπανάστασιν
1635 523 1682 558 δὲν
1698 526 1805 565 ἔπρεπε
1821 525 1855 553 νὰ
1876 522 2004 564 μιάνωσι
2024 518 2064 550 δι’
2068 521 2211 562 αἵματος,
2232 517 2284 545 καὶ
2300 518 2349 545 τὸν

1286 590 1329 615 Κ.
1340 587 1425 623 Σῖμον
1445 582 1555 620 ἀφῆκαν
1581 577 1699 617 ἥσυχον,
1722 577 1770 606 καὶ
1786 579 1835 606 τῆς
1854 572 1951 606 οἰκίας
1970 574 2061 600 αὐτοῦ
2081 567 2238 603 ἀπῆλθον.
2246 565 2364 604 (Ἀλή-

1283 632 1362 670 θεια,
1383 629 1526 668 ἀλήθεια,
1551 624 1641 667 εὖγε!
1666 620 1794 665 εὖγε!).
1798 622 1885 657 Λαὸς
1896 621 2014 658 λοιπόν,
2033 619 2113 652 ὅστις
2134 619 2191 648 ὑπὸ
2209 619 2261 650 τῆς
2275 616 2347 644 ἐπα-

1286 682 1467 711 ναστατικῆς
1509 676 1609 717 θέρμης
1647 673 1850 715 κατεχόμενος
1888 675 2025 702 τοιοῦτος
2047 663 2167 710 ἐδείχθη
2204 666 2272 705 πρὸς
2297 665 2347 694 τὸν

1287 725 1377 764 ἄνδρα
1400 729 1518 765 ἐκεῖνον,
1535 727 1583 756 τὸν
1602 727 1701 756 ὁποῖον
1721 723 1832 762 ἐθεώρει
1852 721 1890 754 ὡς
1913 718 2065 758 συνένοχον
2086 720 2139 751 τῆς
2161 715 2278 755 πορείας
2300 717 2349 748 τῆς

1289 780 1429 809 πεσούσης
1468 773 1650 812 δυναστείας,
1683 775 1733 803 καὶ
1754 774 1823 807 πρὸς
1844 772 1879 800 τὸ
1900 768 2087 807 λαομίσητον
2105 764 2226 808 ὄργανον
2248 766 2362 805 αὐτῆς,

1290 827 1341 860 τὴν
1363 825 1552 865 ἀστυνομίαν,
1574 826 1714 853 τοσοῦτον
1735 820 1865 853 ἐπιεικὴς
1886 817 2015 861 ἐγένετο,
2041 816 2090 846 καὶ
2121 817 2159 848 εἰς
2179 816 2233 846 τὴν
2255 812 2353 853 φωνὴν

1291 882 1343 905 τοῦ
1364 874 1444 917 ὀρθοῦ
1464 874 1558 930 λόγου
1583 868 1726 907 πειθήνιος
1750 870 1860 906 ἔκλινε,
1903 869 1952 897 καὶ
1973 867 2009 908 μὲ
2028 859 2183 898 ἠσπάζετο
2206 861 2268 901 ἅμα
2295 864 2350 900 μοῦ

1290 927 1423 963 ἤκουσεν,
1438 924 1451 951 ὁ
1470 926 1539 955 λαὸς
1563 923 1665 954 ἐκεῖνος
1686 917 1760 954 εἶναι
1779 912 1894 950 ἀνάξιος
1914 914 2101 956 ἐλευθερίας;
2135 907 2235 956 (ὄχι!
2246 897 2368 970 ὄχι!).

1340 977 1505 1006 ΠΟΛΛΟΙ.
1514 968 1638 1013 Ἀρκετά,
1660 968 1796 1011 ἀρκετά.

1340 1025 1582 1059 ΣΑΡΙΠΟΛΟΣ.
1585 1020 1649 1049 «Αἱ
1662 1021 1695 1049 ἐν
1711 1017 1849 1056 ὑπαίθρῳ
1859 1013 2064 1055 συναθροίσεις
2080 1011 2234 1041 δύνανται
2246 1005 2274 1036 ν'
2279 1008 2360 1034 ἀπα-

1291 1073 1474 1115 γορευθῶσιν
1493 1071 1547 1100 ἐὰν
1566 1070 1606 1102 ὡς
1628 1071 1660 1098 ἐκ
1685 1071 1799 1096 τούτων
1824 1065 1973 1093 ἐπίκειται
2006 1059 2150 1096 κίνδυνος
2172 1061 2211 1088 εἰς
2233 1057 2287 1094 τὴν
2308 1055 2364 1106 δη-

1288 1122 1405 1162 μοσίαν
1420 1119 1645 1165 ἀσφάλειαν».
1649 1112 1714 1147 Ἰδοὺ
1731 1110 1949 1156 μεμετρημέναι
1963 1114 2057 1140 πᾶσαι
2073 1111 2104 1139 αἱ
2119 1103 2213 1140 λέξεις
2228 1108 2278 1138 τῆς
2297 1107 2372 1133 ἐπι-

1298 1165 1423 1212 τροπῆς·
1444 1164 1602 1198 κινδυνεύει
1624 1168 1639 1199 ἡ
1663 1160 1796 1205 δημοσία
1818 1161 2004 1204 ἀσφάλεια;
2014 1157 2154 1199 συμφέρει
2172 1157 2206 1185 νὰ
2231 1155 2268 1196 μὴ
2293 1153 2366 1198 γίνῃ

1296 1221 1308 1248 ἡ
1329 1216 1524 1259 συνάθροισις;
1561 1217 1611 1245 καὶ
1631 1215 1665 1245 τὸ
1684 1214 1844 1254 Σύνταγμα
1879 1211 1914 1240 τὸ
1938 1209 2022 1248 λέγει
2044 1209 2094 1238 καὶ
2118 1207 2132 1235 ὁ
2153 1205 2253 1246 νόμος,
2278 1202 2359 1234 ὅστις

1297 1265 1373 1296 θέλει
1393 1263 1534 1296 κανονίσει
1559 1264 1593 1294 τὸ
1612 1264 1674 1304 περὶ
1693 1260 1914 1298 συναθροίσεων,
1939 1256 2018 1286 θέλει
2040 1257 2075 1284 τὸ
2097 1248 2283 1293 ἀναπτύξει.
2294 1247 2357 1281 Ἰδοὺ

1297 1316 1414 1353 λοιπόν,
1442 1315 1488 1343 ὅτι
1520 1315 1550 1343 αἱ
1574 1311 1761 1352 συναθροίσεις
1786 1306 1926 1349 μένουσαι
1944 1304 2091 1343 ἐλεύθεραι
2130 1302 2244 1331 θέλουσι
2268 1311 2361 1341 μετα-

1300 1361 1393 1394 βληθῆ
1416 1365 1631 1403 πραγματικῶς
1653 1362 1692 1394 εἰς
1713 1355 1869 1400 βαθύῤῥουν
1907 1352 2047 1395 ποταμὸν
2069 1349 2244 1391 ἐλευθερίας,
2277 1348 2360 1381 ὅστις

1300 1412 1372 1442 θέλει
1393 1406 1527 1454 ἀρδεύσει
1556 1409 1606 1444 τὴν
1628 1404 1820 1450 χερσωθεῖσαν
1844 1406 1898 1446 γῆν
1933 1406 1982 1434 τῆς
2010 1396 2156 1433 Ἑλλάδος,
2181 1398 2234 1429 τὴν
2258 1396 2361 1424 ὁποίαν

1300 1463 1358 1490 ἀπὸ
1377 1461 1468 1490 εἴκοσι
1488 1460 1535 1488 καὶ
1552 1460 1639 1488 πλέον
1656 1457 1769 1486 αἰώνων
1788 1455 1899 1485 ἔπαυσε
1913 1448 1936 1481 ν’
1941 1446 2070 1492 ἀρδεύῃ.
2080 1448 2140 1492 Μὴ
2144 1442 2288 1488 ξηράνητε
2301 1446 2370 1474 λοι-

1301 1512 1354 1539 πὸν
1375 1510 1425 1540 τὴν
1447 1510 1542 1550 πηγὴν
1562 1503 1590 1541 ἐξ
1612 1505 1643 1541 ἧς
1662 1508 1675 1535 ὁ
1694 1504 1829 1544 ποταμὸς
1852 1497 1934 1534 οὖτος
1950 1499 2052 1541 ἐκρέει,
2066 1494 2157 1533 διότι,
2173 1492 2206 1524 ἂν
2222 1496 2256 1523 τὸ
2272 1490 2374 1523 Ἑλλη-

1299 1560 1377 1588 νικὸν
1391 1556 1464 1591 ἔθνος
1486 1550 1654 1597 προώδευσέ
1668 1564 1753 1593 ποτε,
1769 1545 1937 1593 προώδευσε
1961 1544 2011 1578 διὰ
2023 1551 2077 1582 τῆς
2096 1538 2289 1574 ἀναπτύξεως
2306 1545 2364 1569 τῶν

1300 1606 1450 1647 ἐλευθέρων
1474 1608 1562 1634 αὐτοῦ
1582 1602 1777 1642 φρονημάτων
1797 1600 1847 1630 καὶ
1867 1598 1992 1638 θεσμῶν,
2009 1590 2159 1626 ἐδουλώθη
2175 1586 2219 1626 δέ,
2243 1590 2303 1630 ἅμα
2329 1590 2363 1617 τὸ

1300 1656 1432 1697 φρόνημα
1453 1650 1568 1688 ἐξέλιπε
1581 1651 1634 1690 καὶ
1657 1655 1681 1681 οἱ
1704 1648 1804 1691 θεσμοὶ
1828 1643 2089 1676 κατεπατήθησαν.
2120 1638 2205 1671 Ἀλλὰ
2227 1638 2265 1679 μὴ
2285 1639 2373 1678 νομί-

1300 1716 1383 1741 σητε,
1408 1711 1453 1745 Κ.
1462 1702 1613 1742 Καλλιγᾶ,
1638 1695 1685 1729 διὰ
1709 1704 1819 1733 ταῦτα,
1844 1695 1861 1724 ἃ
1878 1691 1970 1733 εἶπον,
1992 1693 2040 1722 ὅτι
2063 1691 2136 1733 ἐγώ,
2160 1688 2240 1721 ὅστις
2259 1689 2377 1734 ὑπερα-

1301 1749 1446 1793 σπίζομαι
1468 1754 1610 1780 τοσοῦτον
1649 1749 1703 1779 τὴν
1726 1743 1901 1782 ἐλευθερίαν,
1925 1742 2000 1771 θέλω
2024 1742 2077 1770 τὴν
2097 1736 2232 1768 ἐξουσίαν
2255 1731 2376 1769 ἀδύνα-

1301 1812 1362 1831 τον·
1376 1803 1434 1842 ὄχι,
1452 1802 1467 1832 ἡ
1490 1796 1633 1841 ἐλευθερία
1652 1794 1725 1826 εἶναι
1745 1795 1867 1835 πλήρης,
1888 1792 1958 1827 τότε
1981 1790 2068 1832 μόνον
2092 1789 2165 1817 ὅταν
2186 1787 2234 1818 καὶ
2255 1785 2269 1816 ἡ
2288 1779 2384 1819 ἐξου-

1302 1853 1350 1879 σία
1378 1841 1456 1892 ἦναι
1465 1846 1595 1893 ἰσχυρά,
1617 1832 1703 1887 διότι
1718 1838 1749 1888 ἡ
1759 1838 1894 1882 ἐξουσία
1914 1833 1956 1877 ἐν
1971 1817 2115 1884 ἐλευθέρᾳ
2140 1830 2196 1875 καὶ
2213 1827 2378 1876 αὐτονόμῳ

1296 1894 1444 1941 πολιτείᾳ
1450 1884 1508 1934 δὲν
1520 1892 1592 1925 εἶναι
1612 1893 1688 1926 ἄλλο
1712 1892 1778 1932 εἰμὴ
1798 1894 1815 1924 ἡ
1840 1886 1934 1930 δέσμη
1958 1895 2007 1921 τῆς
2025 1885 2174 1926 ἐλευθέρας
2197 1885 2294 1914 κοινῆς
2313 1885 2378 1915 τοῦ

1304 1946 1396 1980 ἔθνους
1420 1943 1571 1977 θελήσεως·
1608 1944 1689 1976 ὅστις
1707 1938 1783 1970 θέλει
1805 1938 1856 1973 τὴν
1880 1937 2055 1976 ἐλευθερίαν,
2079 1933 2155 1961 θέλει
2179 1929 2309 1960 βεβαίως
2333 1926 2371 1957 νὰ

1303 1996 1359 2037 ἔχῃ
1380 1991 1448 2035 παρ’
1451 1993 1525 2031 αὐτῇ
1545 1992 1594 2020 καὶ
1618 1991 1689 2031 μίαν
1711 1983 1845 2021 ἐξουσίαν
1870 1985 2002 2027 ἰσχυράν,
2021 1984 2086 2016 ἥτις
2107 1980 2142 2010 νὰ
2169 1975 2368 2020 προλαμβάνῃ

1307 2049 1402 2076 πᾶσαν
1423 2035 1604 2070 κακόβουλον
1625 2037 1784 2078 ἐνέργειαν,
1806 2031 1867 2068 εἴτε
1894 2032 2091 2072 συμπολίτου,
2115 2030 2175 2058 εἴτε
2195 2026 2287 2065 ξένου,
2309 2025 2369 2054 εἴτε

1304 2090 1523 2123 καθεστηκυίας
1537 2089 1611 2121 τινὸς
1635 2090 1735 2129 ἀρχῆς,
1758 2083 1836 2113 κατὰ
1860 2087 1910 2117 τῆς
1935 2085 2030 2116 κοινῆς
2073 2079 2126 2108 καὶ
2152 2074 2211 2109 ἑνὸς
2241 2074 2371 2103 ἑκάστου

1303 2140 1474 2181 ἐλευθερίας·
1514 2138 1592 2167 ὥστε
1616 2137 1651 2169 ὡς
1675 2131 1806 2164 βλέπετέ
1822 2135 1877 2162 εἰσι
1917 2132 1982 2163 λίαν
2007 2122 2235 2170 εὐσυμβίβαστα
2261 2124 2298 2151 τὰ
2320 2117 2370 2150 δύο

1308 2195 1402 2218 ταῦτα
1420 2189 1601 2229 πράγματα.

1355 2239 1507 2269 ΠΟΛΛΟΙ.
1537 2233 1661 2275 Ἀρκετά,
1683 2231 1818 2272 ἀρκετά.

1353 2287 1593 2317 ΣΑΡΙΠΟΛΟΣ.
1614 2277 1749 2320 Νομίζω,
1772 2279 1886 2319 Κύριοι,
1912 2277 1958 2305 ὅτι
1977 2273 2081 2315 πρέπει
2104 2272 2138 2301 νὰ
2162 2267 2369 2310 συμπληρώσω

1306 2336 1357 2367 τὰς
1380 2331 1530 2375 ἐξηγήσεις
1552 2331 1605 2358 καὶ
1625 2330 1678 2358 ἐπὶ
1699 2329 1734 2356 τὸ
1754 2327 1895 2367 ἑπόμενον
1916 2321 2025 2365 ἄρθρον,
2058 2321 2157 2350 ἀκούω
2179 2319 2257 2359 ὅμως
2283 2320 2369 2344 τινῶν

1305 2386 1338 2413 νὰ
1361 2385 1499 2425 λέγωσιν,
1518 2381 1562 2409 ὅτι
1582 2378 1657 2407 θέλει
1675 2375 1747 2420 γίνει
1773 2372 1918 2413 ἰδιαιτέρα
1938 2369 2111 2407 συζήτησις.

1354 2436 1490 2463 ΚΑΛΟΣ.
1512 2422 1569 2472 Ὄχι
1592 2423 1688 2470 μαζύ.

1986 2683 2237 2727 (Ἀκολουθεῖ).
