2500 3500
1003 843 1424 895 ΣΥΝΕΔΡΙΑΣΗΣ
1464 845 1570 899 303

1041 925 1114 969 τῆς
1143 909 1201 969 21
1246 917 1515 980 Αὐγούστου

177 1221 356 1273 Συνέχεια
381 1229 452 1267 τῆς
477 1218 763 1276 Συνεδριάσεως
775 1226 862 1269 303
903 1232 983 1283 (ὅρα
1007 1232 1101 1290 ἀριθ.
1122 1232 1211 1292 15).

194 1320 430 1349 ΣΑΡΙΠΟΛΟΣ.
442 1314 544 1362 Ὀλίγα
566 1322 633 1355 τινὰ
654 1322 714 1362 ἔχω
734 1317 779 1357 ἔτι
806 1325 839 1363 νὰ
861 1326 933 1357 εἴπω
960 1331 1023 1371 περὶ
1039 1332 1093 1363 τοῦ
1116 1331 1231 1374 ἑπομέ-

141 1373 193 1398 νου
213 1362 326 1404 ἄρθρου,
350 1361 448 1396 διότι
455 1363 503 1399 δὲν
528 1366 601 1400 εἶναι
622 1372 710 1410 ἄλλο,
749 1373 815 1415 εἰμὴ
849 1376 926 1407 αὐτὴ
955 1381 979 1411 ἡ
991 1376 1156 1419 σποραδικὴ
1177 1384 1231 1411 καὶ

141 1413 347 1446 ἀκανονίστως
379 1417 523 1456 γινομένη
562 1417 744 1461 συνάθροισις
784 1424 819 1461 νὰ
839 1423 959 1464 γίνηται
981 1422 1156 1467 περιοδικῶς
1177 1432 1224 1459 καὶ

141 1458 211 1499 πρός
233 1471 300 1490 τινα
324 1464 443 1501 μᾶλλον
464 1466 628 1505 ὡρισμένον
649 1469 781 1502 σκοπόν.
798 1472 862 1500 «Οἱ
881 1469 1051 1520 Ἕλληνες
1069 1477 1173 1518 ἔχουσι
1193 1482 1232 1517 τὸ

139 1506 299 1549 δικαίωμα
333 1510 395 1538 τοῦ
408 1513 677 1553 συνεταιρίζεσθαι
696 1517 768 1549 ἄνευ
788 1519 1026 1560 προηγουμένης
1042 1524 1151 1559 ἀδείας
1171 1532 1231 1564 τῆς

142 1555 402 1596 Κυβερνήσεως»,
424 1559 567 1599 ἐνταῦθα,
590 1564 705 1603 Κύριοι,
727 1565 810 1595 ἄλλα
829 1577 860 1595 τε
878 1569 952 1607 μέλη
978 1575 1027 1604 τῆς
1051 1573 1236 1614 ἐπιτροπῆς,

139 1603 190 1629 καὶ
212 1603 271 1645 ἐγὼ
291 1610 509 1645 συμφωνοῦμεν
531 1610 565 1637 νὰ
585 1611 731 1651 προστεθῇ
752 1615 765 1645 ἡ
789 1613 945 1653 προσθήκη
958 1618 1010 1649 τὴν
1032 1620 1135 1649 ὁποίαν
1158 1623 1222 1656 ὑπέ-

138 1646 236 1679 βαλον
255 1652 322 1692 ὑμῖν
346 1650 402 1686 ἤδη
429 1650 478 1683 διὰ
505 1661 560 1686 τοῦ
581 1662 627 1690 Κ.
641 1655 792 1700 Προέδρου,
819 1658 937 1700 δηλαδὴ
954 1668 1032 1706 μετὰ
1057 1669 1107 1701 τὰς
1129 1665 1225 1706 λέξεις

141 1703 218 1726 «τοῦ
233 1701 527 1742 συνεταιρίζεσθαι»
545 1707 586 1736 νὰ
601 1707 791 1748 προστεθῶσι
801 1710 847 1747 τὰ
854 1700 923 1754 ἑξῆς
922 1715 1073 1763 «φανερὰ
1075 1719 1128 1751 καὶ
1137 1721 1222 1749 ἀνω-

135 1747 234 1788 μοτὶ»
260 1749 415 1782 τουτέστιν
438 1752 507 1784 ἄνευ
530 1754 616 1794 ὅρκου
637 1756 729 1794 τινός,
753 1758 787 1789 τὸ
809 1754 848 1787 δὲ
863 1762 965 1791 λοιπὸν
985 1763 1083 1804 ἄρθρον
1106 1767 1139 1794 νὰ
1159 1767 1218 1806 μεί-

135 1806 166 1835 νῃ
189 1796 227 1828 ὡς
249 1798 277 1827 ἐν
300 1803 344 1835 τῷ
365 1794 506 1844 σχεδίῳ·
516 1800 616 1833 «ἄνευ
640 1807 874 1848 προηγουμένης
897 1810 1001 1845 ἀδείας
1019 1817 1068 1852 τῆς
1092 1815 1217 1856 Κυβερ-

133 1845 248 1881 νήσεως
272 1847 349 1886 πρὸς
367 1847 473 1879 πάντα
498 1853 615 1880 σκοπὸν
651 1855 712 1884 ὑπὸ
733 1860 784 1884 τοῦ
801 1857 897 1898 νόμου
920 1858 971 1899 μὴ
988 1864 1222 1904 ἀπαγορευόμε-

130 1893 231 1931 νον».
253 1897 313 1921 Ποῦ
338 1895 443 1925 λοιπόν,
469 1902 517 1930 Κ.
532 1900 686 1940 Καλλιγᾶ,
707 1900 836 1935 βλέπετε
858 1904 910 1937 ὅτι
924 1903 1049 1936 δύναται
1067 1911 1099 1939 νὰ
1119 1907 1220 1944 κινδυ-

132 1941 220 1979 νεύσῃ
241 1942 260 1972 ἡ
283 1944 428 1977 πολιτεία
446 1947 479 1976 ἐκ
505 1952 559 1975 τοῦ
583 1947 686 1989 ἄρθρου
710 1951 850 1991 τούτου;
864 1950 941 1987 διότι
962 1952 1087 1990 βεβαίως
1108 1961 1213 1993 σκοπὸς

130 1989 173 2025 μὴ
193 1989 455 2030 ἀπαγορευόμενος
480 1995 537 2025 ὑπὸ
559 2001 612 2028 τοῦ
634 1999 725 2037 νόμου
752 1996 797 2035 δὲν
816 2000 890 2036 εἶναί
907 2015 981 2032 ποτε
1013 2004 1034 2037 ὁ
1051 2009 1119 2046 πρὸς
1142 2010 1214 2036 ἀνα-

128 2039 243 2074 τροπὴν
285 2044 338 2067 τοῦ
371 2049 625 2084 συνταγματικοῦ
659 2049 894 2089 πολιτεύματος,
932 2053 982 2081 καὶ
999 2054 1058 2082 τῶν
1071 2046 1128 2092 δι’
1122 2059 1212 2083 αὐτοῦ

128 2079 387 2127 ἐγκαθιδρυμένων
407 2091 527 2129 ἀρχῶν.
543 2091 595 2126 Δὲν
619 2094 754 2134 ὑπάρχει
769 2096 875 2135 λοιπὸν
897 2101 909 2128 ὁ
932 2095 1075 2140 κίνδυνος,
1098 2105 1167 2145 πρὸς
1183 2106 1210 2133 ὃν

129 2125 276 2167 δειλιᾶτε,
307 2131 387 2167 διότι
410 2137 534 2171 πάντως
555 2146 692 2176 τοιοῦτος
717 2144 824 2175 σκοπὸς
846 2146 1061 2189 ἀπαγορεύεται
1081 2152 1138 2180 ὑπὸ
1162 2158 1211 2181 τοῦ

128 2179 255 2220 Νόμου.
267 2178 356 2212 Ἀλλὰ
377 2183 413 2213 τὸ
437 2186 473 2213 νὰ
493 2183 669 2228 ἐξαρτῶμαι
697 2192 764 2228 ἀπὸ
789 2196 843 2229 τῆς
872 2195 1057 2236 αὐθαιρεσίας
1076 2203 1127 2232 τῆς
1150 2206 1216 2231 Κυ-

124 2222 304 2268 βερνήσεως,
325 2232 375 2260 καὶ
398 2232 432 2261 νὰ
452 2235 494 2274 μὴ
518 2231 660 2279 δύναμαι
676 2238 744 2272 ἄνευ
767 2239 822 2275 τῆς
839 2238 937 2276 ἀδείας
958 2248 1049 2281 αὐτῆς
1077 2248 1110 2277 νὰ
1129 2261 1217 2282 συνε-

125 2277 267 2316 ταιρισθῶ
291 2275 339 2311 διὰ
362 2279 396 2310 νὰ
420 2281 535 2323 σκεφθῶ
576 2288 661 2323 μετὰ
686 2291 753 2323 τῶν
770 2291 1010 2331 ὁμοφρονούντων
1024 2294 1086 2336 μοι,
1107 2297 1206 2330 ποίους

110 2320 196 2382 φέρ’
190 2327 283 2358 εἰπεῖν
304 2330 340 2357 νὰ
363 2324 572 2374 ὑποδείξωμεν
599 2331 775 2379 βουλευτάς,
810 2339 934 2377 ἐννοεῖτε
955 2339 1057 2373 ὁποίαν
1081 2339 1206 2386 δύναμιν

122 2373 278 2417 ἀφαιρεῖτε
300 2379 360 2410 ἀπὸ
385 2380 447 2407 τῶν
469 2380 621 2422 πολιτῶν,
646 2384 748 2422 ὁποῖον
777 2382 803 2416 δ’
807 2388 895 2426 ὄγκον
916 2393 1013 2433 ἰσχύος
1031 2393 1206 2434 προσθέτετε

120 2423 160 2455 εἰς
194 2426 247 2454 τὴν
267 2421 416 2467 ἐξουσίαν,
455 2430 510 2465 τὴν
522 2432 619 2469 φύσει
639 2435 706 2473 πρὸ
722 2428 781 2475 τὸ
787 2432 963 2483 αὐθαίρετον
975 2434 1215 2492 ἀποκλίνουσαν,

118 2471 171 2499 καὶ
188 2472 330 2512 μάλιστα
350 2473 420 2516 παρ’
426 2482 507 2519 ἡμῖν,
544 2482 618 2510 ὅπου
638 2475 841 2524 ἐπεκράτησεν
871 2482 895 2522 ἡ
907 2485 990 2522 κακὴ
1004 2483 1074 2524 ἕξις
1078 2485 1130 2528 νὰ
1132 2488 1212 2526 ὑπο-

118 2514 240 2562 δεικνύῃ
263 2521 280 2556 ἡ
301 2517 421 2560 ἐξουσία
441 2526 628 2570 ὑποψηφίους
651 2528 816 2569 βουλευτὰς
835 2538 874 2569 εἰς
896 2541 961 2571 τοὺς
984 2542 1149 2589 ἐκλογεῖς;
1159 2545 1204 2571 Νὰ

117 2569 158 2608 μὴ
176 2569 295 2611 ἔχωμεν
318 2570 428 2610 λοιπὸν
450 2576 486 2606 τὸ
507 2573 664 2618 δικαίωμα
687 2582 723 2612 νὰ
742 2577 944 2625 ὑποδείξωμεν
964 2590 1014 2623 καὶ
1034 2592 1112 2630 ἡμεῖς
1129 2591 1203 2627 ἐκεί-

117 2625 196 2650 νους,
216 2621 243 2647 οἱ
263 2622 385 2661 ὁποῖοι,
497 2629 553 2658 τὴν
573 2629 717 2670 ἡμετέραν
729 2634 846 2671 κρίσιν,
864 2635 936 2665 εἰσὶν
953 2637 1024 2677 ὑπὲρ
1038 2637 1108 2673 τοὺς
1130 2641 1206 2675 ὑπο-
386 2622 496 2663 κατά

115 2661 240 2704 ψηφίους
276 2668 328 2704 τῆς
364 2666 501 2707 ἐξουσίας
539 2671 618 2709 ἄξιοι
644 2680 693 2712 τῆς
716 2680 939 2719 ἐμπιστοσύνης
965 2686 1016 2714 τοῦ
1040 2687 1152 2733 λαοῦ;
1181 2685 1200 2718 Ὁ

114 2719 256 2749 τοιοῦτος
274 2718 387 2754 σκοπὸς
408 2719 529 2757 πάντως
566 2719 614 2755 δὲν
635 2724 707 2757 εἶναι
733 2730 975 2771 ἀπηγορευμένος
1005 2736 1061 2764 ὑπὸ
1082 2739 1135 2771 τοῦ
1156 2738 1204 2768 νό-

113 2772 183 2803 μου,
204 2762 264 2797 οὐδ’
270 2764 438 2804 ἀντιβαίνει
466 2773 506 2807 εἰς
534 2773 569 2806 τὸ
590 2775 762 2817 Σύνταγμα,
789 2778 963 2815 ἀντίκειται
997 2784 1077 2820 ὅμως
1098 2789 1149 2817 εἰς
1161 2788 1198 2816 τὰ

114 2810 312 2854 συμφέροντα
317 2814 384 2853 τῆς
395 2812 545 2861 ἐξουσίας,
568 2823 660 2859 τοῦτο
684 2823 716 2857 δὲ
735 2829 784 2860 καὶ
807 2827 894 2867 μόνον
918 2830 1000 2870 ἀρκεῖ
1017 2830 1052 2863 ἂν
1074 2835 1114 2872 μὴ
1132 2831 1197 2869 ἐξα-

112 2862 280 2898 σφαλίσητε
304 2864 341 2894 τὸ
361 2860 531 2908 δικαίωμα
559 2870 648 2912 τοῦτο
683 2870 734 2906 διὰ
748 2878 813 2913 τοῦ
826 2869 1050 2920 Συντάγματος,
1089 2884 1124 2917 νὰ
1147 2889 1197 2917 σᾶς

111 2908 148 2952 τὸ
165 2910 271 2951 ἀρνηθῇ
295 2915 343 2943 καὶ
367 2917 406 2949 εἰς
433 2917 468 2945 τὸ
488 2918 603 2959 μέλλον
633 2919 650 2957 ἡ
675 2919 813 2963 ἐξουσία.
846 2927 917 2964 Καί,
938 2928 1023 2969 Κύριε
1042 2929 1196 2976 Καλλιγᾶ,

111 2952 252 2998 νομίζετε
290 2955 358 3003 ὅτι,
383 2959 434 2997 δὲν
455 2961 513 3001 ἦτο
524 2971 754 3015 προτιμότερον
792 2976 856 3012 ἀντὶ
895 2977 930 3015 νὰ
949 2978 1138 3020 περιέρχησθε
1157 2984 1193 3012 τὰ

108 3008 221 3048 χωρία
238 3008 310 3048 καὶ
307 3008 358 3043 νὰ
358 3008 554 3058 σκορπίζητε
571 3018 602 3059 ἐν
620 3017 742 3072 αὐτοῖς,
755 3015 803 3070 ὥς
799 3024 847 3062 τις
860 3025 986 3067 ἔμπορος
986 3025 1196 3074 ὀρβιετάνης,

105 3055 160 3087 τὰς
171 3053 380 3103 προκηρύξεις
389 3065 466 3102 σας,
471 3063 519 3103 τὸ
524 3066 575 3106 νὰ
577 3067 727 3109 ἔρχηται
741 3073 797 3113 μία
820 3074 944 3114 ἑταιρία
947 3065 1116 3123 ἐκλογική,
1125 3075 1196 3125 ἥτις

93 3096 149 3148 νὰ
149 3097 315 3152 ὑποδείξῃ
319 3106 405 3152 ὑμᾶς
415 3104 616 3154 ὑποψήφιον,
627 3112 669 3152 ὡς
677 3122 738 3154 τῆς
754 3120 915 3164 ἐλευθερίας
937 3121 1136 3169 λιγύφθογγον
1159 3131 1198 3172 ἀ-

94 3153 257 3203 γορητήν;
260 3150 322 3195 δὲν
332 3154 497 3200 νομίζετε,
506 3163 614 3206 λέγω,
631 3165 733 3205 τοῦτο
749 3169 974 3214 προτιμότερον
1002 3174 1058 3204 καὶ
1065 3181 1197 3216 κανονι-

103 3199 234 3243 κώτερον
256 3200 360 3260 μέσον
389 3203 480 3264 πρὸς
502 3212 724 3261 καταστροφὴν
760 3221 810 3262 τοῦ
830 3216 1040 3264 διεφθαρμένου
1071 3225 1189 3262 ἐκείνου

127 20 1240 270 ΕΠΙΣΗΜΟΣ
1256 83 2340 296 ΕΦΗΜΕΡΙΣ

1132 238 1376 320 ΤΗΣ

636 324 1879 523 ΣΥΝΕΛΕΥΣΕΩΣ

1253 1238 1446 1276 συστήματος
1471 1244 1527 1267 τῶν
1551 1242 1732 1284 ὑπουργικῶν
1772 1246 1953 1291 ὑποψηφίων,
1979 1255 2029 1282 καὶ
2053 1260 2104 1290 τῆς
2123 1265 2266 1302 συναφοῦς
2287 1263 2323 1302 μὲ

1252 1288 1343 1311 τοῦτο
1363 1289 1480 1320 πολλῆς
1502 1289 1548 1317 καὶ
1567 1292 1699 1327 ποικίλης
1737 1289 1892 1339 διαφθορᾶς
1924 1301 2049 1341 ἐκείνης,
2084 1306 2147 1340 ἥτις
2171 1307 2263 1341 ὤθησε
2289 1312 2321 1338 τὸ

1250 1331 1329 1364 ἔθνος
1347 1336 1383 1367 εἰς
1398 1332 1580 1370 ἐπανάστασιν
1595 1341 1644 1369 καὶ
1668 1343 1701 1370 τὸ
1720 1343 1801 1386 ἔφερε
1819 1349 1899 1388 παρὰ
1920 1351 1953 1379 τὸ
1976 1353 2078 1389 χεῖλος
2099 1358 2151 1390 τῆς
2174 1352 2329 1413 ἀβύσσου;

1299 1381 1390 1415 Τέλος,
1412 1384 1520 1424 Κύριοι,
1543 1382 1593 1417 διὰ
1613 1390 1662 1422 τῆς
1683 1394 1857 1428 τελευταίας
1880 1390 2048 1435 διατάξεως
2068 1405 2119 1433 τοῦ
2146 1404 2187 1434 11
2214 1406 2314 1456 ἄρθρου

1249 1427 1371 1471 θέλομεν
1391 1432 1423 1459 νὰ
1446 1430 1571 1476 θέσωμεν
1589 1437 1638 1465 τὸν
1654 1439 1875 1483 συνεταιρισμὸν
1894 1447 1950 1476 ὑπὸ
1973 1446 2024 1479 τὴν
2044 1454 2229 1491 προστασίαν
2246 1457 2332 1484 ἐκεί-

1249 1488 1295 1508 νης
1321 1482 1372 1513 τῆς
1395 1482 1495 1522 ἀρχῆς,
1521 1484 1571 1516 τὴν
1590 1486 1692 1515 ὁποίαν
1708 1490 1756 1517 καὶ
1772 1490 1893 1529 προχθὲς
1914 1495 2119 1538 ἀνεγράψαμεν
2140 1500 2168 1529 ἐν
2190 1500 2283 1545 ἄρθρῳ
2298 1500 2330 1532 5

1249 1526 1284 1557 ὡς
1308 1528 1360 1558 τὴν
1383 1528 1510 1559 εὐσταθῆ
1525 1531 1710 1573 προστάτιδα
1728 1541 1787 1566 τῶν
1800 1540 1966 1582 ἐλευθεριῶν
1983 1549 2036 1574 τοῦ
2053 1547 2202 1586 πολίτου.
2208 1552 2258 1581 Δὲν
2274 1549 2316 1581 θέ-

1247 1574 1335 1613 λομεν
1356 1577 1372 1605 ἡ
1391 1571 1507 1607 ἐξουσία
1527 1582 1550 1617 ἡ
1556 1581 1743 1617 ἐκτελεστική,
1760 1586 1843 1623 ἥτις,
1851 1588 1997 1629 εἰθισμένη
2015 1595 2050 1623 νὰ
2064 1600 2191 1627 ποιῆται
2212 1594 2314 1639 χρῆσιν

1246 1624 1306 1649 τῶν
1327 1624 1438 1653 ὑλικῶν
1454 1625 1561 1665 μέσων,
1575 1631 1704 1664 σπανίως
1724 1630 1796 1663 θέλει
1816 1635 1970 1672 ἀντιτάξει
1984 1638 2088 1675 ἠθικὰς
2103 1640 2242 1684 δυνάμεις
2262 1656 2325 1684 κα-

1245 1670 1283 1696 τὰ
1308 1674 1362 1703 τῆς
1382 1673 1457 1705 ὅλως
1481 1671 1574 1708 ἠθικῆς
1591 1671 1734 1720 δυνάμεως
1754 1685 1804 1716 τῆς
1819 1678 1906 1721 ἰδέας,
1922 1682 1971 1714 δὲν
1990 1687 2111 1730 θέλομεν
2128 1694 2203 1725 αὕτη
2215 1695 2248 1723 νὰ
2271 1691 2332 1729 δε-

1243 1718 1348 1757 σμεύῃ
1356 1707 1457 1766 ἡμᾶς,
1449 1712 1586 1767 θέλομεν
1595 1727 1632 1757 εἰς
1655 1726 1704 1758 τὴν
1724 1727 1824 1766 ἠθικὴν
1839 1727 1961 1775 δύναμιν
1982 1734 2066 1770 ἠθικὴ
2085 1740 2162 1772 ἄλλη
2187 1740 2210 1771 ν’
2231 1745 2326 1785 ἀντιτάττηται

1242 1765 1399 1798 τάττηται
1422 1763 1560 1811 δύναμις·
1574 1775 1588 1806 ἡ
1612 1772 1638 1801 δ’
1642 1773 1722 1810 ἠθικὴ
1746 1779 1823 1810 αὕτη
1843 1774 1965 1821 δύναμις
1981 1787 2038 1814 εἰσὶ
2063 1787 2101 1817 τὰ
2124 1782 2327 1832 δικαστήρια.

1281 1811 1427 1854 ΤΙΝΕΣ.
1451 1817 1572 1859 Ἀρκετά,
1598 1824 1682 1860 Kύριε
1707 1828 1882 1866 Σαρίπολε.

1290 1869 1457 1901 ΠΟΛΛΟΙ.
1474 1863 1542 1907 Ὄχι,
1563 1869 1609 1911 ὄχι
1633 1867 1889 1907 ἐξακολουθήσατε
1918 1885 1969 1910 K.
1982 1884 2156 1923 Σαρίπολε.

1290 1918 1510 1950 ΠΡΟΕΔΡΟΣ.
1519 1912 1655 1955 Ἀφήσατε
1683 1922 1734 1951 τὸν
1770 1928 1816 1955 K.
1829 1928 1989 1967 Σαρίπολον
2011 1932 2046 1959 νὰ
2068 1935 2240 1975 συμπεράνῃ
2262 1932 2308 1966 δὲν

1239 1960 1366 2001 ἠμπορῶ
1387 1964 1422 1996 νὰ
1442 1958 1574 2004 διακόψῳ
1585 1967 1642 1998 τὴν
1664 1971 1813 2011 ἀγόρευσίν
1837 1985 1887 2003 του
1907 1977 1934 2006 ἐν
1955 1981 1999 2025 τῷ
2020 1980 2118 2019 μέσῳ.

1286 2013 1523 2051 ΣΑΡΙΠΟΛΟΣ.
1544 2015 1648 2054 Εἴχετε
1685 2019 1739 2050 τὴν
1771 2021 1919 2061 ὑπομονὴν
1959 2024 1980 2052 ν’
2000 2028 2151 2059 ἀκούσητε
2191 2036 2245 2061 τοῦ
2270 2038 2318 2064 Κ.

1238 2060 1384 2098 Καλλιγᾶ
1422 2061 1471 2090 ἐπὶ
1496 2062 1510 2089 1
1535 2065 1581 2093 καὶ
1608 2064 1660 2107 ½
1682 2066 1754 2107 ὥραν
1777 2070 1826 2101 καὶ
1847 2065 1895 2099 δὲν
1914 2071 2006 2112 ἔχετε
2024 2076 2076 2108 τὴν
2100 2078 2250 2117 ὑπομονὴν
2272 2085 2314 2120 νὰ

1237 2105 1388 2137 ἀκούσητε
1408 2110 1462 2138 καὶ
1484 2111 1553 2149 ἐμοῦ
1576 2113 1623 2141 ἐπὶ
1649 2114 1784 2152 ἡμίσειαν
1802 2116 1914 2158 μόνον;
1952 2118 2081 2158 Βεβαίως
2103 2119 2152 2155 δὲν
2172 2126 2234 2169 ἔχω
2254 2130 2305 2157 τὴν

1235 2154 1431 2190 ματαιότητα
1452 2158 1484 2197 νὰ
1509 2154 1646 2190 διδάσκω
1666 2163 1725 2192 ἀπὸ
1748 2165 1799 2192 τοῦ
1822 2161 1957 2206 βήματος
1984 2172 2091 2204 τούτου
2115 2175 2150 2202 τὸ
2176 2187 2316 2218 συνταγ-

1234 2203 1364 2240 ματικὸν
1401 2200 1539 2251 δίκαιον,
1568 2205 1632 2239 οὐδὲ
1672 2211 1725 2243 τὴν
1760 2214 1876 2257 μωρίαν
1904 2218 1939 2246 νὰ
1963 2218 2214 2262 ἐπαναλαμβάνω
2251 2223 2312 2253 ἀπ’

1233 2252 1327 2280 αὐτοῦ
1347 2253 1384 2281 τὸ
1405 2256 1600 2297 σύγγραμμά
1607 2270 1671 2298 μου,
1706 2258 1790 2289 ἀλλ’
1803 2263 1861 2302 ἔχω
1882 2264 1936 2299 τὴν
1960 2262 2125 2309 ἀδυναμίαν
2161 2273 2194 2300 νὰ
2217 2274 2300 2301 ἀντι-

1232 2301 1328 2340 κρούω
1365 2302 1401 2332 τὰ
1426 2305 1606 2345 σοφίσματα
1622 2313 1680 2337 τῶν
1702 2307 1862 2351 ἀνθρώπων
1897 2308 1946 2342 διὰ
1968 2318 2020 2350 τῆς
2044 2318 2214 2359 ἐπιστήμης
2253 2323 2302 2353 καὶ

1233 2353 1285 2377 τοῦ
1308 2348 1390 2389 ὀρθοῦ
1414 2351 1522 2396 λόγου.

1281 2399 1334 2425 Διὰ
1354 2394 1528 2435 δικαστικῆς
1548 2404 1653 2432 λοιπὸν
1677 2407 1852 2446 ἀποφάσεως
1872 2410 1957 2452 μόνον
1980 2409 2108 2443 δύναται
2131 2416 2165 2444 νὰ
2181 2411 2303 2450 διαλυθῇ

1230 2450 1455 2489 συνεταιρισμός
1478 2463 1533 2490 τις,
1555 2455 1634 2490 κατὰ
1652 2455 1704 2486 τὴν
1729 2456 1848 2496 γνώμην
1879 2464 1929 2492 τῆς
1953 2461 2114 2503 ἐπιτροπῆς
2138 2467 2242 2506 ὑμῶν.

1279 2501 1510 2539 Συγκεφαλαιῶν
1532 2502 1631 2532 λοιπόν,
1653 2504 1753 2544 Κύριοι
1778 2503 1998 2549 Πληρεξούσιοι,
2020 2514 2165 2554 προτείνω
2187 2515 2252 2556 ὑμῖν
2273 2514 2301 2550 ἐξ

1228 2544 1376 2586 ὀνόματος
1397 2551 1445 2581 τῆς
1467 2549 1694 2590 πλειονοψηφίας
1732 2557 1782 2588 τῆς
1801 2556 1969 2598 ἐπιτροπῆς,
1992 2559 2023 2596 ἧς
2050 2561 2113 2602 ἔχω
2137 2565 2191 2594 τὴν
2212 2566 2301 2606 τιμὴν

1228 2594 1261 2622 νὰ
1282 2591 1304 2621 ᾦ
1328 2596 1342 2622 ὁ
1364 2597 1534 2638 εἰσηγητής,
1555 2600 1632 2634 ὅπως
1650 2599 1846 2641 ἐπιψηφίσητε
1888 2607 1925 2640 ὡς
1948 2608 2067 2647 ἔχουσιν
2105 2613 2132 2641 ἐν
2159 2617 2210 2655 τῷ
2229 2622 2308 2655 σχε-

1227 2637 1281 2682 δίῳ
1307 2643 1344 2679 τὰ
1371 2643 1455 2686 ἄρθρα
1482 2646 1522 2676 10
1542 2650 1592 2678 καὶ
1615 2650 1670 2689 11,
1688 2653 1729 2690 μὴ
1752 2653 1912 2693 στερήσητε
1935 2658 1987 2687 τὴν
2005 2659 2106 2701 χώραν
2133 2658 2162 2692 ἧς
2185 2663 2252 2691 ἔστε
2272 2659 2307 2692 οἱ

1227 2689 1463 2733 ἀντιπρόσωποι,
1487 2697 1527 2735 μὴ
1549 2697 1711 2738 στερήσητε
1727 2701 1817 2736 αὐτὴν
1846 2707 1896 2738 τῆς
1918 2704 1989 2740 ὅλης
2010 2707 2203 2749 ἐλευθερίας·
2210 2712 2225 2741 ἡ
2239 2722 2311 2743 πα-

1223 2740 1287 2781 τρὶς
1312 2743 1364 2780 τῆς
1386 2742 1547 2782 ἐλευθερίας
1568 2741 1737 2779 δικαιοῦται
1778 2746 1800 2778 ν’
1823 2749 1968 2793 ἀναλάβῃ
1978 2757 2075 2798 πλήρη
2116 2758 2166 2784 καὶ
2190 2758 2294 2799 ἀρτίαν

1224 2789 1281 2822 τὴν
1302 2791 1507 2830 πεφιλημένην
1530 2797 1618 2830 αὐτῆς
1639 2794 1814 2839 θυγατέρα·
1827 2799 1878 2831 τὴν
1900 2807 1964 2842 γῆν,
1987 2805 2050 2837 ἥτις
2075 2799 2219 2837 ἐδοξάσθη
2245 2802 2294 2836 διὰ

1224 2841 1274 2870 τῆς
1292 2837 1468 2880 ἐλευθερίας,
1492 2841 1553 2877 ἥτις
1575 2843 1631 2873 ὑπὸ
1648 2850 1699 2875 τοῦ
1719 2845 1810 2877 πόθου
1848 2854 1898 2883 τῆς
1927 2851 2084 2894 ἐλευθερίας
2125 2854 2303 2903 φλεγομένη

1223 2885 1378 2929 συνέτριψε
1401 2892 1449 2925 καὶ
1474 2895 1529 2919 τῶν
1552 2893 1696 2933 τυράννων
1720 2896 1776 2930 τὰς
1798 2897 1927 2938 ἁλύσεις,
1964 2901 2013 2929 καὶ
2043 2901 2081 2932 τὰ
2101 2895 2200 2942 δεσμὰ
2243 2910 2293 2939 τῆς

1216 2929 1366 2974 διανοίας,
1385 2938 1424 2979 μὴ
1447 2939 1606 2977 στερήσητε
1627 2942 1749 2979 ἀνοσίως
1771 2944 1823 2975 τοῦ
1843 2947 1931 2987 μέσου
1949 2943 1989 2978 δι’
1992 2944 2025 2977 οὗ
2040 2949 2059 2981 ἡ
2081 2944 2201 2983 διάνοια
2223 2949 2307 2989 δια-

1221 2979 1340 3013 δίδεται
1362 2987 1420 3018 καὶ
1445 2990 1639 3030 μεγαλύνεται
1660 2994 1673 3022 ὁ
1695 2991 1875 3031 ἄνθρωπος·
1880 2996 1915 3026 τὸ
1934 2991 2087 3039 δικαίωμα
2111 3004 2164 3029 τοῦ
2183 3002 2307 3034 ἐλευθέ-

1215 3044 1269 3071 ρως
1293 3035 1482 3077 συνέρχεσθαι
1508 3039 1557 3068 καὶ
1581 3038 1834 3085 συνεταιρίζεσθαι
1868 3042 1940 3072 εἶναι
1965 3046 2039 3080 αὐτὴ
2061 3051 2114 3077 τοῦ
2136 3049 2290 3093 ἀνθρώπου

1214 3085 1235 3115 ἡ
1242 3084 1472 3119 κοινωνικότης.
1498 3083 1726 3131 Ἀναλογίσθητε,
1743 3093 1792 3121 ὅτι
1812 3093 1834 3120 εἰ
1847 3090 1888 3131 μὴ
1908 3092 2107 3136 ἐπετρέπετο
2128 3103 2210 3131 κατὰ
2226 3103 2292 3136 τοὺς

1213 3133 1338 3173 χρόνους
1359 3133 1416 3166 τοῦ
1434 3134 1541 3180 Κυρίου
1564 3140 1644 3180 ἡμῶν
1667 3134 1752 3178 Ἰησοῦ
1780 3144 1910 3181 Χριστοῦ
1934 3143 1948 3179 ὁ
1972 3150 2200 3189 συνεταιρισμὸς
2240 3154 2289 3181 καὶ

1215 3182 1242 3207 αἱ
1259 3180 1462 3222 συναθροίσεις,
1477 3184 1543 3220 οὔτε
1562 3185 1580 3218 ὁ
1597 3188 1817 3228 συνεταιρισμὸς
1838 3193 1897 3221 τῶν
1913 3192 2093 3226 ἀποστόλων
2117 3197 2201 3230 ἤθελε
2220 3211 2289 3243 μορ-

1213 3227 1306 3270 φωθῆ,
1326 3231 1396 3268 οὔτε
1417 3233 1445 3270 αἱ
1469 3232 1657 3277 συναθροίσεις
1698 3238 1752 3266 τοῦ
1765 3237 1842 3271 λαοῦ
1871 3238 1969 3274 ἤθελον
1991 3245 2183 3290 συνάγεσθαι,
2208 3250 2287 3282 ὅπως
