2496 3500
100 296 154 324 τοῦ
174 292 378 336 φρονήματος
380 285 437 328 καὶ
455 291 507 321 τῆς
529 290 781 324 καταπνηκτικῆς
802 284 998 327 αὐθαιρεσίας,
1035 282 1179 327 σκέφθητε

101 343 150 372 ἐπὶ
174 346 211 382 τῇ
236 339 329 374 βάσει
346 343 397 372 τῆς
417 339 551 376 λογικῆς.
596 329 707 371 Ἐπειδὴ
741 338 790 366 καὶ
824 337 914 365 αὐτοῦ
938 337 991 364 τοῦ
1017 329 1123 364 δούλου
1145 334 1181 363 τὸ

101 396 223 434 φρονεῖν,
248 390 317 429 ὅπερ
332 389 387 419 καὶ
402 385 440 424 τὸ
452 383 603 428 βέλτισον
613 389 665 422 τῆς
679 383 777 428 ψυχῆς
786 384 886 427 μέρος,
903 379 1051 415 οὐδέποτε
1065 384 1099 414 νὰ
1116 377 1185 414 δου-

100 438 180 487 λωθῇ
200 440 358 472 παντελῶς
376 430 514 474 δύναται,
538 433 620 477 μένει
642 431 670 464 δ’
687 431 848 473 αὐτόδικον
867 435 918 465 καὶ
936 432 1090 473 ἐλεύθερον,
1115 432 1179 461 ἕπε-

100 490 157 517 ται
184 488 232 516 ὅτι
269 480 345 517 τότε
358 480 554 525 ἐξεγείρεται
590 481 752 524 ἀτίθασσος
767 484 876 522 κατὰ
888 484 939 512 τοῦ
961 481 1181 525 χειρωσαμένου

101 538 203 576 αὐτόν,
233 537 305 565 ὅταν
342 529 391 565 δὲν
411 528 542 564 δύναται
566 529 719 571 ἐλευθέρως
748 533 781 563 νὰ
802 527 962 570 ἐκδηλώσῃ
994 532 1028 561 τὸ
1049 529 1181 570 φρόνημά

100 597 166 622 του,
201 585 277 614 ὅταν
300 582 379 625 ὅμως
412 582 546 620 ἕκαστος
579 581 710 615 δύναται
739 582 772 612 νὰ
793 581 894 623 ἐκφέρῃ
919 581 955 615 τὸ
976 580 1114 622 φρόνημά
1119 591 1181 608 του

100 637 143 668 εἰς
162 634 195 663 τὸ
219 634 353 674 φανερόν,
387 628 472 665 οὐδὲν
508 627 723 668 βυσσοδομεύει
759 632 786 660 ἐν
807 632 903 666 ἑαυτῷ
926 630 1028 668 κακόν,
1055 629 1135 660 ὅταν
1151 624 1182 657 δὲ

100 678 273 712 τοὐναντίον
307 676 508 714 ὁπωσδήποτε
530 677 680 714 κωλύεται
705 682 738 711 νὰ
759 678 888 720 ἐκφράσῃ
912 678 945 712 τὸ
967 678 1099 721 φρόνημά
1120 688 1182 716 του,

101 727 310 772 ἀναγκάζεται
343 727 367 760 ν’
389 728 568 772 ἀντισταθῇ,
593 724 673 762 διότι
694 731 820 768 φυσικὸν
840 727 914 762 εἶναι
935 727 973 762 εἰς
999 728 1047 760 τὸν
1072 726 1180 765 ἄνθρω-

99 791 154 813 πον
178 777 200 809 ν’
216 778 396 812 ἀνθίσταται
429 780 513 811 κατὰ
545 779 657 814 παντὸς
679 778 825 812 τείνοντος
847 779 882 810 νὰ
904 777 1093 818 καταστείλῃ
1111 777 1183 807 ταύ-

99 841 153 864 την
172 827 188 862 ἢ
212 829 324 861 ἐκείνην
345 834 406 858 τῶν
426 823 583 870 δυνάμεών
602 839 673 863 του.
690 825 784 867 (εὖγε
800 824 904 864 εὖγε).

148 879 241 908 Κατὰ
261 879 314 908 τὴν
336 872 504 919 περιοδείαν
522 889 575 906 του
600 878 614 904 ὁ
646 877 749 918 Κύριος
950 873 1112 912 ἐπεσκέφθη
1137 871 1189 908 καὶ
766 873 938 927 Καλλιγᾶς

98 929 153 961 τὴν
178 918 349 969 Κιμβρικὴν
374 926 577 969 Χερσόνησον·
596 926 628 956 αἱ
649 924 853 964 συναθροίσεις,
889 921 980 961 εἶπεν,
1001 924 1103 965 ἔφερον
1127 925 1185 951 ἐκεῖ

99 977 150 1006 τὸν
169 973 287 1017 ὄλεθρον
308 979 362 1011 τῆς
386 976 512 1011 Δανίας.
542 968 615 1016 Ὄχι,
637 976 724 1015 Κύριε
745 977 901 1015 Καλλιγᾶ,
939 975 1019 1004 ἀλλὰ
1042 976 1091 1001 καὶ
1117 975 1193 1003 τοὐ-

99 1026 216 1059 ναντίον
253 1020 382 1054 δύναται
422 1025 563 1063 μάλιστα
598 1028 615 1058 ἡ
640 1024 725 1052 Δανία
752 1023 806 1055 τὴν
830 1024 961 1061 σήμερον
975 1024 1008 1053 νὰ
1031 1022 1103 1055 εἴπῃ
1127 1021 1186 1056 ὅ,τι

99 1071 164 1103 εἶπε
187 1074 237 1102 καὶ
268 1079 452 1112 Φραγκῖσκος
477 1075 491 1105 ὁ
519 1064 574 1111 Α´
610 1071 746 1108 ἡττηθεὶς
769 1073 825 1101 ὑπὸ
852 1070 984 1114 Καρόλου
1013 1075 1057 1103 τοῦ
1082 1071 1132 1103 Ε´
1150 1072 1185 1103 εἰς

99 1122 154 1153 τὴν
177 1122 279 1163 μάχην
297 1124 349 1155 τῆς
378 1126 502 1159 Παυίας,
518 1124 588 1150 tout
609 1124 654 1150 est
674 1119 771 1162 perdu
788 1120 853 1150 fors
872 1117 889 1149 l’
912 1119 1051 1149 honneur
1087 1118 1186 1147 ὤλετο

101 1171 135 1200 τὸ
156 1178 224 1200 πᾶν
242 1171 329 1205 πλὴν
352 1176 404 1209 τῆς
422 1174 531 1213 τιμῆς,
556 1181 605 1202 καὶ
628 1175 718 1203 τοῦτο
738 1171 814 1211 μέγα
836 1166 884 1199 διὰ
908 1174 959 1200 τὸν
981 1173 1022 1208 μὴ
1037 1175 1186 1208 ὑπολογί-

101 1216 195 1255 ζοντα
216 1220 266 1250 τὴν
278 1222 366 1259 τιμὴν
388 1221 456 1258 πρὸς
467 1220 630 1260 χρήματα!
651 1220 667 1249 ἡ
679 1220 768 1249 Δανία
784 1219 833 1247 καὶ
844 1218 1009 1251 ἡττηθεῖσα
1025 1218 1119 1246 ἔσωσε
1137 1219 1192 1249 τὴν

104 1270 196 1309 τιμήν
216 1278 282 1304 της,
321 1269 372 1300 καὶ
394 1269 448 1300 τὴν
475 1257 579 1306 ἔσωσε,
605 1262 687 1297 διότι
712 1267 760 1298 τὸν
788 1269 921 1309 πόλεμον
938 1267 1020 1298 ἤθελε
1044 1276 1076 1295 τὸ
1097 1260 1190 1294 Ἒθνος·

104 1317 183 1344 οὕτω
199 1311 231 1345 δὲ
248 1318 281 1343 τὸ
298 1315 402 1357 μικρὸν
418 1318 512 1354 ἐκεῖνο
529 1313 601 1348 ἀλλ’
606 1314 738 1357 ἀνδρεῖον
750 1308 832 1349 Ἒθνος
850 1322 909 1344 τῶν
927 1320 1036 1350 Δανῶν,
1052 1317 1089 1345 εἰς
1105 1313 1187 1343 οὐδὲν

105 1364 163 1397 τὴν
175 1364 366 1405 σμικρότητά
383 1373 436 1394 του
455 1366 524 1403 πρὸς
551 1369 598 1399 τοῦ
619 1363 727 1405 ἐχθροῦ
745 1365 778 1395 τὸ
935 1362 1145 1402 λογισάμενον,
1165 1362 1176 1390 ἔ
793 1355 924 1412 μέγεθος

103 1421 181 1453 κρινε
203 1411 294 1442 καλὸν
318 1413 351 1442 νὰ
371 1413 532 1454 πολεμήσῃ
555 1415 629 1450 πρὸς
642 1413 692 1441 τὸν
715 1412 860 1454 Γερμανὸν
880 1411 1019 1453 γίγαντα·
1038 1421 1092 1443 καὶ
1107 1414 1143 1449 τῇ
1162 1412 1192 1439 ἀ-

104 1459 210 1498 ληθείᾳ
231 1459 265 1489 ἂν
294 1459 420 1500 προῆλθε
438 1463 513 1500 τιμή
531 1472 577 1495 τις
601 1462 632 1492 ἐκ
656 1464 707 1495 τῆς
732 1459 828 1494 πάλης
841 1461 966 1498 ταύτης,
989 1466 1003 1495 ἡ
1026 1462 1098 1497 τιμὴ
1117 1458 1188 1489 εἶναι

105 1510 176 1548 πρὸς
195 1518 229 1535 τὸ
251 1507 337 1547 μέρος
361 1511 413 1539 τοῦ
436 1509 617 1540 ἡττηθέντος
641 1507 775 1543 ἀσθενοῦς
795 1509 877 1549 ἀλλὰ
897 1508 1116 1549 μεγαλόφρονος
1137 1501 1179 1537 Ἒθ

104 1566 178 1588 νους,
209 1557 226 1586 ἡ
250 1552 276 1585 δ’
292 1557 412 1596 ἀτιμία
425 1557 479 1590 ὅλη
500 1552 550 1585 διὰ
575 1557 613 1585 τὰ
629 1558 806 1589 κολοσσιαῖα
825 1557 921 1590 ἐκεῖνα
942 1554 1017 1588 ἔθνη,
1041 1558 1079 1585 τὰ
1100 1558 1190 1583 ὁποῖα

106 1598 156 1632 δὲν
185 1603 379 1643 ᾐσχύνθησαν
408 1604 443 1633 νὰ
464 1602 633 1633 ἐπιπέσωσι
656 1601 751 1643 λάβρα
782 1601 851 1637 κατ’
869 1599 975 1643 αὐτοῦ.
981 1600 1073 1643 (εὖγε,
1096 1600 1197 1649 εὖγε).

158 1648 196 1683 Ὡς
232 1651 427 1692 πομφόλυγες
462 1653 568 1682 λοιπὸν
606 1648 802 1694 διεῤῥάγησαν
829 1655 867 1684 τὰ
900 1652 959 1681 ἀπὸ
985 1654 1036 1686 τῆς
1061 1652 1190 1691 ἱστορίας

107 1699 270 1739 ἀρυσθέντα
302 1701 527 1741 ἐπιχειρήματα
562 1706 614 1729 τοῦ
638 1702 742 1740 Κυρίου
780 1702 939 1742 Καλλιγᾶ·
970 1700 1006 1732 ὡς
1029 1696 1059 1730 δὲ
1079 1701 1190 1737 εἴδετε,

109 1748 229 1787 Κύριοι,
242 1749 338 1785 μόνοις
356 1754 417 1782 τοῖς
442 1747 492 1778 ὑπ’
509 1751 602 1785 αὐτοῦ
624 1743 732 1785 δοθεῖσι
758 1745 997 1790 παραδείγμασιν
1021 1750 1190 1789 ἐχρησάμην

109 1797 186 1828 ὅλως
206 1797 345 1840 ἐναντία,
364 1799 607 1840 συμπεράσματα
626 1800 682 1830 τῶν
702 1798 814 1837 ἐκείνου
833 1793 863 1832 ἐξ
885 1800 983 1838 αὐτῶν
1004 1801 1195 1838 συναγαγών.

158 1849 228 1886 Φέρε
262 1843 300 1878 δὴ
331 1843 526 1884 ἐξετάσωμεν
564 1844 618 1882 ἤδη
655 1848 734 1876 αὐτὰ
777 1847 814 1874 τὰ
851 1845 937 1884 ἄρθρα
956 1847 1006 1878 ἵνα
1021 1845 1133 1886 ἴδωμεν
1160 1846 1198 1875 ἂν

111 1894 139 1921 ἐν
163 1898 267 1927 αὐτοῖς
292 1894 411 1935 ὑπάρχῃ
449 1895 466 1927 ὁ
489 1890 620 1927 κίνδυνος
646 1891 697 1923 τὸν
719 1896 823 1927 ὁποῖον
848 1892 985 1935 φοβεῖται
1025 1897 1039 1926 ὁ
1077 1897 1191 1934 ἔντιμος

111 1941 293 1981 συνάδελφός
313 1951 387 1982 μας,
406 1946 462 1973 καὶ
480 1942 514 1973 ἂν
532 1946 547 1975 ἡ
569 1943 788 1981 πλειονοψηφία
805 1947 866 1977 τῆς
874 1945 1034 1977 ἐπιτροπῆς
1057 1949 1107 1971 τοῦ
1125 1949 1199 1974 Συν-

110 1990 268 2029 τάγματος
293 1989 407 2025 ἀληθῶς
431 1986 478 2021 δὲν
503 1988 680 2031 ἐστάθμισεν
705 1987 832 2033 ἀκριβῶς
866 1989 962 2019 πᾶσαν
984 1987 1122 2025 διάταξιν
1149 1997 1194 2020 τοῦ

112 2036 214 2080 ἄρθρου
236 2039 288 2070 καὶ
312 2044 412 2068 πᾶσαν
433 2037 513 2079 λέξιν
537 2044 628 2074 αὐτοῦ
649 2034 696 2077 δὲν
716 2037 899 2085 ἐξωνύχισεν,
923 2041 1000 2071 ὥστε
1021 2042 1034 2071 ἡ
1049 2041 1104 2080 μὲν
1127 2045 1199 2083 χρῆ-

114 2096 156 2118 σις
177 2089 270 2117 αὐτοῦ
294 2089 326 2117 νὰ
348 2086 376 2130 ᾖ
387 2090 554 2128 ὠφέλιμος,
577 2092 593 2123 ἡ
609 2085 640 2122 δὲ
660 2087 843 2128 κατάχρησις
867 2084 1033 2121 ἀδύνατος.

163 2132 264 2169 Ἀλλά,
290 2135 403 2177 Κύριοι,
428 2138 500 2172 μίαν
523 2139 630 2176 μικρὰν
653 2139 698 2165 ἔτι
717 2134 902 2174 παρέκβασιν
924 2137 999 2168 θέλω
1020 2137 1130 2174 κάμει·
1150 2132 1195 2165 δὲν

114 2179 281 2212 ἐδίστασεν
301 2187 317 2216 ἡ
347 2184 493 2214 ἐπιτροπὴ
518 2182 542 2211 ν’
567 2183 724 2227 ἀναγράψῃ
753 2187 784 2216 τὸ
811 2181 965 2225 δικαίωμα
988 2187 1039 2217 τοῦ
1058 2186 1197 2225 συνέρχε-

114 2229 179 2260 σθαι
203 2235 250 2260 καὶ
292 2229 556 2274 συναιτερίζεσθαι,
597 2230 660 2272 οὐχὶ
683 2231 763 2269 διότι
786 2235 907 2269 εὑροῦσα
934 2234 986 2268 τὴν
1008 2228 1156 2266 διάταξιν
1173 2235 1197 2261 ἐν

114 2283 158 2317 τῷ
185 2281 390 2313 πολιτεύματι
413 2285 464 2316 τῆς
486 2283 591 2314 Δανίας
613 2281 795 2323 μετέγραψεν
814 2283 918 2323 αὐτήν,
943 2282 1020 2320 ἀλλὰ
1040 2283 1120 2320 κατὰ
1137 2283 1198 2323 μεί-

113 2323 185 2361 ζονα
202 2328 302 2367 λόγον,
324 2324 416 2362 διότι
420 2331 468 2361 καὶ
489 2332 548 2359 ἐκεῖ
563 2329 626 2372 εὗρε
645 2328 801 2368 τοιαύτην.
824 2327 996 2370 Γνωρίζετε,
1016 2332 1100 2369 Κύριε
1118 2332 1202 2364 Καλ-

113 2376 197 2417 λιγᾶ,
224 2379 276 2409 τὴν
297 2377 430 2416 ἱστορίαν
452 2384 502 2413 τῆς
518 2378 651 2419 Δανίας;
688 2377 846 2421 γνωρίζετε
865 2382 913 2410 ὅτι
928 2383 943 2412 ἡ
961 2381 1047 2410 Δανία
1065 2380 1145 2410 κατὰ
1169 2383 1199 2409 τὸ

118 2426 220 2463 1660
233 2426 327 2465 ἔκαμε
350 2426 424 2466 μίαν
447 2429 642 2466 ἐπανάστασιν;
665 2429 739 2469 πρὸς
756 2429 919 2465 ἀνάκτησιν
938 2427 1099 2468 ἐλευθερίας
1119 2429 1199 2467 ἴσως;

116 2476 193 2515 οὐχί,
224 2477 285 2503 ἀλλ
312 2477 523 2506 ἐπανάστασιν
545 2482 596 2514 τῆς
620 2476 725 2510 ὁποίας
749 2477 945 2513 ἀποτέλεσμα
965 2473 1078 2518 ὑπῆρξε
1098 2475 1130 2506 νὰ
1152 2489 1206 2509 κα-

116 2524 236 2564 ταλύσῃ
257 2524 325 2563 ὅσας
357 2526 518 2567 ἀνέγραφεν
542 2528 629 2566 αὐτῇ
638 2527 675 2562 τὸ
708 2526 803 2559 πάλαι
826 2526 997 2568 πολίτευμά
1016 2534 1066 2560 της
1088 2526 1208 2559 ἐλευθε-

117 2572 190 2612 ρίας,
211 2577 248 2603 νὰ
275 2568 365 2618 δώσῃ
383 2569 415 2606 δὲ
440 2574 491 2611 τὴν
524 2574 622 2615 πλήρη
643 2575 694 2608 καὶ
728 2572 877 2609 ἀπόλυτον
917 2571 1051 2614 ἐξουσίαν
1089 2578 1127 2610 εἰς
1149 2573 1200 2604 τὸν

116 2616 260 2662 Ἡγεμόνα
281 2632 344 2662 της,
383 2622 435 2662 καὶ
459 2626 499 2655 νὰ
527 2622 703 2664 ὑποχρεώσῃ
727 2623 817 2662 αὐτὸν
841 2625 876 2664 νὰ
909 2623 1034 2664 ὀρκισθῇ,
1070 2625 1116 2654 ὅτι
1151 2626 1199 2659 καὶ

116 2669 207 2702 αὐτὸς
231 2667 281 2700 καὶ
302 2669 328 2699 οἱ
347 2666 490 2713 διάδοχοί
505 2677 563 2711 του
586 2673 626 2709 νὰ
642 2674 683 2710 μὴ
697 2668 858 2705 δύνωνται
861 2668 905 2709 νὰ
913 2672 1125 2709 παραιτηθῶσι
1148 2680 1197 2708 τῆς

119 2717 274 2746 ἀπολύτου
299 2715 457 2753 ἐξουσίας·
472 2719 527 2751 καὶ
546 2720 627 2763 ὅμως
648 2719 749 2760 εὑρέθη
767 2722 780 2752 ὁ
803 2721 929 2760 εὐσεβῶς
950 2722 1082 2762 ἐπίορκος
1107 2728 1201 2755 Βασι-

117 2766 191 2797 λεὺς
206 2761 374 2809 Φριδερῖκος
398 2771 412 2798 ὁ
430 2766 476 2809 Ζ´.
500 2770 584 2807 ὅστις
603 2765 790 2811 παραλαβὼν
806 2766 859 2810 καὶ
878 2769 956 2810 ἔχων
973 2772 1027 2804 τὴν
1046 2771 1200 2804 ἀπόλυτον

118 2811 284 2853 ἐξουσίαν,
294 2815 454 2855 παρῃτήθη
465 2821 574 2856 αὐτῆς,
586 2815 641 2854 καὶ
657 2817 749 2850 motu
765 2816 906 2860 proprio,
923 2813 983 2858 ἰδίᾳ
1007 2822 1093 2861 ὁρμῇ,
1113 2830 1199 2860 παρε-

119 2864 237 2905 χώρησε
255 2863 320 2902 λίαν
340 2863 552 2907 φιλελεύθερον
575 2865 757 2910 πολίτευμα,
779 2864 830 2906 τὸν
845 2866 962 2910 χάρτην
974 2872 1032 2903 τῆς
1051 2868 1074 2899 5
1095 2864 1203 2901 Ἰουνίου

122 2902 228 2952 1849,
252 2909 397 2955 ἑπόμενον
418 2913 525 2947 λοιπὸν
551 2914 584 2949 ἦν
596 2914 686 2954 ὅπως
709 2920 725 2956 ἡ
740 2914 956 2958 πλειονοψηφία
978 2918 1029 2958 τῆς
1044 2920 1202 2958 ἐπιτροπῆς

121 2963 303 3005 συμφωνήσῃ
322 2964 400 3004 πρὸς
413 2964 471 3001 τὰς
490 2960 713 3007 παρατηρήσεις
731 2968 787 3008 μου
811 2964 1071 3008 προεισηγηθέντος
1095 2968 1132 2999 τὰ
1157 2966 1210 3007 ἄρ-

120 3011 169 3053 θρα
193 3013 291 3049 ταῦτα
308 3011 373 3051 καὶ
385 3011 617 3058 ἰσχυρισθέντος,
652 3011 713 3050 ὅτι
716 3010 759 3057 ἂν
774 3015 791 3052 ἡ
803 3011 914 3057 Δανία
927 3013 1011 3056 μόλις
1029 3011 1206 3058 ἐξερχομένη

114 3063 188 3100 οὐχὶ
199 3058 360 3103 χθεσινοῦ,
364 3060 449 3103 ἀλλ’
445 3064 604 3105 ἀρχαίου,
603 3055 662 3098 καὶ
665 3063 805 3104 αἰωνίου,
820 3064 876 3101 καὶ
882 3062 1090 3101 τελειοτάτου
1099 3062 1208 3099 δεσπο-

121 3114 244 3149 τισμοῦ,
264 3109 364 3150 ἐκρίθη
377 3105 453 3152 ἀξία
463 3106 627 3152 τοσαύτης
635 3108 807 3154 ἐλευθερίας,
817 3111 853 3151 ἣν
873 3107 1064 3158 ἀνεγνώριζον
1077 3116 1155 3159 αὐτῇ
1167 3116 1205 3142 τὰ

123 3155 213 3198 ἄρθρα
232 3152 292 3195 92
300 3157 363 3197 καὶ
371 3155 428 3201 93
446 3154 508 3201 τοῦ
521 3160 643 3202 ἑαυτῆς
643 3159 888 3211 πολιτεύματος,
904 3161 975 3203 οὐχὶ
989 3159 1047 3190 ὑπὸ
1067 3164 1128 3193 τοῦ
1135 3164 1209 3193 λαοῦ

123 3206 150 3235 ἐν
170 3206 350 3247 Συνελεύσει
359 3205 475 3253 Ἐθνικῇ
488 3208 715 3253 συνταχθέντος,
730 3208 810 3243 ἀλλ’
822 3210 875 3244 ὑπὸ
900 3215 952 3242 τοῦ
970 3208 1042 3245 τέως
1059 3210 1209 3242 ἀπολύτου

1198 284 1361 320 Βασιλέως
1382 284 1603 327 χορηγηθέντος,
1641 279 1725 324 διατί
1760 287 1777 325 ἡ
1813 279 1921 325 Ἑλλάς,
1953 283 2019 324 ἥτις
2042 280 2118 320 εἶναι
2147 279 2284 325 ἐλευθέρα

1199 336 1342 366 πολιτεία
1370 336 1423 377 πρὸ
1446 335 1572 375 ἡμίσεως
1608 337 1712 373 αἰῶνος
1746 334 1781 367 νὰ
1804 333 1845 374 μὴ
1867 336 1974 373 ἐνασκῇ
2006 333 2072 365 ἴσας
2098 330 2286 370 ἐλευθερίας;

1198 379 1297 424 (εὖγε,
1320 381 1421 425 εὖγε).

1252 432 1443 476 Σταθμίσατε
1473 427 1521 464 νῦν
1545 435 1599 468 τὰς
1621 426 1772 470 διατάξεις
1801 434 1857 461 τοῦ
1872 428 1987 473 ἄρθρου,
2032 433 2097 461 «οἱ
2116 428 2288 465 Ἕλληνες

1199 482 1304 525 ἔχουσι
1338 485 1367 512 τὸ
1388 482 1539 525 δικαίωμα
1561 482 1611 515 τοῦ
1641 482 1846 523 συνέρχεσθαι
1879 479 2001 520 ἡσύχως
2036 481 2087 510 καὶ
2106 479 2283 512 ἀόπλως,»

1199 531 1260 573 ἄρα
1283 532 1348 574 ἅμα
1366 533 1425 563 ὑπὸ
1449 533 1502 562 τὸν
1526 531 1641 574 τρόπον
1656 535 1760 565 τοῦτον
1782 525 1835 560 δὲν
1852 528 1918 573 γίνῃ
1944 532 1957 562 ἡ
1980 526 2177 567 συνάθροισις,
2202 528 2287 568 γίνε-

1205 592 1255 609 ται
1279 583 1358 623 παρὰ
1384 583 1416 611 τὸ
1438 582 1618 623 Σύνταγμα.
1645 580 1703 611 Καὶ
1723 577 1828 616 φόβους
1858 580 1907 621 μὲν
1931 576 2080 617 μεγάλους
2105 578 2119 605 ὁ
2142 581 2190 607 Κ.
2202 578 2285 605 Καλ-

1202 631 1299 670 λιγᾶς
1312 628 1481 671 ἐξέφρασεν,
1506 632 1552 660 ὅτι
1573 625 1717 662 δύνανται
1729 624 1797 664 δηλ.
1818 628 1854 667 νὰ
1875 623 2011 665 συμβῶσι
2035 626 2214 667 συμπλοκαὶ
2234 623 2283 654 καὶ

1205 679 1298 719 φόνοι,
1326 676 1396 709 ἀλλ’
1413 680 1488 719 ἀφοῦ
1513 682 1528 712 ἡ
1551 679 1681 711 ἐνόπλων
1704 672 1824 711 σύνοδος
1842 675 2073 717 ἀπαγορεύεται,
2092 679 2159 710 πῶς
2171 672 2286 701 θέλουσι

1207 727 1352 773 φονευθῇ;
1380 723 1429 759 διὰ
1453 734 1512 759 τῶν
1533 728 1631 773 λόγων
1651 727 1745 764 ἴσως;
1796 725 1876 758 ἀλλὰ
1897 725 1932 759 τὸ
1952 726 2039 766 μέσον
2060 728 2151 754 τοῦτο
2179 723 2211 753 νὰ
2233 732 2287 761 φο-

1207 773 1297 808 βῆσθε
1320 775 1420 818 πρέπει
1445 771 1493 807 διὰ
1514 777 1552 806 τὰ
1572 776 1747 817 σοφίσματα
1765 776 1847 816 ὑμῶν
1871 773 1972 815 ἔντιμε
1993 769 2168 813 συνάδελφε,
2204 766 2287 799 διότι

1207 825 1316 867 τῳόντι
1339 827 1353 855 ὁ
1373 826 1461 869 λόγος
1479 826 1612 857 σκοτώνει
1648 826 1686 864 τὰ
1707 825 1893 865 σοφίσματα,
1914 818 1961 855 δὲν
1986 824 2105 864 ἀφαιρεῖ
2128 820 2210 861 ὅμως
2232 819 2284 850 καὶ

1209 875 1262 907 τὴν
1283 871 1359 909 ζωὴν
1390 872 1442 903 τοῦ
1466 875 1618 915 σοφιστοῦ,
1638 874 1705 908 ἴσως
1739 869 1763 901 δ’
1787 876 1879 912 ἀφίνει
1913 871 1995 908 αὐτῷ
2018 871 2068 904 τὴν
2104 866 2182 902 ζωὴν
2217 869 2286 905 πρὸς

1207 925 1412 966 ταλαιπωρίαν
1437 921 1454 956 ἢ
1474 920 1624 964 διόρθωσίν
1641 930 1710 959 του.
1726 918 1827 965 (εὖγε,
1844 918 1937 962 εὖγε).

1260 976 1333 1002 «Οἱ
1359 966 1486 1005 Ἕλληνες
1510 973 1611 1015 ἔχουσι
1631 973 1665 1002 τὸ
1699 969 1849 1012 δικαίωμα
1874 974 1925 999 τοῦ
1953 967 2143 1010 συνέρχεσθαι
2169 967 2288 1007 ἡσύχως

1210 1023 1259 1050 καὶ
1283 1023 1444 1056 ἀόπλως.»
1486 1017 1550 1051 Ἰδοὺ
1572 1023 1585 1053 ἡ
1617 1015 1798 1060 θεμελιώδης
1823 1013 1958 1052 διάταξις
1996 1021 2047 1045 τοῦ
2069 1015 2185 1059 ἄρθρου,
2220 1017 2248 1043 ἐν
2271 1012 2292 1060 ᾗ

1207 1072 1260 1107 καὶ
1282 1075 1364 1106 πᾶσα
1382 1075 1432 1103 τοῦ
1458 1067 1661 1109 δικαιώματος
1680 1071 1790 1103 τούτου
1815 1072 1831 1101 ἡ
1846 1067 2012 1103 οἰκονομία,
2050 1066 2084 1093 τὸ
2111 1061 2199 1103 μόνον
2224 1064 2291 1103 ἐπι-

1216 1120 1416 1160 τετραμμένον
1449 1121 1537 1151 ὅπλον
1562 1116 1636 1149 εἶναι
1672 1121 1686 1148 ὁ
1710 1118 1807 1159 λόγος,
1842 1112 1920 1147 διότι
1943 1118 1982 1149 εἰς
2017 1116 2071 1145 τὰς
2088 1112 2291 1150 συναθροίσεις

1210 1168 1316 1209 πρέπει
1358 1169 1489 1197 πάντοτε
1528 1171 1562 1196 νὰ
1603 1167 1742 1207 κατάρχῃ
1781 1168 1793 1193 ὁ
1834 1163 1911 1207 ὀρθὸς
1944 1163 2046 1205 λόγος,
2084 1163 2136 1191 καὶ
2170 1162 2239 1198 οὐχὶ
2275 1161 2297 1197 ἡ

1211 1220 1297 1249 ὑλικὴ
1322 1215 1456 1259 δύναμις,
1491 1217 1554 1246 ἔστι
1588 1211 1618 1245 δὲ
1651 1216 1727 1246 πολὺ
1750 1219 1798 1249 τῆς
1824 1216 1923 1247 ὑλικῆς
1947 1207 2099 1251 δυνάμεως
2138 1210 2293 1252 ἰσχυρότε-

1211 1274 1271 1301 ρος
1289 1268 1302 1298 ὁ
1334 1264 1433 1302 λόγος·
1473 1267 1621 1298 ἀκούσατε
1644 1266 1671 1293 τί
1696 1262 1777 1294 εἶπεν
1800 1263 1812 1292 ὁ
1833 1259 1940 1295 Pascal
1974 1271 2047 1300 περὶ
2064 1263 2112 1287 τοῦ
2139 1256 2291 1287 ἀνθρώπου

1215 1317 1288 1344 «καὶ
1311 1314 1355 1345 ἂν
1377 1316 1517 1356 σύμπασα
1540 1317 1554 1350 ἡ
1578 1313 1765 1352 δημιουργία
1800 1311 1926 1346 ἐπιπέσῃ
1963 1307 2013 1338 ἐπ’
2030 1310 2139 1336 αὐτὸν
2161 1307 2215 1335 καὶ
2238 1307 2294 1335 τὸν

1211 1355 1353 1404 συντρίψῃ,
1377 1367 1392 1394 ὁ
1409 1364 1569 1405 ἄνθρωπος
1590 1363 1671 1403 ὅμως
1707 1359 1791 1392 εἶναι
1815 1358 1849 1389 ὄν
1872 1357 2094 1398 εὐγενέστερον
2138 1361 2189 1393 τῆς
2215 1365 2291 1390 συν-

1212 1395 1370 1454 τριψάσης
1388 1409 1484 1443 αὐτὸν
1508 1410 1724 1453 δημιουργίας,
1745 1409 1819 1439 διότι
1857 1407 2040 1436 αἰσθάνεται
2068 1405 2114 1434 ὅτι
2156 1402 2296 1438 ἀποθνή-

1212 1471 1290 1499 σκει,
1309 1463 1363 1491 καὶ
1378 1463 1431 1499 τὴν
1445 1460 1567 1500 ἄλογον
1589 1460 1808 1501 συντρίβουσαν
1826 1459 1924 1488 αὐτὸν
1939 1454 2075 1491 δύναμιν
2093 1445 2218 1494 ἐννοεῖ,
2218 1444 2303 1492 διότι

1213 1511 1246 1537 ἐν
1274 1514 1310 1545 τῇ
1333 1511 1452 1551 κεφαλῇ
1472 1520 1521 1543 του
1546 1508 1692 1549 ὑπάρχει
1709 1506 1782 1540 κἄτι
1803 1517 1830 1534 τι
1869 1506 1903 1532 τὸ
1927 1505 2034 1532 ὁποῖον
2073 1500 2126 1532 δὲν
2150 1499 2291 1541 ὑπάρχει

1213 1559 1247 1583 ἐν
1291 1558 1350 1595 ὅλῃ
1388 1562 1421 1596 τῇ
1464 1559 1556 1595 λοιπῇ
1589 1556 1806 1597 δημιουργίᾳ.»
1851 1550 1949 1580 Ἐκεῖνο
1974 1551 2075 1579 λοιπὸν
2111 1550 2148 1578 τὸ
2173 1547 2245 1577 κἄτι
2268 1558 2299 1574 τι

1213 1601 1334 1644 θέλομεν
1355 1605 1511 1646 ἐλεύθερον
1519 1606 1598 1637 ὅπως
1630 1599 1801 1635 διαδίδηται
1827 1597 1987 1639 ἐλευθέρως,
2028 1592 2108 1626 διότι
2139 1598 2234 1626 ἐκεῖνο
2258 1596 2293 1626 τὸ

1213 1654 1284 1682 κἄτι
1304 1664 1332 1680 τι
1357 1648 1429 1682 εἶναι
1453 1654 1484 1682 ἐκ
1506 1657 1578 1681 Θεοῦ
1605 1650 1818 1692 προωρισμένον
1855 1649 1885 1679 νὰ
1910 1640 2044 1685 κατάρξῃ
2074 1649 2125 1682 τῆς
2147 1639 2293 1684 δημιουρ-

1214 1701 1280 1741 γίας
1303 1700 1373 1737 ὅλης
1393 1703 1441 1729 καὶ
1466 1702 1501 1734 ὡς
1522 1702 1659 1734 ταπεινὴν
1679 1690 1872 1739 θεραπαινίδα
1913 1696 1947 1724 νὰ
1967 1689 2106 1731 ὑποβάλῃ
2128 1691 2227 1726 αὐτὴν
2254 1693 2293 1726 εἰς

1214 1754 1265 1778 τοῦ
1285 1751 1349 1786 νοὸς
1370 1749 1421 1783 τὰς
1438 1750 1590 1789 ἐνεργείας.
1636 1748 1696 1778 Καὶ
1728 1741 1813 1787 ὑμεῖς
1836 1745 1904 1779 μέν,
1913 1748 1958 1780 Κ.
1973 1743 2128 1780 Καλλιγᾶ,
2157 1740 2192 1768 τὸ
2218 1738 2292 1768 κἄτι

1219 1810 1243 1826 τι
1268 1802 1357 1826 τοῦτο
1382 1794 1527 1839 φοβεῖσθε,
1550 1795 1610 1838 ἐγὼ
1631 1797 1706 1838 ὅμως
1727 1791 1774 1824 δὲν
1798 1793 1833 1824 τὸ
1855 1786 2014 1829 φοβοῦμαι,
2021 1790 2055 1818 τὸ
2074 1789 2216 1829 προκαλῶ
2238 1786 2294 1820 μά-

1217 1850 1317 1879 λιστα,
1345 1848 1380 1880 ὡς
1399 1849 1432 1879 τὸ
1455 1851 1569 1878 πνεῦμα
1589 1850 1639 1874 τοῦ
1661 1848 1734 1873 Θεοῦ
1757 1845 1804 1871 ἐπὶ
1826 1845 1878 1875 τῆς
1899 1843 1951 1886 γῆς
1973 1833 2099 1877 (εὖγε!
2124 1830 2244 1876 εὖγε!)

1264 1891 1303 1924 Ἂν
1324 1899 1359 1923 τὰ
1377 1897 1403 1924 ἐν
1427 1901 1463 1932 τῇ
1480 1889 1584 1934 καρδίᾳ
1603 1898 1656 1923 τοῦ
1680 1890 1828 1932 ἀνθρώπου
1845 1886 2060 1928 ἐμφωλεύοντα
2083 1884 2166 1914 πάθη
2187 1886 2258 1911 εἰσὶν
2282 1885 2294 1911 ὁ

1217 1944 1324 1980 ἄνεμος
1339 1944 1418 1977 ὅστις
1438 1941 1504 1974 ὠθεῖ
1529 1942 1558 1970 τὸ
1580 1944 1682 1971 πλοῖον
1725 1944 1774 1975 τῆς
1802 1937 1978 1979 ἀνθρωπίνης
2000 1932 2087 1970 ζωῆς,
2119 1932 2206 1961 κατὰ
2244 1932 2298 1963 τὴν

1217 1990 1383 2033 θαυμασίαν
1399 1996 1446 2022 τοῦ
1464 1991 1619 2025 Μίλτωνος
1639 1991 1744 2026 εἰκόνα,
1761 1990 1774 2018 ὁ
1789 1984 1866 2029 ὀρθὸς
1886 1986 1965 2025 ὅμως
1980 1983 2067 2025 λόγος
2079 1979 2153 2010 εἶναι
2171 1985 2185 2012 ἡ
2201 1978 2307 2013 πυξίς.

1219 2035 1289 2070 Ὅθεν
1309 2042 1344 2073 ὡς
1369 2042 1436 2072 ἄνευ
1461 2034 1578 2074 πυξίδος
1600 2036 1804 2077 ἀκατόρθωτος
1827 2038 1843 2065 ἡ
1863 2034 2017 2073 ὁδοιπορία
2037 2031 2065 2063 ἐν
2087 2035 2129 2068 τῷ
2157 2029 2293 2068 πελάγει,

1218 2089 1297 2118 οὕτω
1313 2089 1360 2117 καὶ
1377 2089 1443 2117 ἄνευ
1459 2087 1563 2128 ἀνέμου
1589 2088 1779 2127 ἐμφυσῶντος
1799 2085 1838 2116 εἰς
1857 2085 1894 2110 τὰ
1917 2083 1997 2109 ἱστία
2023 2085 2071 2109 καὶ
2096 2076 2239 2107 ὠθοῦντος
2265 2076 2299 2103 τὸ

1220 2141 1322 2168 πλοῖον
1336 2138 1411 2182 πρὸς
1422 2138 1458 2165 τὰ
1480 2136 1594 2179 πρόσω.
1609 2132 1633 2169 Ἡ
1653 2135 1725 2172 ἄκρα
1742 2133 1856 2174 γαλήνη
1875 2130 1923 2160 καὶ
1940 2129 2059 2169 νηνεμία
2078 2130 2227 2166 προκαλεῖ
2246 2125 2298 2156 τὴν

1221 2188 1374 2218 ναυτίασιν
1395 2190 1452 2220 τοῖς
1480 2184 1742 2224 ναυτιλλομένοις.

1270 2237 1331 2264 Καὶ
1353 2227 1409 2274 ἐφ’
1411 2236 1475 2264 ὅσον
1498 2232 1544 2272 μὲν
1562 2236 1577 2269 ἡ
1593 2231 1772 2273 συνάθροισις
1791 2229 1906 2272 γίνεται
1927 2227 1953 2255 ἐν
1974 2222 2193 2266 περιορισμένῳ
2217 2221 2296 2261 μέρει

1222 2286 1238 2314 ἡ
1261 2279 1283 2312 δ’
1307 2279 1419 2316 εἴσοδος
1440 2286 1478 2314 εἰς
1500 2282 1603 2320 μόνους
1641 2282 1707 2313 τοὺς
1748 2280 1802 2308 ὑπὸ
1828 2281 1876 2306 τοῦ
1903 2276 2124 2309 συγκαλοῦντος
2149 2269 2297 2308 ὀνομαστὶ

1223 2331 1420 2368 κεκλημένους
1445 2331 1615 2369 ἀνοίγεται,
1635 2325 1728 2362 οὐδεὶς
1747 2328 1818 2369 ἔχει
1834 2327 1868 2353 τὸ
1894 2321 2048 2356 δικαίωμα
2085 2317 2107 2347 ν’
2130 2315 2297 2362 ἀναμιχθῇ·

1223 2381 1294 2409 ὅταν
1313 2381 1401 2427 ὅμως
1416 2382 1430 2412 ἡ
1448 2375 1557 2412 εἴσοδος
1584 2376 1649 2423 ᾖναι
1684 2375 1820 2412 ἐλευθέρα
1851 2376 1893 2417 τῷ
1929 2369 2113 2410 βουλομένῳ,
2155 2367 2227 2395 τότε
2247 2366 2298 2396 καὶ

1223 2432 1239 2459 ἡ
1259 2430 1426 2475 ἀστυνομία
1447 2429 1509 2470 ἔχει
1531 2428 1564 2456 τὸ
1584 2425 1752 2466 δικαίωμα,
1771 2425 1805 2453 τὸ
1824 2421 1949 2453 καθῆκον
1961 2421 2113 2465 μάλιστα,
2133 2420 2185 2445 τοῦ
2207 2415 2297 2455 παρί-

1224 2477 1362 2516 στασθαι,
1395 2478 1463 2517 πρὸς
1484 2473 1657 2512 διατήρησιν
1676 2478 1728 2509 τῆς
1748 2470 1860 2507 τάξεως
1882 2470 1930 2499 καὶ
1951 2468 2129 2510 εὐκοσμίας.
2134 2468 2199 2499 Τὰς
2223 2460 2248 2492 δ’
2273 2465 2302 2493 ἐν

1225 2526 1354 2568 ὑπαίθρῳ
1376 2524 1573 2566 συναθροίσεις
1604 2519 1698 2559 οὐδεὶς
1722 2525 1803 2563 ἡμῶν
1843 2517 1973 2551 διενοήθη
2009 2514 2030 2546 ν’
2060 2516 2158 2557 ἀφήσῃ
2199 2512 2300 2552 πάντῃ

1222 2574 1371 2618 ἐλευθέρας
1400 2578 1435 2613 ἐν
1457 2577 1546 2618 καιρῷ
1569 2569 1638 2608 καθ’
1654 2573 1695 2608 ὅν,
1719 2569 1956 2612 φλεγμαινούσης
1977 2569 2028 2599 τῆς
2051 2562 2219 2599 πολιτείας,
2244 2572 2300 2599 με-

1224 2624 1323 2666 γάλοι
1334 2625 1389 2653 καὶ
1408 2621 1564 2653 σπουδαῖοι
1586 2618 1714 2651 κίνδυνοι
1740 2616 1879 2648 δύνανται
1903 2614 1927 2645 ν’
1944 2618 2091 2647 ἀπειλῶσι
2115 2620 2169 2642 τὴν
2195 2620 2306 2639 κοινω-

1223 2675 1307 2711 νίαν.
1316 2671 1395 2703 Τότε
1418 2672 1482 2713 ἔχει
1506 2674 1610 2712 πλῆρες
1630 2671 1665 2700 τὸ
1684 2664 1842 2710 δικαίωμα
1879 2669 1894 2697 ἡ
1914 2663 2111 2695 ἐκτελεστικὴ
2135 2658 2266 2695 ἐξουσία
2277 2654 2299 2684 ν’

1224 2721 1414 2764 ἀπαγορεύσῃ
1437 2722 1539 2760 αὐτάς,
1565 2721 1619 2753 τὴν
1647 2718 1771 2759 νόμιμον
1819 2715 1971 2758 ὑπέχουσα
2015 2713 2093 2743 αὕτη
2131 2707 2245 2739 εὐθύνην
2269 2703 2303 2734 ἂν

1223 2768 1419 2814 καταχρασθῇ
1433 2773 1490 2805 τῆς
1510 2768 1647 2800 τοιαύτης
1668 2772 1718 2797 τοῦ
1727 2766 1859 2795 κωλύειν
1879 2765 1893 2797 ἢ
1914 2758 2043 2791 διαλύειν
2065 2754 2190 2793 ἀδείας.

1274 2815 1300 2851 Ἡ
1321 2816 1540 2858 πλειονοψηφία
1581 2814 1612 2846 δὲ
1634 2821 1684 2848 τῆς
1702 2815 1866 2856 ἐπιτροπῆς
1886 2815 1936 2841 τοῦ
1958 2808 2184 2846 πολιτεύματος
2206 2800 2304 2829 καθιε-

1222 2868 1356 2910 ρώσασα
1369 2870 1402 2901 τὸ
1421 2865 1575 2909 ἐλεύθερον
1584 2871 1636 2895 τοῦ
1658 2863 1847 2906 συνέρχεσθαι
1886 2861 1937 2891 καὶ
1956 2848 2208 2895 συνεταιρίζεσθαι
2233 2849 2303 2880 ἄνευ

1226 2917 1448 2961 προηγουμένης
1472 2911 1570 2949 ἀδείας
1581 2918 1638 2950 τῆς
1656 2908 1883 2959 Κυβερνήσεως,
1882 2901 1955 2957 εἶχε
1970 2906 2047 2935 κατὰ
2068 2905 2132 2931 νοῦν
2147 2901 2181 2930 τὸ
2203 2899 2239 2929 νὰ
2252 2910 2307 2934 κα-

1229 2965 1360 3007 ταργηθῇ
1401 2961 1451 2996 διὰ
1491 2968 1541 2996 τοῦ
1565 2961 1777 3004 Συντάγματος
1810 2962 1842 2991 τὸ
1865 2956 1964 2999 ἄρθρον
1986 2952 2055 2983 212
2091 2953 2145 2981 τοῦ
2165 2951 2308 2982 ποινικοῦ

1230 3016 1331 3054 νόμου,
1353 3015 1387 3052 τὸ
1403 3017 1504 3054 ὁποῖον
1526 3016 1662 3054 ὑποχρεοῖ
1686 3014 1753 3043 τοὺς
1775 3010 1906 3041 πολίτας
1928 3005 1961 3033 νὰ
1977 2998 2093 3038 ζητῶσι
2121 3002 2184 3043 πρὶν
2209 2999 2228 3033 ἢ
2251 3010 2307 3031 συ-

1229 3061 1435 3110 νεταιρισθῶσι
1456 3066 1505 3097 τῆς
1532 3063 1623 3104 ἀρχῆς
1644 3060 1698 3096 τὴν
1720 3055 1834 3096 ἄδειαν,
1872 3055 1964 3095 ἀρχῆς
1988 3050 2090 3086 ἄλλως
2109 3061 2144 3079 τε
2171 3046 2303 3089 αὐθαιρέ-

1231 3125 1290 3147 τως
1312 3110 1475 3154 δυναμένης
1496 3108 1520 3146 ν’
1545 3106 1655 3154 ἀρνηθῇ
1674 3107 1767 3142 αὐτὴν
1789 3106 1837 3140 καὶ
1857 3104 1893 3132 νὰ
1908 3095 2056 3144 ἐμποδίζῃ
2079 3100 2134 3134 τὰς
2157 3098 2302 3128 τοιαύτας

1232 3162 1451 3204 συναθροίσεις.
1471 3162 1511 3195 Τὸ
1536 3158 1634 3202 ἄρθρον
1656 3158 1758 3194 τοῦτο,
1777 3154 1866 3193 Κύριε
1893 3151 2041 3194 Καλλιγᾶ,
2083 3148 2192 3189 ἔπρεπε
2213 3147 2249 3177 νὰ
2269 3141 2309 3188 μὴ

1233 3205 1368 3253 διαλάθῃ
1386 3211 1469 3255 ὑμᾶς,
1488 3209 1690 3254 συγκρίνοντες
1726 3199 1751 3237 δ’
1779 3199 1853 3234 αὐτὸ
1880 3200 1946 3244 πρὸς
1975 3202 2011 3235 τὸ
2041 3199 2238 3239 ἀντίστοιχον
2258 3194 2313 3225 τοῦ
