2500 3500
182 1829 407 1857 ΣΑΡΙΠΟΛΟΣ.
430 1827 654 1869 (Εἰσηγητής).
676 1825 803 1864 Ἔναυλοι
822 1831 868 1862 ἔτι
889 1837 961 1866 εἰσὶν
985 1834 1023 1870 εἰς
1046 1838 1097 1870 τὰς
1126 1833 1215 1871 ἀκοὰς

131 1874 215 1911 ἡμῶν
240 1876 266 1902 οἱ
289 1872 439 1916 εὐφραδεῖς
458 1878 546 1917 λόγοι
569 1882 621 1909 τοῦ
642 1885 685 1917 Κ.
705 1884 847 1923 Καλλιγᾶ
867 1884 1012 1922 εἰπόντος,
1034 1880 1156 1917 ἀνάβηθι
1177 1888 1211 1915 εἰς

130 1921 185 1952 τὴν
205 1917 381 1962 Ἀκρόπολιν,
407 1926 455 1956 ἵνα
467 1928 657 1967 ἀναπνεύσῃς
676 1928 746 1970 ἀέρα
758 1928 945 1973 ἐλευθερίας.
961 1934 1009 1968 Τίς
1035 1933 1113 1972 ὅμως
1135 1930 1218 1966 ἤθελέ

129 1978 204 1996 ποτε
220 1972 388 2011 πιστεύσει,
415 1971 463 2004 ὅτι
489 1976 541 2008 τὴν
559 1976 702 2007 ἐπιοῦσαν
720 1980 768 2010 καὶ
781 1981 838 2009 ὑπὸ
859 1983 910 2014 τὴν
929 1982 988 2011 ἀπὸ
1011 1988 1062 2013 τοῦ
1084 1983 1214 2022 ἑκατομ-

131 2011 224 2046 πέδου
238 2019 328 2063 μέχρι
347 2025 399 2051 τοῦ
427 2023 525 2053 τόπου
545 2025 573 2053 ἐν
596 2021 618 2062 ᾧ
635 2021 859 2067 συνεδριάζομεν
878 2031 1104 2070 ἐκπεμπομένην
1121 2033 1221 2067 σκιάν,

128 2067 216 2097 αὐτὸς
238 2066 327 2103 οὗτος
350 2068 454 2101 ἤθελεν
475 2072 591 2113 ἐκφέρει
632 2074 693 2104 ἀπὸ
734 2081 785 2108 τοῦ
807 2079 900 2107 αὐτοῦ
938 2062 1074 2114 βήματος
1109 2080 1211 2122 λόγους

129 2114 340 2156 ἀπολυτισμοῦ
357 2114 494 2154 ὄζοντας,
519 2116 759 2163 παραδείγματα
773 2119 1009 2166 δουλοφροσύνην
1033 2123 1213 2158 ἐνδεικνύον-

129 2172 194 2200 τα;
217 2162 539 2207 (χειροκροτήματα).

189 2208 210 2239 Ὁ
236 2212 356 2254 ἔντιμος
385 2216 438 2254 καὶ
470 2217 604 2255 τριττῶς
629 2215 806 2264 συνάδελφός
823 2222 890 2262 μου,
928 2220 1131 2265 παρεγνώρισε
1156 2219 1210 2256 δύο

126 2258 249 2301 μεγάλα
288 2259 454 2300 ἀξιώματα
493 2270 547 2302 τοῦ
569 2261 714 2308 δημοσίου
736 2263 854 2304 δικαίου
889 2272 938 2298 καὶ
982 2276 1035 2306 τῆς
1051 2275 1209 2307 πολιτικῆς

127 2308 308 2350 ἐπιστήμης,
349 2312 384 2342 τὸ
406 2314 474 2353 μέν,
513 2315 565 2345 ὅτι
586 2319 602 2350 ἡ
624 2316 771 2361 ἐλευθερία
788 2315 862 2355 εἶναι
881 2319 935 2360 μία
956 2319 1009 2361 καὶ
1031 2316 1215 2365 ἀδιαίρετος,

127 2355 188 2385 ὅθεν
210 2351 229 2389 ἢ
253 2359 340 2401 ἔχετε
363 2360 415 2396 τὴν
440 2362 606 2403 ἐλευθερίαν
628 2366 736 2408 πλήρη,
764 2367 892 2406 τελείαν,
912 2369 927 2401 ἢ
952 2369 1041 2412 ἔχετε
1063 2371 1209 2413 τμήματα

125 2405 297 2448 ἐλευθερίας,
339 2405 387 2440 οἷα
409 2413 625 2454 συντρίμματά
643 2423 707 2451 τινα
746 2417 993 2457 πολυτιμοτάτου
1032 2419 1208 2461 πράγματος

125 2454 264 2494 ἄχρηστα
280 2459 366 2495 ὅλως,
391 2459 481 2503 ἔχετε
500 2463 533 2493 τὸ
551 2467 665 2505 πτῶμα
686 2468 737 2505 τῆς
756 2461 927 2504 ἐλευθερίας,
953 2465 1029 2505 ἀλλ’
1033 2470 1101 2509 οὐχὶ
1117 2470 1208 2500 αὐτὴν

125 2504 177 2535 τὴν
201 2502 265 2535 θεὰν
286 2506 469 2543 ἐλευθερίαν.

178 2549 198 2580 Ἡ
223 2554 372 2597 ἐλευθερία
394 2557 512 2599 πρέπει,
553 2562 589 2593 ὡς
610 2562 658 2599 καὶ
676 2562 711 2594 τὸ
735 2561 827 2604 ὄνομα
866 2564 957 2599 αὐτῆς
982 2561 1079 2604 δηλοῖ,
1104 2567 1205 2608 πρέπει

125 2600 158 2628 νὰ
181 2601 359 2635 ἐνασκῆται
389 2603 435 2648 ὑφ’
446 2609 522 2642 ὅλας
547 2613 638 2646 αὐτῆς
666 2612 727 2646 τὰς
748 2611 851 2655 φάσεις
868 2612 1031 2647 ἀπολύτως
1051 2617 1102 2647 καὶ
1125 2615 1212 2647 ἀκω-

124 2648 241 2689 λύτως,
269 2652 331 2694 ἅμα
349 2649 389 2684 δὲ
411 2653 460 2688 δὲν
477 2656 577 2699 ἔχητε
617 2657 686 2700 εἰμὴ
722 2662 795 2700 μίαν
834 2663 901 2692 τινὰ
941 2664 998 2697 τῶν
1020 2666 1133 2707 φάσεων
1152 2659 1203 2698 τῆς

120 2696 288 2740 ἐλευθερίας
294 2704 370 2742 οὐχὶ
388 2699 421 2733 δὲ
446 2706 571 2745 πάσας,
572 2694 630 2745 δὲν
644 2709 736 2751 ἔχετε
753 2710 793 2743 τὸ
813 2713 888 2751 φῶς,
898 2715 988 2748 αὐτῆς
1003 2717 1133 2756 πλῆρες.
1147 2716 1204 2744 Καὶ

121 2746 238 2776 ἄλλοτε
261 2749 294 2777 τὸ
320 2748 414 2793 εἶπον,
454 2755 507 2788 καὶ
542 2755 636 2791 πάλιν
652 2757 690 2793 τὸ
709 2755 964 2800 ἐπαναλαμβάνω,
1002 2759 1017 2793 ἡ
1040 2759 1202 2803 Συνέλευσις

123 2796 199 2828 αὕτη
219 2792 266 2828 δὲν
290 2798 351 2837 ἔχει
375 2802 557 2847 προορισμὸν
576 2807 614 2847 νὰ
639 2801 852 2851 δημιουργήσῃ
869 2806 1032 2854 ἐλευθερίας
1053 2808 1103 2842 καὶ
1125 2814 1203 2842 κατὰ

122 2847 176 2878 τὴν
199 2847 308 2881 ἑαυτῆς
323 2844 467 2883 βούλησιν
503 2855 567 2889 τὴν
577 2852 637 2895 μὲν
668 2857 703 2885 νὰ
724 2853 805 2895 δώσῃ
826 2855 885 2892 τὴν
899 2853 930 2889 δὲ
945 2860 978 2889 νὰ
999 2860 1041 2900 μὴ
1060 2859 1201 2902 ἐπιτρέψῃ

124 2902 165 2936 τῷ
190 2894 275 2936 ἔθνει,
321 2900 415 2930 τοῦτο
436 2899 539 2933 ἤθελεν
578 2901 671 2937 εἶσθαι
696 2899 812 2948 φοβερὰ
825 2899 1024 2950 βλασφημία!
1058 2907 1125 2949 ἀλλ’
1141 2910 1204 2950 ἔχει

119 2946 259 2990 ἐντολήν,
269 2949 361 2990 ὅπως
376 2946 439 2990 τὰς
450 2947 519 2988 ἀπὸ
527 2946 601 2988 τῆς
605 2943 774 2988 θεοσδότου
788 2955 948 2998 ἐλευθερίας
966 2957 1137 2999 ἐνεργείας,
1150 2961 1201 2997 τὰς

120 2999 261 3035 φυσικάς,
283 2993 465 3038 μεταβάλῃ
475 3002 514 3035 εἰς
524 3002 700 3044 ἐννόμους,
704 3002 781 3041 ἤτοι
795 3002 934 3043 ἐντολὴν
925 3002 1001 3047 ἔχει
1010 3004 1061 3047 νὰ
1076 3004 1202 3050 διαγρά-

120 3055 159 3085 ψῃ
182 3045 221 3075 τὰ
240 3045 309 3086 ὅρια
328 3049 380 3086 τῆς
393 3049 556 3093 ἐνεργείας
564 3050 623 3094 τῆς
648 3050 811 3095 ἐλευθερίας
848 3052 893 3098 ὑφ’
902 3055 978 3097 ὅλας
1001 3055 1056 3096 τὰς
1074 3056 1201 3097 ἐπόψεις,

116 3094 183 3132 καί,
202 3094 380 3135 ἐγγράψασα
392 3100 499 3136 αὐτὰς
510 3102 550 3132 ἐν
568 3101 619 3142 τῷ
632 3101 840 3147 Συντάγματι,
860 3102 896 3147 νὰ
920 3105 973 3141 τὰς
990 3100 1137 3146 περιβάλῃ
1156 3103 1203 3136 διὰ

119 3144 172 3169 τοῦ
193 3142 305 3184 κύρους
312 3147 384 3182 καὶ
390 3148 447 3183 τῆς
456 3147 660 3192 ἐγγυήσεως,
669 3142 715 3192 ἣν
724 3152 800 3193 μόνη
821 3150 839 3190 ἡ
857 3151 953 3191 ἐθνικὴ
974 3151 1130 3197 κυριαρχία
1154 3150 1202 3184 δύ-

115 3200 208 3230 ναται
223 3190 272 3228 νὰ
275 3184 384 3246 δώσῃ.
409 3193 509 3239 Θέλω
537 3194 689 3239 ἐπανέλθει
711 3202 757 3239 εἰς
764 3197 871 3238 τοῦτο.
916 3198 1004 3234 Θέτω
1027 3197 1058 3239 δὲ
1074 3205 1127 3237 καὶ
1151 3206 1203 3239 τὴν

1253 276 1358 321 ἑτέραν
1380 280 1479 324 ἀρχήν,
1504 282 1554 312 καὶ
1571 282 1608 315 τὸ
1626 283 1721 323 ἕτερον
1747 283 1892 325 θεώρημα,
1917 286 1947 317 οὗ
1966 290 2113 332 ἐμνήσθην
2121 293 2158 326 ἐν
2174 294 2249 336 ἀρχῇ
2271 300 2324 326 τοῦ

1251 327 1339 369 λόγου
1357 329 1421 371 μου,
1444 329 1567 364 καθόσον
1581 333 1612 365 ἐκ
1636 333 1685 366 τῆς
1705 332 1882 375 ἀγορεύσεώς
1897 347 1951 376 μου
1963 336 2047 370 θέλει
2067 336 2270 385 καταδειχθῆ,
2286 346 2323 380 ὡς

1250 373 1374 417 ἐλπίζω,
1398 382 1413 413 ἡ
1434 379 1607 423 ἀμφοτέρων
1623 379 1736 416 τούτων
1757 380 1893 418 ἀλήθεια.
1909 380 1935 416 Ἡ
1949 382 2034 429 ἑτέρα
2056 391 2163 423 λοιπὸν
2181 393 2255 433 ἀρχὴ
2278 391 2321 422 εἶ-

1248 437 1304 466 ναι,
1323 428 1372 460 ὅτι
1390 428 1425 460 τὸ
1446 428 1554 468 ἀγαθὸν
1575 431 1744 467 πολίτευμα
1761 426 1808 461 δὲν
1826 433 1990 474 ἐκτιμᾶται
2019 438 2176 483 ἀναλόγως
2201 448 2253 472 τοῦ
2273 454 2325 471 κα-

1249 477 1301 506 λοῦ
1321 478 1354 507 τὸ
1378 477 1484 507 ὁποῖον
1503 479 1641 521 παράγει,
1660 476 1730 509 ἀλλ’
1741 482 1771 510 ἐκ
1793 486 1845 511 τοῦ
1861 486 1952 514 κακοῦ
1976 484 2009 514 τὸ
2029 488 2130 517 ὁποῖον
2155 486 2323 532 ἐμποδίζει∙

1247 526 1404 566 ἀμφότερα
1430 528 1536 567 ταῦτα,
1557 528 1669 569 Κύριοι,
1689 528 1762 562 θέλω
1782 534 1830 566 σᾶς
1852 527 2037 569 ἀναπτύξει.

1296 571 1327 609 Ἡ
1342 576 1488 616 ἐπιτροπὴ
1524 580 1602 619 ὑμῶν
1639 577 1811 620 ἐγγράψασα
1849 580 1888 610 τὰ
1909 577 1960 616 δύο
1980 587 2079 612 ταῦτα
2104 582 2191 625 ἄρθρα
2223 589 2251 616 ἐν
2275 594 2317 630 τῷ

1246 625 1449 666 Συντάγματι,
1472 621 1519 656 δὲν
1545 626 1682 669 ἐνέγραψε
1702 626 1766 663 νέας
1790 627 1955 670 ἐλευθερίας,
1979 627 2053 659 ἀλλ’
2053 633 2156 668 ἁπλῶς
2176 634 2320 675 παρέστη-

1245 684 1292 701 σεν
1314 673 1457 715 ἐνέργειάν
1472 687 1539 706 τινα
1574 679 1624 710 τῆς
1649 674 1806 714 ἐλευθερίας
1840 679 1894 709 ὑπὸ
1916 680 1986 719 μίαν
2007 680 2101 715 ἄλλην
2124 681 2212 721 φάσιν
2233 695 2319 727 φανε-

1245 721 1383 765 ρωτέραν∙
1405 723 1557 767 ἐνέργειαν,
1579 724 1643 757 ἥτις
1657 728 1773 769 ὑπῆρχε
1801 727 1851 760 μὲν
1873 727 1921 757 καὶ
1947 731 1974 759 ἐν
1998 734 2042 768 τῷ
2069 730 2202 774 προτέρῳ
2227 736 2316 763 πολι-

1245 772 1385 812 τεύματι,
1404 774 1470 816 οὐχὶ
1488 774 1565 815 ὅμως
1591 770 1674 804 τόσον
1697 769 1855 818 διαῤῥήδην
1887 777 2125 818 ἐκπεφρασμένη,
2160 782 2240 812 ἀλλὰ
2263 778 2319 812 διε-

1245 818 1365 850 λάνθανέ
1382 833 1453 860 πως,
1475 823 1524 852 καὶ
1551 818 1599 851 διὰ
1621 827 1708 853 τοῦτο
1733 820 1871 867 οὐδεμίαν
1886 822 1965 867 εἶχεν
1984 827 2054 868 ὑπὲρ
2078 828 2185 865 ἑαυτῆς
2205 832 2313 874 ἐγγύη-

1243 882 1296 907 σιν,
1335 871 1384 899 καὶ
1427 873 1441 901 ἡ
1464 869 1644 913 παραβίασις
1678 876 1766 907 αὐτῆς
1811 875 1861 903 καὶ
1900 875 2016 908 πιθανὴ
2036 878 2085 907 καὶ
2105 878 2226 913 εὔκολος
2245 878 2319 915 ἦτο.

1244 911 1348 955 Ἄλλως
1366 931 1405 958 τε,
1427 919 1538 960 ἔχουσα
1564 924 1584 959 ἡ
1599 920 1743 955 ἐπιτροπὴ
1764 919 1814 953 ὑπ’
1828 922 1894 964 ὄψιν
1933 925 1987 954 ὅσα
2025 927 2057 956 ἐκ
2080 931 2133 962 τῆς
2158 927 2316 967 ἐλλείψεως

1244 968 1352 1002 ταύτης
1373 959 1535 999 συνέβησαν
1552 962 1753 1009 δυστυχήματα
1768 972 1806 1005 εἰς
1827 972 1905 1004 ἄλλα
1922 970 1987 1006 ἔθνη
1998 977 2067 1012 ‒ἡ
2075 976 2314 1018 ἀντανάκλασις,

1241 1016 1359 1062 μάλιστα
1383 1019 1438 1045 τῶν
1451 1018 1559 1048 ὁποίων
1578 1017 1681 1058 ἔφθασε
1692 1020 1740 1047 καὶ
1757 1020 1856 1061 μέχρις
1872 1015 2021 1069 ἡμῶν,‒
2017 1019 2133 1063 ὁποῖαι
2140 1016 2175 1054 δ’
2174 1027 2314 1066 ὡφέλειαι

1243 1060 1467 1106 προσδοκῶνται
1493 1062 1540 1096 διὰ
1562 1067 1628 1100 τοὺς
1652 1068 1814 1103 ἀκωλύτως
1834 1070 2001 1111 χρωμένους
2028 1073 2125 1111 ταύτῃ
2146 1074 2248 1110 λαούς,
2285 1075 2317 1102 ἐν

1241 1118 1284 1152 τῷ
1310 1109 1421 1156 σχεδίῳ
1447 1113 1602 1158 ἐνέγραψεν
1623 1118 1725 1156 αὐτήν,
1750 1117 1793 1148 ἵνα
1814 1115 1866 1148 ὦσι
1889 1115 1996 1151 βέβαια
2015 1120 2065 1150 καὶ
2089 1121 2127 1150 τὰ
2144 1123 2178 1151 ἐκ
2198 1123 2314 1155 ταύτης

1241 1158 1446 1204 δικαιώματα,
1481 1161 1579 1202 μηδεὶς
1602 1160 1634 1194 δέ
1650 1177 1724 1195 ποτε
1744 1166 1965 1207 κατατολμήσῃ
1987 1169 2022 1198 νὰ
2047 1170 2198 1210 περιορίσῃ
2220 1170 2320 1207 αὐτά.

1290 1209 1349 1240 Καὶ
1369 1212 1536 1252 παρέστησε
1567 1214 1620 1252 μὲν
1644 1215 1711 1255 ὑμῖν
1735 1217 1749 1245 ὁ
1770 1220 1985 1255 προαγορεύσας
2010 1220 2157 1259 ταραχάς,
2172 1218 2226 1252 καὶ
2243 1232 2311 1253 κιν-

1241 1256 1359 1298 δύνους,
1371 1261 1418 1291 καὶ
1440 1261 1673 1299 ἀναστατώσεις,
1700 1263 1749 1293 καὶ
1771 1259 1914 1305 θορύβους,
1944 1262 1993 1294 καὶ
2018 1260 2177 1304 ἐξεγέρσεις
2200 1265 2316 1311 παθῶν,

1240 1309 1288 1337 καὶ
1311 1306 1483 1349 ἀναφλέξεις
1502 1310 1677 1349 καμίνων..
1686 1305 1740 1345 ἐδῶ
1758 1312 1864 1340 στέκω·
1879 1318 1925 1341 καὶ
1944 1312 1978 1342 τί
1988 1313 2065 1343 ἄλλο
2081 1312 2157 1343 εἶναι
2174 1319 2188 1346 ἡ
2205 1316 2315 1344 ἐλευθε-

1240 1358 1284 1399 ρία
1307 1357 1373 1400 εἰμὴ
1394 1358 1512 1401 κάμινος
1533 1362 1582 1393 τῆς
1605 1357 1697 1401 ψυχῆς
1729 1361 1766 1389 τὰ
1788 1361 1815 1389 ἐν
1836 1364 1912 1401 αὐτῇ
1935 1360 2012 1393 πάθη
2032 1358 2244 1403 καθαρίζουσα,
2262 1365 2313 1393 καὶ

1240 1408 1297 1432 πᾶν
1321 1406 1373 1448 μὲν
1390 1406 1448 1444 ὅ,τι
1469 1408 1495 1445 ἐν
1518 1409 1618 1442 αὐτοῖς
1635 1408 1744 1448 φαῦλον
1758 1408 1961 1443 κατακαίουσα
1978 1412 2058 1449 ὅ,τι
2066 1405 2091 1439 δ’
2098 1412 2187 1454 ἁγνὸν
2204 1415 2242 1445 εἰς
2255 1424 2312 1448 κα-

1236 1452 1320 1494 θαρὸν
1345 1454 1464 1496 χρυσίον
1483 1451 1736 1498 μεταβάλλουσα;
1749 1453 1848 1497 (εὖγε)
1863 1453 1889 1487 Ἡ
1904 1457 2049 1498 ἐλευθερία
2070 1457 2142 1488 εἶναι
2165 1461 2178 1490 ἡ
2195 1467 2315 1489 κινοῦσα

1241 1503 1305 1534 τοὺς
1326 1504 1464 1545 παλμοὺς
1484 1506 1535 1538 τῆς
1555 1500 1691 1545 καρδίας,
1719 1505 1762 1538 τίς
1783 1500 1815 1537 δὲ
1823 1505 1867 1546 μὴ
1890 1505 1988 1546 ἄφρων
2012 1508 2159 1548 ἐπιχειρεῖ
2178 1508 2211 1535 νὰ
2239 1520 2312 1538 στα-

1239 1551 1359 1593 ματήσῃ
1381 1552 1447 1584 τοὺς
1470 1551 1608 1594 παλμοὺς
1630 1557 1679 1587 τῆς
1697 1548 1831 1595 καρδίας;
1860 1557 1902 1589 Μὴ
1921 1556 1988 1596 πρὸς
2008 1559 2094 1591 Θεοῦ,
2118 1557 2206 1598 Κύριε
2227 1559 2313 1584 Καλ-

1238 1600 1323 1637 λιγᾶ,
1343 1601 1383 1637 μὴ
1402 1598 1546 1633 θελήσετε
1576 1601 1609 1629 νὰ
1629 1602 1846 1641 σταματήσητε
1866 1604 1932 1636 τοὺς
1954 1602 2092 1645 παλμοὺς
2116 1606 2166 1639 τῆς
2191 1599 2312 1644 καρδίας

1239 1649 1288 1680 τῆς
1309 1640 1456 1684 Ἑλλάδος,
1479 1642 1555 1676 διότι
1578 1646 1676 1683 θέλετε
1692 1648 1778 1687 φέρει
1784 1649 1834 1677 τὸν
1849 1647 1975 1681 θάνατον
1991 1653 2031 1685 εἰς
2050 1653 2084 1679 τὸ
2103 1655 2194 1692 σῶμα
2211 1656 2320 1687 αὐτῆς.

1287 1687 1346 1721 Ὅτι
1383 1689 1414 1722 δὲ
1447 1696 1481 1722 τὸ
1501 1689 1657 1736 δικαίωμα
1687 1700 1774 1727 τοῦτο
1794 1697 1936 1739 ἐνυπῆρχε
1977 1699 2027 1731 καὶ
2064 1701 2092 1734 ἐν
2112 1702 2156 1730 τῷ
2176 1700 2310 1742 προτέρῳ

1236 1737 1446 1784 Συντάγματι,
1467 1738 1527 1775 ἰδοὺ
1551 1739 1566 1776 ἡ
1588 1738 1754 1779 ἀπόδειξις·
1775 1746 1809 1772 τὸ
1827 1746 1990 1788 Σύνταγμα
2023 1752 2074 1776 τοῦ
2100 1747 2194 1779 1844
2216 1747 2318 1796 λέγει,

1236 1787 1400 1833 «ἕκαστος
1411 1790 1427 1822 ἢ
1445 1793 1499 1824 καὶ
1512 1792 1639 1830 πολλοὶ
1655 1793 1731 1834 ὁμοῦ
1753 1790 1904 1824 δύνανται
1933 1795 1967 1824 νὰ
1997 1790 2186 1826 ἐξασκήσωσι
2207 1796 2242 1825 τὸ
2267 1793 2313 1823 δι-

1239 1839 1359 1881 καίωμα
1381 1844 1433 1868 τοῦ
1455 1838 1675 1882 ἀναφέρεσθαι.»
1707 1842 1776 1876 Πῶς
1797 1843 1873 1883 ὅμως
1898 1844 1983 1872 ἔσται
2006 1839 2133 1875 δυνατὸν
2156 1844 2244 1873 τόσοι
2264 1844 2312 1873 ἄν-

1237 1887 1346 1925 θρωποι
1374 1890 1406 1917 νὰ
1426 1887 1633 1919 συνεννοηθῶσι
1660 1885 1776 1929 μεταξύ
1793 1900 1871 1936 των,
1887 1893 1935 1921 καὶ
1960 1894 1989 1921 αἱ
2010 1896 2127 1933 γνῶμαι
2151 1894 2251 1921 αὐτῶν
2275 1893 2311 1921 νὰ

1238 1936 1491 1967 συνταυτισθῶσιν
1513 1937 1549 1968 εἰς
1571 1938 1639 1978 μίαν
1659 1938 1754 1969 κοινὴν
1778 1938 1907 1980 γνώμην,
1931 1941 1994 1975 ἥτις
2019 1941 2053 1969 νὰ
2081 1936 2235 1981 ἐκδηλωθῇ
2260 1936 2310 1968 διὰ

1238 1987 1289 2018 τῆς
1325 1987 1483 2027 ἀναφορᾶς,
1504 1983 1538 2014 ἂν
1578 1984 1616 2027 μὴ
1655 1985 1829 2024 συνέλθωσιν
1861 1988 1909 2017 ἐπὶ
1943 1989 1978 2018 τὸ
2003 1988 2088 2028 αὐτό,
2114 1989 2163 2018 καὶ
2202 1979 2313 2021 συσκε-

1236 2032 1338 2074 φθῶσι,
1362 2035 1412 2063 καὶ
1451 2029 1685 2074 συζητήσωσιν;
1728 2030 1751 2064 Ἡ
1790 2030 1817 2062 δ’
1841 2037 1983 2075 ἐπιτροπὴ
2027 2041 2080 2065 τοῦ
2116 2038 2309 2071 πολιτεύμα-

1238 2093 1286 2114 τος
1306 2077 1388 2112 οὐδὲν
1426 2082 1504 2112 ἄλλο
1530 2078 1663 2123 ἔπραξεν,
1699 2085 1766 2123 εἰμὴ
1789 2085 1822 2114 νὰ
1854 2085 1922 2125 σύρῃ
1951 2085 1984 2114 τὸ
2006 2086 2234 2127 παραπέτασμα
2256 2089 2306 2114 καὶ

1235 2131 1301 2171 φέρῃ
1325 2134 1374 2166 τὴν
1397 2126 1532 2169 διάταξιν
1556 2135 1591 2165 εἰς
1615 2138 1696 2171 φῶς.
1724 2133 1756 2166 Αἱ
1782 2130 1986 2172 συναθροίσεις,
2016 2137 2106 2163 τοῦτο
2136 2130 2273 2174 φοβεῖται
2293 2136 2309 2163 ὁ

1238 2183 1272 2205 Κ.
1293 2180 1460 2221 Καλλιγᾶς,
1503 2184 1646 2221 σκοποῦσι
1669 2182 1701 2210 νὰ
1721 2180 1840 2220 κάμωσι
1863 2181 1914 2218 τὴν
1940 2177 2065 2223 δύναμιν
2084 2184 2154 2216 ὅλην
2182 2184 2215 2212 νὰ
2243 2184 2308 2224 συῤ-

1234 2228 1316 2268 ῥεύσῃ
1338 2230 1375 2264 εἰς
1395 2225 1447 2260 τὴν
1470 2228 1689 2268 πρωτεύουσαν,
1728 2232 1743 2262 ἡ
1759 2224 1799 2257 δὲ
1817 2231 2011 2269 πρωτεύουσα
2037 2231 2068 2259 νὰ
2095 2231 2235 2272 κατάρχῃ
2258 2236 2306 2260 τοῦ

1232 2273 1369 2316 κράτους,
1395 2278 1446 2311 καὶ
1466 2273 1487 2310 ν’
1504 2275 1671 2317 ἀποφασίζῃ
1703 2279 1780 2315 κατὰ
1801 2277 1833 2307 τὸ
1857 2273 1959 2307 δοκοῦν
1983 2282 2058 2317 αὐτῇ
2082 2280 2147 2319 περὶ
2179 2285 2234 2311 τῆς
2252 2280 2304 2307 τύ-

1231 2336 1285 2365 χης
1308 2330 1358 2360 τοῦ
1378 2320 1523 2364 κράτους.
1534 2320 1642 2355 Ἄδικον
1657 2324 1711 2366 ἆρά
1730 2338 1771 2366 γε,
1789 2329 1944 2363 παντελῶς
1964 2324 2069 2356 ἄδικον
2092 2325 2209 2367 τοῦτο;
2225 2323 2303 2368 Ἀφοῦ

1232 2385 1278 2403 καὶ
1300 2375 1313 2402 ὁ
1334 2374 1406 2407 Θεὸς
1428 2376 1453 2402 ἐν
1479 2377 1511 2406 τῇ
1533 2376 1648 2414 κεφαλῇ
1681 2374 1760 2404 ἔθετο
1784 2377 1834 2408 τὰς
1851 2374 2035 2416 κυριωτέρας
2058 2376 2106 2404 καὶ
2129 2376 2301 2419 εὐγενεστέ-

1231 2433 1278 2462 ρας
1300 2428 1359 2451 τῶν
1378 2420 1540 2463 αἰσθήσεων
1565 2426 1616 2452 τοῦ
1634 2421 1795 2463 ἀνθρώπου,
1829 2423 1877 2452 καὶ
1898 2420 1946 2452 διὰ
1967 2429 2029 2453 τῶν
2052 2423 2218 2455 αἰσθήσεων
2242 2430 2302 2453 τῶν

1229 2472 1258 2500 ἐν
1277 2475 1321 2509 τῇ
1338 2472 1455 2510 κεφαλῇ
1476 2468 1649 2513 κυβερνᾶται
1689 2473 1721 2500 τὸ
1749 2476 1848 2510 σῶμα,
1886 2468 2030 2502 δύνανται
2049 2474 2179 2515 εὐλόγως
2198 2478 2222 2503 οἱ
2247 2473 2304 2502 πό-

1230 2514 1275 2553 δες
1309 2518 1342 2548 νὰ
1373 2521 1575 2561 κατακρίνωσι
1614 2521 1665 2552 τὴν
1690 2521 1830 2561 κεφαλήν,
1874 2517 1950 2552 διότι
1985 2520 2076 2552 ἔλαβε
2101 2522 2304 2563 μεγαλείτερα

1229 2564 1334 2611 δῶρα;
1381 2572 1414 2599 Αἱ
1434 2570 1636 2611 πρωτεύουσαι
1659 2575 1816 2610 πανταχοῦ
1847 2565 2065 2611 ἀποφασίζουσι
2088 2572 2157 2611 περὶ
2182 2575 2230 2604 τῆς
2250 2570 2305 2599 τύ-

1228 2629 1284 2658 χης
1310 2622 1364 2656 τοῦ
1383 2618 1518 2659 κράτους,
1560 2613 1637 2658 διότι
1671 2620 1720 2648 καὶ
1755 2623 1814 2649 τῶν
1837 2620 1984 2661 ἐπαρχιῶν
2026 2622 2052 2649 οἱ
2077 2621 2236 2661 κράτιστοι
2273 2621 2301 2648 ἐν

1227 2669 1330 2700 αὐταῖς
1354 2667 1404 2699 τὰς
1423 2662 1556 2698 συνόδους
1576 2671 1745 2706 ποιοῦνται,
1765 2670 1811 2698 καὶ
1840 2666 1866 2695 ἐν
1886 2670 1987 2702 αὐταῖς
2011 2669 2061 2697 καὶ
2081 2671 2097 2701 ἡ
2122 2666 2297 2699 διανοητικὴ

1228 2711 1391 2749 ἀνάπτυξις
1426 2713 1603 2755 τελειοτέρα,
1625 2717 1673 2745 καὶ
1703 2717 1715 2748 ἡ
1734 2718 1821 2752 ὑλικὴ
1840 2711 1964 2756 δύναμις
1984 2713 2105 2757 μείζων·
2149 2718 2199 2746 καὶ
2220 2720 2300 2757 ὅμως

1226 2764 1337 2806 ἔχομεν
1359 2764 1410 2802 τὴν
1429 2764 1635 2806 ἐπανάστασιν
1660 2769 1711 2794 τοῦ
1729 2759 1917 2806 Ὀκτωβρίου,
1955 2765 2021 2799 ἥτις
2043 2760 2210 2802 ἀπέδειξεν,
2254 2764 2303 2792 ὅτι

1226 2808 1274 2841 δὲν
1295 2812 1371 2844 εἶναι
1387 2813 1522 2844 πάντοτε
1547 2815 1562 2845 ἡ
1578 2810 1790 2858 πρωτεύουσα,
1802 2816 1864 2851 ἥτις
1886 2810 2066 2857 ἀποφασίζει
2086 2814 2151 2852 περὶ
2170 2813 2221 2845 τῆς
2245 2812 2300 2854 τύ-

1227 2876 1278 2903 χης
1299 2868 1349 2900 τοῦ
1376 2862 1519 2903 Κράτους,
1540 2862 1643 2897 καθότι
1666 2865 1681 2896 ἡ
1707 2863 1904 2899 ἐπανάστασις
1932 2863 2009 2895 αὕτη
2033 2857 2143 2902 ἤρξατο
2167 2860 2224 2890 ἀπὸ
2246 2863 2297 2889 τοῦ

1226 2911 1404 2942 ἀπωτάτου
1438 2911 1561 2954 σημείου
1597 2915 1648 2945 τῆς
1674 2911 1864 2954 ἐπικρατείας
1892 2913 1942 2941 καὶ
1976 2910 2011 2939 τὸ
2037 2910 2148 2951 κίνημα
2184 2905 2301 2940 διεδόθη

1224 2965 1403 3001 πανταχοῦ,
1419 2962 1488 2996 ὡσεὶ
1513 2959 1566 2994 ἦτο
1596 2960 1748 2999 ὑπόνομός
1763 2960 1805 2996 τις
1840 2962 1871 2994 ἐκ
1894 2954 2050 3001 πυρίτιδος
2071 2956 2141 2988 καθ’
2159 2959 2242 2987 ἅπαν
2265 2958 2300 2987 τὸ

1225 3010 1335 3051 κράτος
1352 3008 1564 3050 ἐκτεινομένη.

1273 3053 1348 3088 Ἀλλ’
1370 3053 1553 3100 ἀπηγόρευσέ
1572 3058 1614 3098 τίς
1630 3066 1712 3093 ποτε,
1725 3057 1824 3099 λέγει,
1820 3052 1878 3102 τὰς
1887 3053 2093 3097 συναθροίσεις,
2109 3053 2304 3099 παρεκώλυσέ

1225 3108 1270 3142 τίς
1293 3108 1374 3139 ποτε
1390 3109 1502 3146 αὐτάς;
1515 3109 1564 3138 καὶ
1585 3107 1681 3149 ἔφερεν
1706 3109 1751 3141 ὡς
1760 3101 1946 3147 παράδειγμα
1978 3105 2031 3136 τὸν
2067 3111 2109 3139 Κ.
2128 3098 2303 3137 Χρηστίδην

1226 3159 1274 3186 καὶ
1291 3159 1414 3196 ἑαυτόν,
1432 3156 1570 3200 προσθείς,
1595 3156 1641 3187 ὅτι
1664 3158 1785 3196 συνῆγον
1805 3155 1833 3183 ἐν
1855 3158 1919 3189 ταῖς
1942 3151 2090 3188 αἰθούσαις
2115 3157 2214 3185 αὑτῶν
2234 3154 2304 3185 τοὺς

1228 3207 1327 3248 φίλους
1342 3208 1392 3240 καὶ
1413 3206 1647 3246 συνεσκέπτοντο
1667 3207 1734 3247 περὶ
1752 3207 1809 3237 τῶν
1827 3196 1993 3246 δημοσίων.
2009 3201 2096 3238 Ἀλλὰ
2114 3203 2201 3235 ποίαν
2227 3198 2307 3237 ἐπιῤ-
