2496 3500
222 342 293 386 ῥοὴν
317 344 405 385 ἔσχον
428 338 491 387 ἆρά
491 341 539 388 γε
551 346 580 375 οἱ
600 339 651 375 δύο
672 342 754 385 οὗτοι
778 348 897 377 πολῖται
918 348 964 379 ἐπὶ
987 351 1039 377 τοῦ
1055 343 1200 384 δημοσίου
1219 350 1301 379 πνεύ-

221 403 354 440 ματος;
376 389 435 432 τὴν
450 390 597 437 ἐνέργειαν
621 396 674 436 τοῦ
702 402 743 431 Κ.
761 391 938 438 Χρηστίδου
960 389 1140 439 ᾐσθανόμεθα
1165 398 1252 440 μόνον
1273 401 1299 428 ἐν

225 446 264 483 τῇ
286 441 439 483 Γερουσίᾳ,
464 444 509 483 καὶ
527 446 560 474 ἐκ
583 445 696 480 ταύτης
710 447 781 479 ἴσως
797 443 921 486 προῆλθέ
936 455 966 476 τι
981 444 1082 480 καλόν,
1102 448 1181 477 ἀλλὰ
1200 448 1252 480 τὴν
1271 451 1300 478 ἐκ

222 494 273 520 τῆς
297 489 392 525 οἰκίας
412 495 464 520 τοῦ
492 498 527 523 Κ.
547 493 692 535 Καλλιγᾶ
723 491 784 525 οὔτ’
807 491 878 535 ἐγώ,
907 494 969 523 οὔτ’
993 497 1084 533 ἄλλος
1099 507 1144 531 τις
1168 492 1200 533 ἐξ
1220 499 1299 537 ὑμῶν

221 538 276 572 τὴν
296 538 433 579 ᾐσθάνθη,
452 542 502 572 καὶ
523 539 556 572 ἂν
582 544 595 576 ἡ
619 544 851 584 μετριοφροσύνη
870 548 923 573 τοῦ
942 549 971 575 Κ.
998 546 1150 586 Καλλιγᾶ
1182 541 1233 583 δὲν
1245 552 1299 585 μᾶς

219 598 276 618 τὴν
290 589 386 632 ἔλεγε,
407 593 454 627 καὶ
474 590 586 631 ἡμεῖς,
588 592 638 621 καὶ
654 591 688 621 τὸ
707 591 787 629 ἔθνος
804 593 882 632 ὅλον,
895 595 946 623 καὶ
965 594 981 625 ἡ
1001 594 1114 635 ἱστορία
1133 593 1236 632 ἤθελον
1250 595 1299 629 τὴν

220 639 324 681 ἀγνοεῖ
345 636 428 679 (εὖγε
445 636 552 679 εὖγε).

272 682 356 717 Ἄλλο
371 690 452 729 ὅμως
474 688 712 729 πειστικώτερον
736 688 803 724 ἴσως
823 689 1030 732 παράδειγμα,
1051 692 1100 723 καὶ
1119 695 1163 724 τοι
1179 695 1299 730 οἰκεῖον,

218 733 294 765 θέλω
314 738 391 777 φέρει
407 741 470 777 ὑμῖν
490 740 526 769 εἰς
549 732 704 771 ἀπόδειξιν
725 742 776 773 τῆς
795 739 924 779 ἀνάγκης
947 742 981 771 νὰ
1003 743 1188 783 ἐγγραφῶσιν
1211 743 1237 770 ἐν
1257 747 1299 784 τῷ

217 786 425 826 πολιτεύματι
445 784 481 813 τὰ
504 784 592 826 ἄρθρα
615 784 655 817 10
686 790 733 817 καὶ
766 789 818 819 11.
839 784 895 819 Ὅτ’
918 789 1043 822 ἐπαύθην
1079 793 1139 820 ἀπὸ
1162 795 1214 820 τοῦ
1228 791 1302 833 Πα-

217 834 431 875 νεπιστημίου,
459 837 472 864 ἡ
494 829 611 869 ἐξουσία
646 832 693 867 δὲν
716 839 765 877 μοὶ
801 838 943 879 ἐπέτρεψε
977 839 1011 870 νὰ
1038 840 1198 882 συναγάγω
1232 845 1294 881 περὶ

216 881 272 921 ἐμὲ
312 885 381 925 τοὺς
400 881 537 922 μαθητάς
563 894 619 925 μου
657 886 705 915 καὶ
734 886 842 921 ἄλλους
870 887 1040 926 φιλομαθεῖς
1077 889 1149 921 νέους
1177 889 1225 918 καὶ
1252 884 1298 921 δι-

215 924 319 959 δάσκω
343 933 439 961 αὐτοῖς
460 935 498 960 τὸ
513 929 765 975 Συνταγματικὸν
797 931 924 975 δίκαιον,
960 938 1030 978 ὅπερ
1044 938 1135 979 μέχρι
1154 944 1206 971 τῆς
1221 940 1295 967 ἀπο-

211 978 330 1010 λύσεώς
350 989 406 1019 μου
427 980 502 1011 αὐτὴ
526 983 538 1011 ἡ
565 976 683 1015 ἐξουσία
709 984 854 1024 ἐπέτρεπέ
875 995 923 1024 μοι
950 987 998 1015 ἐπὶ
1032 982 1063 1021 ἓξ
1099 989 1153 1016 ὅλα
1177 988 1244 1024 ἔτη,
1280 987 1294 1022 ἢ

207 1029 334 1071 μᾶλλον
359 1029 578 1069 ἐντεταλμένον
599 1043 637 1073 με
657 1029 732 1073 εἶχε,
755 1034 789 1065 νὰ
812 1035 958 1076 ἑρμηνεύω
981 1036 1131 1076 ἐπισήμως
1154 1038 1212 1065 ἀπὸ
1245 1042 1291 1069 τῆς

209 1071 297 1114 ἕδρας
320 1081 371 1106 τοῦ
398 1081 658 1115 Πανεπιστημίου,
680 1083 760 1113 ὥστε
779 1083 848 1111 οὔτε
877 1083 929 1116 τὴν
962 1087 1105 1126 πρόφασιν
1130 1086 1176 1115 ὅτι
1217 1087 1293 1126 ἤμην

210 1120 360 1166 ἀδόκιμος
383 1127 419 1153 νὰ
435 1129 571 1167 προτείνῃ
595 1124 737 1167 ἠδύνατο,
762 1127 825 1160 οὐδ’
846 1133 893 1164 ὅτι
912 1137 940 1163 αἱ
966 1134 1051 1176 ἀρχαί
1073 1146 1140 1173 μου,
1161 1137 1293 1176 γνωσταὶ

209 1182 266 1215 πρὸ
295 1176 426 1213 πολλοῦ,
450 1173 522 1210 ἦσαν
545 1180 774 1218 ἀνατρεπτικαί.
790 1182 834 1210 Τὸ
858 1183 927 1221 ἐμὸν
954 1177 1147 1222 παράδειγμα
1175 1185 1301 1220 ἐπικρα-

206 1220 348 1259 τέστερον
371 1225 424 1250 τοῦ
449 1224 595 1264 ὑμετέρου
616 1231 652 1257 Κ.
666 1230 813 1270 Καλλιγᾶ
837 1225 947 1269 νομίζω
968 1226 1051 1264 εἶναι,
1068 1226 1146 1259 διότι
1167 1233 1202 1261 τὸ
1224 1234 1293 1263 ἐμὸν

205 1267 363 1299 ἀπέβλεπε
383 1273 424 1306 εἰς
448 1274 502 1305 τὴν
524 1275 697 1315 ἀποτροπὴν
720 1282 771 1314 τοῦ
792 1278 979 1313 ἐπικειμένου
1018 1283 1054 1317 τῇ
1078 1281 1214 1314 πολιτείᾳ
1240 1292 1291 1309 κα-

204 1322 262 1347 κοῦ
289 1320 323 1347 ἐκ
345 1324 401 1355 τῆς
416 1322 568 1352 ἑκάστοτε
593 1320 805 1364 παραβιάσεως
828 1330 878 1359 τοῦ
899 1329 1121 1370 Συντάγματος,
1142 1330 1193 1356 καὶ
1218 1330 1290 1357 ἀπό-

206 1359 301 1399 δειξις
329 1369 448 1406 τούτου,
472 1369 519 1400 ὅτι
540 1370 649 1400 ἔκτοτε
671 1375 686 1401 ἡ
709 1375 846 1406 τυραννία
873 1375 974 1417 ἤρχισε
996 1377 1029 1404 νὰ
1066 1374 1205 1412 προβαίνῃ
1232 1378 1291 1404 ἀπὸ

201 1405 347 1454 βαθμίδος
364 1420 402 1449 εἰς
420 1414 573 1458 βαθμίδα,
589 1419 643 1452 ἕως
663 1416 734 1453 ὅτου
756 1422 880 1465 ἔφθασεν
900 1427 935 1459 εἰς
960 1426 1009 1454 τὸν
1033 1426 1202 1461 κολοφῶνα,
1220 1426 1291 1455 ἐκεῖ-

204 1459 251 1490 θεν
273 1460 305 1490 δ’
321 1465 498 1506 ἐκρημνίσθη
519 1470 557 1500 εἰς
581 1468 615 1497 τὸ
634 1464 791 1510 βάραθρον.
808 1469 900 1512 (εὖγε
915 1469 1020 1513 εὖγε!)

255 1508 398 1547 Φοβεῖσθε
425 1516 494 1547 τοὺς
516 1518 760 1553 συνεταιρισμοὺς
782 1522 829 1549 καὶ
848 1522 898 1553 τὰς
918 1518 1116 1555 συναθροίσεις,
1123 1516 1202 1552 διότι
1219 1533 1291 1559 προ-

200 1560 343 1598 καλοῦσι,
367 1562 498 1604 λέγετε,
513 1566 566 1597 τὰς
585 1563 819 1607 ἐπαναστάσεις,
851 1563 932 1598 διατὶ
952 1571 1029 1605 ὅμως
1049 1565 1096 1599 δὲν
1118 1572 1240 1610 ῥίπτετε
1261 1572 1288 1600 ἓν

194 1596 341 1656 βλέμμα,
338 1606 412 1653 οὐχὶ
425 1612 474 1640 ἐπὶ
497 1615 546 1642 τῆς
569 1615 680 1653 ἐποχῆς
706 1618 755 1654 τῆς
777 1618 1013 1659 φλεγμαινούσης
1033 1613 1238 1657 δημοκρατίας
1256 1623 1288 1650 ἀ-

195 1655 237 1684 πὸ
253 1663 307 1685 τοῦ
330 1658 421 1687 1789
438 1659 490 1687 καὶ
506 1656 620 1701 ἐφεξῆς,
634 1661 685 1697 ὅτε
703 1667 753 1690 τοῦ
769 1664 841 1695 ὅλου
856 1673 1026 1699 κοινωνικοῦ
1045 1662 1287 1707 οἰκοδομήματος

196 1705 215 1735 ἡ
237 1707 393 1743 ἀνατροπὴ
415 1708 545 1747 ἐγίνετο,
560 1709 610 1737 ὅτε
626 1706 797 1741 συνέβαινον
817 1718 844 1741 αἱ
871 1710 972 1748 ὠδῖνες
996 1711 1031 1748 ἐξ
1043 1712 1082 1743 ὧν
1103 1718 1117 1745 ὁ
1139 1715 1287 1748 νεώτατος

197 1753 382 1793 πολιτισμὸς
407 1755 556 1797 παρήχθη,
582 1752 694 1796 ὡδῖνες,
729 1758 761 1790 ἃς
784 1758 929 1793 ἀδύνατον
955 1760 985 1795 ἦν
1010 1767 1042 1792 νὰ
1069 1761 1202 1802 προλάβῃ
1224 1768 1289 1797 οἱα-

197 1794 320 1831 δήποτε
342 1801 510 1843 ἀνθρωπίνη
536 1802 672 1846 δύναμις,
700 1805 770 1836 ἀλλ’
793 1811 841 1839 ἐπὶ
856 1815 907 1842 τῆς
935 1813 1045 1852 ἐποχῆς
1084 1815 1136 1846 τῆς
1155 1815 1286 1848 ἱστορίας

196 1852 251 1880 τῆς
282 1853 410 1883 Γαλλίας
434 1853 517 1881 κατὰ
542 1856 619 1882 πολὺ
640 1860 691 1889 τῆς
713 1858 832 1897 πρώτης
852 1860 1056 1900 ὁμαλωτέρας,
1090 1864 1143 1896 τῆς
1174 1863 1284 1902 ἐποχῆς

197 1893 279 1933 λέγω
307 1902 359 1927 τοῦ
382 1899 489 1935 1848,
514 1901 567 1932 ὅτε
591 1899 757 1933 ἐμποδίσθη
778 1909 795 1939 ἡ
814 1907 953 1947 ἔκφρασις
974 1912 1032 1937 τῶν
1061 1909 1216 1947 συλλόγων
1234 1911 1284 1939 καὶ

195 1950 258 1974 τῶν
281 1947 507 1987 συναθροίσεων,
522 1945 602 1980 διότι
621 1952 659 1984 εἰς
681 1964 718 1980 τα
745 1956 890 1986 πολιτικὰ
911 1956 1076 1996 συμπόσια,
1094 1956 1113 1987 ἃ
1131 1954 1285 1993 ἐδόθησαν,

192 1992 245 2033 ὄχι
268 1997 357 2033 μόνον
382 1997 552 2034 κωλύματα
573 1997 835 2040 παρενεβλήθησαν
867 2004 922 2035 ὑπὸ
947 2009 997 2039 τῆς
1019 2000 1160 2039 ἐξουσίας,
1202 2009 1280 2035 ἀλλὰ

194 2043 247 2069 καὶ
268 2039 295 2069 οἱ
319 2046 526 2088 μετασχόντες
549 2048 646 2079 αὐτῶν
670 2052 834 2086 Βουλευταὶ
858 2052 913 2081 ὑπὸ
935 2056 984 2086 τῆς
997 2056 1115 2090 Βουλῆς
1138 2060 1187 2085 τοῦ
1211 2063 1285 2084 Λου-

191 2086 318 2119 δοβίκου
336 2094 488 2123 Φιλίππου
515 2093 810 2138 ἀπεδοκιμάσθησαν,
826 2096 904 2133 ὅπως
923 2096 1007 2132 ἴδητε
1029 2103 1079 2130 ὅτι
1102 2103 1217 2133 πολλαὶ
1234 2100 1279 2132 δὲν

189 2139 347 2180 παρῆλθον
373 2142 479 2183 ἡμέραι
503 2146 552 2172 καὶ
570 2140 712 2188 ἐξεῤῥάγη
735 2151 750 2182 ἡ
770 2150 983 2188 ἐπανάστασις,
1004 2150 1052 2181 καὶ
1070 2152 1210 2193 ἀνέτρεψε
1229 2157 1279 2182 τὸν

183 2180 287 2229 θρόνον
311 2189 393 2223 ὅστις
415 2190 554 2230 ἐφαίνετο
583 2195 639 2226 ἐπὶ
657 2197 864 2237 στερεωτάτης
892 2195 1003 2235 βάσεως
1028 2195 1188 2241 ἱδρυμένος;

243 2233 283 2265 Ἄ!
317 2237 407 2279 Κύριε
433 2242 596 2286 Καλλιγᾶ,
617 2245 650 2272 τὸ
678 2250 733 2286 πῦρ
757 2246 827 2284 ὅταν
869 2246 943 2284 ἦναι
972 2251 1088 2288 φανερὸν
1121 2249 1275 2289 θερμαίνει,

186 2284 261 2313 ὅταν
284 2287 361 2328 ὅμως
386 2289 513 2328 ὑφέρπῃ,
551 2292 598 2323 οἵα
624 2298 667 2325 τις
691 2295 849 2331 ὑπόνομος,
870 2297 1047 2334 ἀνατρέπει·
1073 2301 1120 2337 μὴ
1159 2300 1275 2340 ἀφίνετε

188 2333 296 2362 λοιπὸν
334 2337 409 2364 αὐτὸ
429 2339 463 2364 νὰ
488 2333 586 2379 βόσκῃ
604 2338 752 2376 λαθραίως
777 2343 803 2373 ἐν
823 2346 974 2383 ὑπονόμῳ,
992 2342 1072 2375 διότι
1092 2347 1210 2380 πάντως
1231 2345 1274 2375 θέ-

188 2383 236 2410 λει
258 2380 334 2423 φέρει
357 2387 397 2420 εἰς
418 2381 559 2425 ἔκρηξιν·
593 2380 630 2422 εἰς
661 2386 825 2430 τοὐμφανὲς
848 2392 927 2433 ὅμως
949 2393 1020 2423 ὅταν
1053 2394 1121 2428 καίη
1147 2386 1273 2426 δύναταί

183 2441 230 2462 τις
252 2432 286 2459 νὰ
308 2428 445 2473 διευθύνῃ
462 2435 514 2470 τὴν
539 2430 636 2477 φλόγα
658 2441 767 2471 αὐτοῦ·
797 2446 822 2471 ἐν
840 2446 879 2477 τῷ
904 2446 1013 2481 φανερῷ
1031 2446 1064 2481 τὸ
1079 2448 1135 2485 πῦρ
1152 2442 1273 2487 θερμαί-

183 2488 227 2509 νει
239 2479 289 2506 καὶ
307 2479 444 2521 φωτίζει,
459 2479 556 2518 οὐδεὶς
574 2480 609 2513 δὲ
623 2482 755 2521 κίνδυνος
776 2493 932 2528 πυρκαϊᾶς,
948 2493 1029 2528 ἀρκεῖ
1044 2495 1133 2532 μικρὰ
1142 2496 1271 2535 προσοχὴ

184 2528 226 2561 εἰς
242 2526 391 2567 πρόληψιν
407 2533 518 2566 αὐτῆς.
524 2529 630 2572 (εὖγε!
637 2533 736 2575 εὖγε)!
743 2539 778 2565 Ἐν
791 2541 869 2574 πάσῃ
891 2541 1027 2579 πολιτείᾳ
1044 2541 1166 2582 ὑπάρχει
1189 2545 1276 2571 ἀντι-

180 2577 367 2613 πολίτευσις,
386 2580 440 2607 καὶ
457 2582 473 2610 ἡ
493 2583 736 2619 ἀντιπολίτευσις
753 2587 830 2618 αὕτη
854 2584 927 2616 εἶναι
959 2586 994 2622 ὡς
1017 2581 1139 2625 ζέοντος
1160 2585 1270 2625 ὕδατος

180 2624 290 2664 ἀτμός,
308 2616 358 2669 μὴ
361 2625 471 2663 λοιπὸν
489 2633 714 2665 κατακλείσητε
737 2634 929 2674 πανταχόθεν
944 2635 993 2666 τὸν
1015 2634 1123 2674 ζέοντα
1141 2635 1275 2682 λέβητα,

180 2665 262 2703 διότι
287 2672 410 2708 πάντως
432 2674 507 2705 θέλει
533 2677 667 2717 προέλθει
712 2679 836 2724 ἔκρηξις,
858 2685 948 2725 ἄφετε
965 2682 1065 2718 ἔξοδον
1084 2689 1122 2721 εἰς
1146 2690 1195 2717 τὸν
1214 2691 1271 2717 ἀτ-

176 2718 250 2761 μόν,
288 2721 331 2761 μὴ
356 2724 499 2760 κλείσητε
518 2727 575 2759 τὴν
599 2723 722 2767 δικλίδα
763 2736 815 2767 τῆς
840 2736 1004 2773 ἀσφαλείας
1027 2740 1076 2768 τῆς
1098 2739 1274 2774 πολιτείας.

233 2769 319 2800 Εἶπεν
343 2771 357 2800 ὁ
378 2772 500 2811 ἔντιμος
515 2778 729 2817 προλαλήσας,
751 2781 797 2810 ὅτι
816 2779 909 2817 οὐδεὶς
928 2780 1099 2825 ἐμπόδισεν
1121 2788 1215 2816 αὐτὸν
1232 2789 1264 2816 νὰ

179 2819 236 2863 ἔχῃ
261 2817 467 2860 συναθροίσεις
478 2824 506 2860 ἐν
533 2821 576 2860 τῇ
597 2819 658 2866 ἰδίᾳ
677 2828 771 2863 αὐτοῦ
794 2831 885 2873 οἰκίᾳ,
921 2829 989 2869 ἴσως
1013 2828 1091 2866 διότι
1112 2834 1227 2873 ἐθεώρει
1246 2839 1263 2869 ἡ

176 2854 299 2903 ἐξουσία
318 2864 495 2910 ἀκινδύνους
517 2876 689 2915 πνεύματος
705 2879 755 2912 καὶ
768 2878 918 2923 εἰρωνείας
941 2882 990 2919 καὶ
1006 2879 1263 2927 σκαλαθυρμάτων

175 2914 350 2960 ἀκαδημίας
375 2920 427 2955 τὰς
451 2921 480 2949 ἐν
510 2921 589 2961 οἴκῳ
611 2927 669 2952 τοῦ
696 2929 735 2957 Κ.
765 2930 915 2972 Καλλιγᾶ
953 2930 1154 2973 συναθροίσεις,
1180 2934 1261 2966 τίνος

171 2961 269 3008 ὅμως
275 2964 383 3007 ἕνεκα
383 2969 438 3005 τὰ
450 2965 652 3012 δικαιώματα
659 2977 781 3012 ταῦτα
796 2977 833 3008 νὰ
853 2976 935 3019 θέλῃ
944 2977 1038 3018 μόνον
1050 2980 1123 3023 ὑπὲρ
1134 2986 1266 3027 ἑαυτοῦ,

174 3015 229 3042 καὶ
255 3017 288 3046 νὰ
305 3018 349 3060 μὴ
363 3018 522 3062 ἐπιτρέπῃ
537 3020 641 3058 αὐτῶν
664 3021 716 3054 τὴν
742 3023 843 3063 χρῆσιν
883 3029 932 3063 καὶ
951 3031 1057 3068 ἑτέροις
1080 3033 1148 3072 πρὸς
1167 3043 1259 3063 σπου-

167 3056 318 3106 δαιότερα
341 3067 518 3110 σκοποῦσιν;
531 3062 585 3112 Ἄ!
600 3070 699 3112 Κύριε
714 3072 868 3114 Καλλιγᾶ,
886 3077 961 3112 πολὺ
982 3079 1079 3114 καλῶς
1097 3077 1257 3125 γνωρίζετε

166 3108 229 3144 ὅτι
241 3106 288 3158 τῇ
296 3110 514 3163 γελωτοποιΐᾳ
525 3114 586 3156 καὶ
604 3116 646 3158 τῇ
656 3115 815 3167 κωμῳδίᾳ
821 3120 864 3160 οὐ
875 3121 963 3166 μόνον
969 3122 1170 3171 ἐπιτρέπεται
1183 3129 1258 3161 πλή-

164 3170 218 3202 ρης
228 3158 403 3204 ἐλευθερία
401 3160 442 3202 ἐν
454 3170 526 3201 ταῖς
548 3169 710 3203 ἀπολύτοις
732 3173 915 3215 μοναρχίαις,
936 3177 1015 3210 ἀλλὰ
1036 3179 1089 3211 καὶ
1109 3178 1255 3222 ἐμψύχω-

166 3220 215 3244 σις
236 3205 402 3251 δίδεται
407 3213 541 3253 αὐταῖς,
564 3215 623 3254 τῆς
636 3215 903 3263 σπουδαιολογίας
940 3224 1027 3265 μόνον
1049 3228 1097 3258 τὰ
1107 3228 1254 3271 στόματα

156 3265 340 3309 φιμοῦνται.

1347 345 1423 382 Ἀλλ’
1426 346 1446 387 ἡ
1455 346 1550 385 Ἑλλὰς
1561 349 1726 394 εὑρίσκεται
1741 349 1797 393 ἆρά
1816 365 1849 396 γε
1862 354 1902 390 εἰς
1918 354 2033 391 ἥττονα
2053 353 2130 396 θέσιν
2163 357 2217 395 τὴν
2238 358 2359 401 σήμερον
2383 362 2400 399 ἢ

1320 398 1367 428 ὃτι
1384 401 1399 430 ἡ
1418 395 1537 440 Ἀγγλία
1551 403 1603 443 πρὸ
1619 397 1670 436 δύο
1685 399 1701 434 ἢ
1716 406 1803 443 τριῶν
1820 403 1953 450 αἰώνων;
1961 402 2016 438 ἦτο
2035 401 2062 435 δ’
2067 402 2159 447 ἆράγε
2174 412 2401 452 συγκεχωρημέ-

1321 458 1368 476 νον
1389 450 1456 490 ὑμῖν
1473 452 1511 478 Κ.
1529 452 1680 492 Καλλιγᾶ,
1699 452 1730 481 νὰ
1751 452 1886 494 ἐκφέρητε
1905 456 1974 494 μίαν
1998 455 2151 494 ἱστορικὴν
2188 452 2393 499 βλασφημίαν,

1321 498 1369 526 ὅτι
1385 500 1398 527 ὁ
1416 500 1554 531 Βασιλεὺς
1576 501 1603 529 ἐν
1620 496 1737 542 Ἀγγλίᾳ
1757 502 1809 543 πρὸ
1825 506 1877 530 τοῦ
1901 504 2034 541 μεγάλου
2054 503 2170 546 χάρτου
2194 501 2247 535 ἦτο
2266 508 2395 549 ἀσθενής,

1322 547 1348 575 οἱ
1364 542 1395 575 δὲ
1418 551 1547 591 Βαρῶνοι
1566 549 1687 591 ἰσχυροί;
1709 549 1787 592 λέγω
1805 548 1857 578 ὅτι
1878 548 1967 581 τοῦτο
1988 548 2061 584 εἶναι
2085 554 2141 593 μία
2164 556 2300 593 ἱστορικὴ
2321 553 2402 589 βλα-

1323 597 1447 636 σφημία,
1482 593 1559 627 διότι
1581 595 1827 639 καταβεβλημένη
1849 599 1900 639 μὲν
1925 603 1988 634 ἐκεῖ
2005 600 2061 634 ἦτο
2083 606 2099 636 ἡ
2135 601 2290 640 ἐλευθερία,
2314 612 2396 637 πᾶσα

1321 641 1348 673 δ’
1375 642 1392 678 ἡ
1412 640 1534 685 δυνάμις
1557 649 1681 689 ὑπῆρχεν
1703 651 1742 683 εἰς
1764 649 1813 681 τὴν
1833 646 2006 689 βασιλείαν,
2028 650 2061 685 ἣν
2082 654 2099 685 ἡ
2133 647 2326 692 Νορμανδικὴ
2347 668 2404 688 κα-

1323 694 1469 730 τάκτησις
1494 697 1561 736 ὑπὲρ
1583 700 1682 726 πᾶσαν
1717 697 1815 728 ἄλλην
1848 694 2007 729 βασιλείαν
2033 702 2154 741 ἰσχυρὰν
2176 696 2336 745 ἀνίδρυσεν,
2371 709 2394 736 οἱ

1322 739 1354 773 δὲ
1378 741 1545 784 Νορμανδοὶ
1564 743 1689 787 βαρῶνοι
1712 744 1837 787 ἀσθενεῖς
1859 746 1952 784 ὄντες,
1970 749 2009 781 ὡς
2029 747 2151 786 ἔχοντες
2175 762 2229 780 τὴν
2252 763 2394 797 καταγω-

1318 796 1371 831 γὴν
1390 793 1466 828 ὅλως
1481 790 1584 838 ξένην,
1600 792 1678 836 εἶχον
1707 796 1836 834 ἀνάγκην
1857 799 1890 826 νὰ
1916 792 2180 838 ὑποστηρίζωνται
2200 803 2255 828 ὑπὸ
2279 806 2335 828 τῶν
2366 804 2397 833 ἰ-

1317 840 1444 883 θαγενῶν
1466 849 1683 884 τιμαριωτικῶς
1708 843 1807 879 αὑτοῖς
1831 846 1995 886 ὑποτελῶν,
2011 844 2092 882 ὅπως
2107 842 2260 887 βαθμηδὸν
2284 846 2396 892 ἐνισχυ-

1316 888 1414 919 θῶσιν·
1438 891 1515 920 οὕτω
1536 888 1572 921 δ’
1576 895 1590 923 ὁ
1606 888 1763 935 σύνδεσμος
1789 893 1901 933 μεταξὺ
1922 899 1973 925 τοῦ
1998 896 2133 933 Βαρώνου
2172 897 2221 926 καὶ
2245 902 2297 927 τοῦ
2317 903 2395 932 ὑπη-

1316 940 1385 970 κόου
1405 940 1586 971 ἀνέπτυσσεν
1610 942 1825 974 ἀνεπαισθήτως
1847 947 1900 974 τὴν
1935 942 2114 988 ἐλευθερίαν,
2138 946 2166 975 ἐν
2192 949 2229 984 τῇ
2252 944 2393 990 ἀμοιβαίᾳ

1317 991 1385 1027 πρὸς
1408 991 1554 1024 ἀλλήλους
1574 992 1672 1024 πίστει
1692 991 1741 1019 καὶ
1767 992 1861 1032 φιλίᾳ,
1882 992 2019 1032 μάλιστα
2035 989 2062 1020 δ’
2068 995 2095 1020 ἐν
2115 999 2159 1033 τῷ
2176 1000 2264 1033 κοινῷ
2288 997 2401 1037 συμφέ-

1317 1048 1410 1072 ροντι.
1427 1038 1530 1071 Οὕτως
1550 1040 1578 1069 ἐν
1594 1032 1724 1086 Ἀγγλίᾳ,
1720 1033 1803 1078 ἔνθεν
1814 1040 1864 1079 μὲν
1881 1042 2021 1073 βασιλεὺς
2037 1040 2199 1075 πανσθένης
2217 1047 2249 1072 τὸ
2266 1049 2394 1086 πρῶτον,

1318 1085 1475 1115 ἀπέβαλλε
1489 1089 1535 1115 ἐπὶ
1560 1083 1611 1116 δύο
1633 1094 1760 1129 συνεχεῖς
1781 1090 1889 1121 αἰῶνας
1912 1090 2060 1124 ἑκάστοτε
2081 1095 2133 1124 τῆς
2158 1097 2261 1121 ἑαυτοῦ
2283 1097 2398 1143 ἰσχύος,

1316 1135 1454 1175 ἑτέρωθεν
1474 1132 1505 1165 δὲ
1529 1139 1545 1168 ἡ
1568 1134 1687 1177 δύναμις
1712 1142 1767 1167 τῶν
1788 1141 1941 1179 βαρώνων,
1960 1133 2040 1167 κατὰ
2065 1141 2100 1167 τὸ
2126 1143 2198 1169 αὐτὸ
2220 1145 2269 1169 τοῦ
2292 1144 2395 1185 χρόνου

1315 1184 1481 1226 διάστημα,
1502 1185 1704 1220 ἀνεπτύσσετο
1725 1188 1775 1215 καὶ
1797 1184 1963 1218 ἐξηπλοῦτο
1986 1189 2073 1235 μέχρι
2095 1192 2155 1217 τῶν
2175 1185 2306 1231 φοβερῶν
2317 1191 2394 1233 χρό-

1315 1246 1370 1262 νων
1392 1238 1451 1262 τῶν
1470 1222 1646 1281 Τουδόρων,
1671 1237 1773 1270 οἵτινες
1798 1235 1988 1274 ἐπειράθησαν
2013 1239 2046 1266 νὰ
2074 1234 2202 1268 πνίξωσι
2224 1241 2275 1270 τὴν
2312 1241 2391 1268 ἐλευ-

1315 1282 1417 1324 θερίαν,
1443 1283 1521 1316 ὅπως
1542 1284 1589 1319 καὶ
1610 1285 1637 1312 ἐν
1679 1280 1789 1325 Ἀγγλίᾳ
1810 1280 1948 1326 ἱδρύσωσι
1972 1286 2027 1319 τὴν
2054 1287 2107 1314 ἀνὰ
2129 1290 2227 1315 πᾶσαν
2249 1290 2301 1319 τὴν
2324 1294 2386 1317 λοι-

1315 1333 1371 1364 πὴν
1398 1333 1534 1372 Εὐρώπην
1566 1333 1806 1372 ἐπικρατήσασαν
1834 1330 2081 1372 παμβασιλείαν·
2111 1328 2192 1364 ἀλλ’
2206 1338 2219 1364 ἡ
2243 1336 2386 1374 ἐλευθερία

1312 1379 1368 1419 ἦτο
1391 1376 1446 1412 ἤδη
1471 1381 1610 1421 ἀσφαλῶς
1643 1381 1906 1423 περιχαρακωμένη
1933 1382 2012 1414 ἐντὸς
2050 1388 2101 1410 τοῦ
2123 1381 2347 1424 Κοινοβουλίου,
2366 1388 2384 1418 ἡ

1312 1425 1341 1456 δ’
1364 1427 1477 1470 ἀνάγκη
1500 1432 1549 1462 τῆς
1572 1424 1730 1470 ἀμοιβαίας
1759 1425 1975 1470 ὑποστηρίξεως
1999 1435 2054 1459 τῶν
2074 1426 2126 1459 δύο
2163 1434 2294 1472 Βουλῶν,
2317 1435 2383 1474 πρὸς

1314 1479 1363 1509 τὴν
1388 1473 1463 1505 ἰδίαν
1484 1476 1610 1511 ἑκάστης
1631 1480 1726 1507 αὑτῶν
1749 1479 1906 1515 σωτηρίαν,
1937 1482 2054 1521 ἐγένετο
2078 1483 2092 1509 ἡ
2116 1482 2199 1508 αἰτία
2220 1483 2265 1510 ἵνα
2291 1487 2304 1510 ἡ
2325 1487 2388 1523 ἀρι-

1313 1526 1477 1563 στοκρατία
1500 1531 1551 1559 τῆς
1589 1524 1719 1569 Ἀγγλίας
1739 1522 1900 1567 διατηρηθῇ
1930 1529 2163 1568 ἀπαραμείωτον
2186 1530 2312 1567 φέρουσα
2336 1532 2385 1559 τὸν

1311 1580 1489 1615 χαρακτῆρα
1521 1572 1629 1615 ἀγαθῆς
1649 1577 1694 1602 καὶ
1726 1576 1886 1615 λαοφιλοῦς
1917 1573 2165 1616 ἀριστοκρατίας,
2197 1572 2276 1607 διότι
2310 1578 2385 1608 πάν-

1309 1633 1382 1650 τοτε
1416 1617 1525 1662 ὑπῆρξε
1549 1619 1740 1657 συνδεδεμένη
1766 1623 1843 1663 μετὰ
1865 1626 1917 1652 τοῦ
1942 1628 2024 1661 λαοῦ,
2049 1621 2079 1658 ἐξ
2102 1621 2135 1651 οὗ
2176 1625 2308 1665 ἀποῤῥέει
2334 1628 2386 1656 καὶ

1309 1672 1348 1702 εἰς
1368 1670 1398 1698 ὃν
1419 1670 1630 1709 ἐπανέρχεται,
1664 1667 1741 1700 διότι
1765 1672 1816 1699 καὶ
1850 1673 1887 1701 τὰ
1911 1675 2086 1713 ὑστερογενῆ
2113 1677 2165 1701 τοῦ
2202 1672 2313 1715 Λόρδου
2337 1675 2383 1705 τέ-

1306 1730 1366 1749 κνα
1386 1721 1601 1760 ἐπανέρχονται
1628 1723 1665 1753 εἰς
1686 1719 1735 1753 τὸν
1760 1721 1843 1759 λαόν,
1867 1721 1916 1749 καὶ
1937 1722 1951 1749 ὁ
1975 1723 2032 1752 υἱὸς
2054 1716 2156 1759 ἀνδρὸς
2179 1723 2211 1750 ἐκ
2235 1728 2287 1751 τοῦ
2310 1727 2382 1754 λαοῦ

1308 1762 1435 1796 δύναται
1457 1769 1490 1796 νὰ
1526 1763 1685 1798 περιβληθῇ
1709 1768 1762 1799 τὴν
1799 1763 1914 1800 ἰκτειδῆ
1942 1767 2098 1809 πορφύραν
2115 1773 2167 1800 τοῦ
2207 1768 2336 1812 Λόρδου.
2354 1768 2381 1801 Ἰ-

1306 1809 1358 1842 δού
1383 1816 1467 1856 Κύριε
1499 1812 1649 1857 Καλλιγᾶ,
1670 1813 1718 1846 διὰ
1742 1816 1780 1854 τί,
1794 1818 1871 1856 ‒ἡ
1897 1813 1927 1846 δὲ
1952 1818 2068 1857 ἱστορία
2091 1820 2154 1850 τοῖς
2198 1819 2298 1860 λόγοις
2326 1833 2380 1861 μου

1306 1864 1573 1904 ἐπιμαρτυρεῖ,‒
1597 1868 1626 1893 αἱ
1648 1866 1801 1906 ἐλευθερίαι
1823 1867 1849 1895 ἐν
1881 1861 1997 1907 Ἀγγλίᾳ
2040 1867 2223 1908 ὑπάρχουσιν
2249 1869 2386 1910 ἰσχυραί.

1306 1907 1327 1939 Ἡ
1354 1915 1529 1947 ἀνικανότης
1554 1908 1611 1941 τῶν
1631 1908 1756 1945 ἀναξίων
1780 1915 1937 1953 ἀπογόνων
1960 1918 2013 1943 τοῦ
2035 1917 2066 1944 ἐκ
2091 1912 2280 1956 Νορμανδίας
2310 1922 2384 1949 Γου-

1306 1960 1429 1993 λιέλμου
1453 1966 1502 1991 τοῦ
1528 1966 1742 1998 Κατακτητοῦ,
1765 1964 1814 1990 καὶ
1839 1963 1918 1997 ἰδίως
1939 1965 1954 1994 ἡ
1976 1960 2104 1992 Ἰωάννου
2129 1968 2183 1993 τοῦ
2205 1961 2378 2006 Ἀκτήμονος

1306 2007 1463 2042 ἀβέλτερος
1484 2012 1638 2048 τυραννία
1675 2012 1798 2048 ἔκαμαν,
1838 2012 1916 2040 ὥστε
1937 2013 1960 2039 οἱ
1998 2014 2130 2052 Βαρῶνοι
2153 2013 2186 2041 νὰ
2220 2013 2377 2053 ἁρπάσωσι

1303 2056 1355 2085 τὸν
1377 2057 1471 2098 μέγαν
1490 2058 1616 2103 χάρτην
1615 2060 1669 2090 καὶ
1689 2057 1871 2097 εἰκοσιπέντε
1892 2059 2024 2097 φύλακας
2045 2061 2139 2089 αὐτοῦ
2156 2062 2191 2088 νὰ
2213 2056 2378 2101 διορίσωσι.

1353 2099 1456 2146 Ἔφερεν
1482 2105 1528 2135 ἔτι
1550 2103 1615 2146 ὑμῖν
1641 2108 1674 2137 τὸ
1696 2102 1886 2149 παράδειγμα
1907 2111 1958 2142 τῆς
1983 2102 2156 2147 Ἰρλανδίας·
2166 2111 2213 2138 καὶ
2250 2109 2374 2139 ἐνταῦθα

1301 2151 1397 2186 ἄλλην
1423 2151 1569 2192 μεγίστην
1594 2154 1749 2187 πολιτικὴν
1782 2152 1974 2195 βλασφημίαν
2003 2151 2137 2197 ἐξέφερεν
2156 2159 2170 2185 ὁ
2197 2162 2236 2189 Κ.
2259 2161 2372 2186 Καλλι-

1301 2205 1378 2241 γᾶς.
1405 2205 1490 2234 Μετὰ
1510 2205 1558 2238 τὴν
1585 2209 1684 2243 μάχην
1709 2208 1757 2239 τῆς
1779 2207 1883 2236 Βοΰνης
1907 2208 1921 2237 ἡ
1945 2199 2081 2243 Ἰρλανδία
2111 2204 2256 2235 ὑπέπεσεν
2280 2209 2318 2237 εἰς
2344 2209 2371 2236 ἐ-

1305 2250 1515 2291 παχθέστατον
1543 2248 1640 2293 ζυγόν,
1668 2252 1743 2284 πολὺ
1765 2253 1977 2295 ἐπαχθέστερον
2002 2255 2125 2292 ἐκείνου,
2154 2253 2235 2290 ὅστις
2269 2251 2373 2296 ἐβάρυ-

1298 2309 1343 2326 νεν
1369 2297 1412 2327 ἐπ’
1435 2304 1528 2332 αὐτὴν
1565 2301 1622 2328 ἀπὸ
1648 2297 1764 2341 Ἐῤῥίκου
1799 2302 1848 2331 τοῦ
1872 2297 1912 2333 Β´,
1941 2297 2020 2335 ἰδίως
2056 2303 2195 2335 μάλιστα
2221 2304 2278 2332 ἀπὸ
2312 2309 2370 2331 τῶν

1297 2343 1449 2388 Τουδόρων
1472 2352 1521 2378 καὶ
1543 2353 1597 2380 τῆς
1627 2345 1808 2389 διασχίσεως
1836 2353 1884 2382 τῆς
1911 2354 2031 2383 Δυτικῆς
2063 2345 2249 2385 Ἐκκλησίας.
2279 2354 2335 2380 Καὶ
2355 2356 2370 2386 ἡ

1297 2397 1413 2437 ἀτυχὴς
1435 2391 1568 2437 Ἰρλανδία
1590 2399 1669 2429 ἤθελε
1696 2398 1812 2433 πάντως
1834 2399 1923 2438 μείνει
1949 2400 1986 2431 εἰς
2011 2398 2044 2427 τὸ
2069 2398 2147 2427 αὐτὸ
2180 2403 2300 2438 σημεῖον
2323 2402 2370 2430 ἐὰν

1294 2441 1348 2473 ἐπ’
1360 2445 1498 2487 ἐσχάτων
1519 2449 1535 2480 ἡ
1553 2445 1668 2488 μεγάλη
1689 2448 1768 2487 φωνὴ
1791 2451 1842 2475 τοῦ
1867 2441 2033 2475 Ὀκονέλλου
2059 2442 2103 2476 δὲν
2139 2447 2249 2488 ἐχρᾶτο
2270 2453 2308 2488 τῇ
2342 2450 2369 2477 ἐ-

1293 2491 1423 2536 λευθερίᾳ
1449 2499 1482 2535 τῇ
1510 2490 1643 2536 Ἀγγλικῇ
1665 2496 1713 2524 καὶ
1734 2490 1781 2523 δὲν
1816 2499 1921 2535 συνῆγε
1945 2497 1996 2530 τὰς
2025 2494 2162 2534 μεγάλας
2187 2497 2237 2525 καὶ
2273 2509 2369 2527 κατα-

1293 2543 1463 2577 πληκτικὰς
1483 2545 1592 2577 ἐκείνας
1615 2542 1816 2583 συναθροίσεις,
1838 2543 1916 2576 ὅπως
1940 2546 2118 2582 καταστήσῃ
2153 2544 2245 2579 αὐτὴν
2265 2551 2375 2578 ἰσοπο-

1291 2587 1402 2619 λίτιδα
1418 2603 1485 2634 πρὸς
1505 2594 1556 2625 τὴν
1582 2589 1735 2634 Ἀγγλίαν·
1749 2590 1780 2622 ἂν
1805 2587 1835 2619 δὲ
1855 2596 1869 2627 ἡ
1889 2587 2024 2632 Ἰρλανδία
2040 2595 2089 2622 καὶ
2111 2593 2239 2634 σήμερον
2259 2605 2366 2624 συντα-

1291 2640 1452 2676 ράσσεται,
1459 2637 1507 2671 δὲν
1521 2643 1753 2684 συνταράσσεται
1773 2641 1853 2686 ὅμως
1866 2637 1917 2671 διὰ
1930 2642 2086 2673 πολιτικὸν
2107 2642 2205 2681 λόγον,
2219 2644 2297 2672 ἀλλὰ
2315 2639 2362 2675 διὰ

1289 2687 1509 2730 θρησκευτικόν,
1532 2690 1580 2720 καὶ
1617 2688 1743 2724 οὐδόλως
1774 2686 1888 2722 ἔξεστιν
1911 2693 1975 2731 ὑμῖν
1997 2691 2030 2719 νὰ
2062 2686 2231 2731 συγχίζητε
2252 2694 2292 2721 τὰ
2306 2691 2365 2734 θρη-

1288 2739 1428 2768 σκευτικὰ
1443 2741 1520 2778 μετὰ
1537 2744 1593 2769 τῶν
1605 2734 1783 2778 πολιτικῶν,
1784 2733 1843 2780 ἐνῷ
1854 2740 1892 2767 τὰ
1907 2736 2103 2780 θρησκευτικὰ
2120 2740 2214 2768 ἄλλον
2230 2752 2262 2770 τε
2276 2743 2365 2783 λόγον

1287 2792 1340 2815 τοῦ
1364 2783 1449 2826 εἶναι,
1471 2791 1520 2826 καὶ
1545 2784 1711 2831 δριμύτητα
1737 2782 1857 2826 μείζονα
1881 2792 1940 2817 τῶν
1957 2789 2128 2822 πολιτικῶν
2153 2787 2254 2819 παθῶν
2279 2790 2364 2832 ἔχου-

1287 2845 1351 2872 σιν.
1366 2832 1476 2867 Ἐπειδὴ
1490 2828 1521 2866 δ’
1520 2835 1706 2878 εὑρισκόμεθα
1719 2837 1756 2870 εἰς
1770 2838 1820 2875 τὴν
1840 2826 1995 2884 Ἀγγλίαν,
1993 2831 2186 2886 ἐπιτρέψατέ
2196 2849 2245 2875 μοι
2260 2841 2293 2867 νὰ
2312 2843 2363 2873 σᾶς

1283 2880 1421 2927 ἀναφέρω
1436 2888 1539 2925 λόγους
1558 2889 1637 2919 τινὰς
1658 2885 1707 2923 τοῦ
1724 2882 1845 2923 Βένθαμ,
1863 2886 1923 2919 ὅςις
1942 2885 2103 2929 ἐπέρχεταί
2118 2897 2170 2928 μοι
2193 2888 2275 2916 κατὰ
2295 2892 2357 2915 νοῦν

1284 2937 1354 2973 πρὸς
1374 2932 1540 2974 ἀπόδειξιν,
1562 2937 1609 2966 ὅτι
1629 2932 1716 2968 οὗτος
1736 2932 1832 2973 θεωρεῖ
1857 2935 1893 2963 τὰ
1922 2932 2121 2973 δικαιώματα
2146 2940 2244 2964 ταῦτα
2265 2935 2303 2967 ὡς
2325 2936 2360 2966 τὸ

1282 2984 1434 3024 γνώρισμα
1462 2987 1529 3021 τῶν
1552 2983 1702 3025 ἐλευθέρων
1735 2984 1904 3024 πολιτειῶν.
1939 2981 1961 3025 Ὁ
1983 2983 2097 3024 Βένθαμ
2129 2982 2235 3011 λοιπὸν
2262 2994 2359 3026 παρα-

1281 3027 1403 3065 βάλλων
1433 3033 1495 3064 τὴν
1530 3032 1689 3075 ἐλευθερίαν
1713 3034 1764 3066 τῆς
1803 3027 1936 3075 Ἀγγλίας
1963 3030 2034 3074 πρὸς
2057 3033 2111 3066 τὴν
2134 3025 2275 3061 δουλείαν
2305 3036 2358 3067 τῆς

1281 3083 1423 3123 Τουρκίας
1453 3084 1535 3126 λέγει
1557 3082 1616 3122 ὅτι,
1654 3081 1680 3111 ἐν
1700 3080 1753 3121 μὲν
1776 3085 1814 3123 τῇ
1831 3078 1948 3123 Ἀγγλιᾳ
1976 3084 1989 3114 ἡ
2010 3081 2092 3114 κοινὴ
2117 3080 2226 3120 γνώμη
2247 3081 2356 3120 ἐκφρά-

1278 3125 1367 3162 ζεται
1385 3127 1434 3164 διὰ
1456 3131 1665 3176 συναθροίσεων
1687 3130 1737 3160 καὶ
1764 3132 1924 3171 ἀναφορῶν,
1945 3131 1974 3162 ἐν
1992 3123 2024 3158 δὲ
2046 3133 2084 3169 τῇ
2103 3134 2355 3160 Κωνσταντινού-

1278 3179 1367 3210 πολει
1390 3182 1444 3212 καὶ
1465 3185 1557 3221 λοιπῇ
1579 3179 1702 3222 Τουρκίᾳ
1726 3174 1904 3216 ἐκδηλοῦται
1924 3175 1973 3208 διὰ
1997 3177 2163 3221 πυρκαϊῶν.
2200 3181 2232 3209 Εἰ
2252 3173 2291 3210 δὲ
2304 3174 2354 3208 δὲν

1277 3227 1422 3258 πείθουσιν
1456 3230 1532 3271 ὑμᾶς
1553 3232 1577 3260 οἱ
1598 3228 1756 3272 πρακτικοὶ
1777 3226 1867 3266 οὗτοι
1885 3228 1971 3270 λόγοι
1992 3232 2045 3270 τοῦ
2067 3226 2195 3270 Βένθαμ,
2225 3230 2262 3262 ὡς
2282 3229 2353 3270 πρὸς

1276 3276 1331 3314 τὴν
1340 3273 1512 3325 διαφοράν,
1517 3279 1591 3317 ἥτις
1611 3277 1735 3320 ὑπάρχει
1756 3273 1880 3320 μεταξὺ
1901 3280 1956 3314 τῆς
1975 3275 2127 3319 ἐλευθέρας
2154 3272 2352 3311 ἐκδηλώσεως
