2500 3500
149 356 207 388 ἀπὸ
230 358 292 385 τῶν
313 350 397 381 θείων
422 348 515 377 αὐτοῦ
540 340 666 388 χειλέων
705 332 843 376 ἐξενεχθῇ
880 327 948 372 πρὸς
992 329 1032 357 τὰ
1055 322 1150 358 πλήθη
1188 323 1221 354 τὸ

149 404 281 447 οὐράνιον
304 404 358 436 τοῦ
379 395 572 440 Εὐαγγελίου
597 386 746 432 δίδαγμα.
784 374 1030 421 Ἀναλογίσθητε,
1053 374 1100 404 ὅτι
1118 373 1179 409 καὶ
1196 375 1223 403 ἐν

153 453 231 495 αὐτῇ
249 455 289 499 τῇ
307 441 433 485 Ἑλλάδι,
454 443 523 485 οὔτε
554 444 568 472 ὁ
589 439 745 482 Σωκράτης
768 433 851 466 ἤθελε
871 424 992 466 διδάξει
1018 425 1069 458 τὴν
1106 424 1225 467 ἀρετήν,

153 506 223 534 οὔτε
246 501 261 529 ὁ
285 497 417 531 Πλάτων
439 494 525 529 ἤθελε
545 487 650 524 δυνηθῆ
679 479 724 527 να
737 470 882 528 συστήσῃ
894 478 947 515 τήν
971 470 1140 515 ἀκαδημίαν
1161 484 1227 509 του,

155 547 215 583 οὐδ’
236 551 251 579 ὁ
273 544 489 591 Ἀριστοτέλης,
525 537 587 575 οὐδ’
603 533 628 576 ὁ
638 527 768 577 Κιτιεὺς
778 529 889 569 Ζήνων,
908 518 978 558 οὐδ’
989 527 1013 556 οἱ
1035 521 1125 564 ἄλλοι
1146 523 1227 563 σοφοὶ

154 603 207 637 τὰς
225 598 338 643 σχολάς
361 607 435 634 των,
456 589 519 623 οὐδ’
538 593 575 621 αἱ
590 581 706 628 πολλαὶ
716 578 775 621 καὶ
784 575 935 621 ποικίλαι
939 581 991 609 τῆς
1009 574 1164 606 ἑλληνικῆς
1183 580 1234 611 φι-

154 651 296 687 λοσοφίας
324 645 459 690 αἱρέσεις,
478 645 509 673 αἱ
530 639 632 669 ὁποῖαι
650 636 735 676 ἔσχον
760 633 804 665 ὡς
820 619 1018 666 ἀποτέλεσμα
1033 618 1058 650 ν’
1074 619 1242 655 ἀπελευθε-

158 701 276 745 ρώσωσι
291 698 342 727 τὸν
361 699 427 724 νοῦν
446 696 498 721 τοῦ
514 686 644 720 Ἕλληνος
664 684 715 712 καὶ
735 681 768 714 νὰ
785 679 834 707 τὸν
856 673 1081 706 καταστήσωσι
1088 673 1232 698 τοσοῦτον

159 749 317 791 ὑπέρτερον
335 744 387 775 καὶ
408 747 468 772 τῶν
493 737 664 780 συγχρόνων
686 731 737 761 καὶ
755 732 815 765 τῶν
841 724 1015 768 μελλόντων
1038 719 1160 755 αἰώνων,
1171 716 1238 748 ἤθε-

158 803 211 830 λον
234 792 436 834 ἀναπτυχθῆ.
461 785 523 823 Ἐὰν
546 790 560 815 ὁ
580 780 698 818 Φειδίας
736 779 786 816 καὶ
821 778 835 806 ὁ
858 771 970 809 Ἰκτῖνος
995 766 1041 801 δὲν
1067 767 1148 810 εἶχον
1184 768 1235 798 τὴν

160 844 324 888 ἐλευθερίαν
348 841 460 872 ἐκείνην
483 838 537 871 τὴν
558 836 661 864 ὁποίαν
684 826 822 862 ἀποπνέει
861 827 877 857 ἡ
902 827 939 864 γῆ
958 821 1048 858 αὕτη,
1071 811 1116 849 Ἂ!
1150 817 1237 857 Κύριε

160 897 314 933 Καλλιγᾶ,
342 893 358 921 ἡ
381 884 479 920 Ἑλλὰς
503 883 603 920 ἤθελεν
635 883 702 911 ἴσως
723 878 783 919 ἔχει
806 868 992 906 κακοζήλους
1013 868 1091 900 τινὰς
1126 868 1239 905 ἀπομι-

163 947 265 988 μήσεις
296 934 582 982 συγκεκολλημένων
607 931 644 960 τὰ
668 927 742 969 μέλη
763 922 876 957 ξοάνων
913 922 963 955 τῆς
987 919 1152 960 Αἰγύπτου,
1192 914 1240 943 καὶ

154 996 235 1028 τοὺς
256 988 352 1031 βαρεῖς
391 985 441 1015 καὶ
462 981 662 1020 κακοτέχνους
684 977 766 1009 ναοὺς
790 974 839 1007 τῆς
864 965 967 1009 Ἰνδίας,
1003 968 1126 997 πάντως
1163 963 1241 1003 ὅμως

165 1040 213 1072 δὲν
253 1038 395 1076 ἠθέλομεν
417 1034 483 1077 ἔχει
516 1030 583 1061 οὔτε
614 1024 789 1068 Παρθενῶνα
809 1022 878 1053 οὔτε
901 1016 1053 1056 Πλάτωνα
1091 1012 1248 1055 (ῥαγδαῖα

161 1087 440 1135 χειροκροτήματα
461 1085 493 1112 ἐκ
511 1083 574 1113 τῶν
594 1070 833 1117 πληρεξουσίων
865 1069 918 1098 καὶ
940 1063 1000 1109 τοῦ
1010 1061 1239 1104 ἀκροατηρίου).

217 1140 392 1169 ΠΟΛΛΟΙ.
409 1127 621 1171 Ἐφωτίσθημεν
638 1124 728 1163 Κύριε
750 1114 913 1160 Πρόεδρε.

215 1183 403 1218 ΜΙΛΗΣΗΣ.
421 1177 652 1221 Παραστήσατε,
672 1173 761 1213 Κύριε
783 1160 919 1209 Πρόεδρε,
938 1166 974 1198 εἰς
994 1161 1028 1192 τὸ
1045 1157 1247 1203 ἀκροατήριον,

169 1239 224 1272 ὅτι
235 1231 427 1276 συμμετέχον
450 1230 489 1262 εἰς
509 1228 564 1259 τὰς
584 1217 812 1262 ἐπιδοκιμασίας
851 1219 903 1247 τῆς
921 1211 1129 1245 Συνελεύσεως,
1168 1218 1254 1236 συνη-

171 1290 250 1330 γορεῖ
269 1285 397 1323 ἰσχυρῶς
422 1278 504 1308 κατὰ
530 1277 580 1303 τοῦ
608 1263 830 1307 συζητουμένου
849 1261 981 1304 ἄρθρου.

217 1334 439 1363 ΠΡΟΕΔΡΟΣ.
463 1317 660 1364 Ὑπενθυμίζω
678 1319 720 1356 εἰς
741 1316 775 1344 τὸ
795 1311 992 1353 ἀκροατήριον
1021 1308 1072 1341 τὰς
1089 1297 1255 1339 διατάξεις

171 1386 225 1413 τοῦ
249 1379 441 1415 κανονισμοῦ,
465 1374 548 1404 κατὰ
572 1371 625 1403 τὰς
646 1366 748 1399 ὁποίας
768 1360 911 1393 δύνανται
933 1359 1020 1401 μόνον
1059 1355 1094 1384 νὰ
1118 1350 1252 1396 παρευρί-

172 1440 320 1467 σκωνται,
340 1423 410 1456 ἀλλ’
416 1424 484 1454 οὔτε
505 1422 540 1454 νὰ
565 1409 833 1453 ἐπιδοκιμάζωσιν,
853 1410 920 1438 οὔτε
940 1407 971 1439 νὰ
993 1396 1260 1441 ἀποδοκιμάζωσι.

175 1481 221 1510 Θὰ
243 1475 399 1518 ἐρωτήσω,
422 1472 539 1513 Κύριοι,
563 1470 613 1500 τὴν
633 1463 805 1496 Συνέλευσιν
839 1457 874 1488 ἂν
892 1452 1063 1497 ἐφωτίσθη.
1074 1453 1108 1482 Οἱ
1127 1442 1260 1489 παραδε-

176 1528 300 1571 χόμενοι
333 1525 383 1554 ὅτι
412 1517 618 1562 ἐφωτίσθησαν
662 1514 693 1543 νὰ
724 1507 881 1554 ἐγερθῶσιν
921 1504 1128 1548 (ἐγείρονται
1140 1497 1254 1545 σχεδὸν

178 1576 283 1614 ὅλοι).
296 1567 494 1614 Παρεδέχθη.

229 1626 396 1653 ΛΟΥΖΗΣ.
405 1618 495 1660 Κύριε
515 1608 656 1656 Πρόεδρε,
668 1609 735 1651 μίαν
755 1607 852 1637 ἁπλῆν
870 1600 1018 1643 ἐρώτησιν
1046 1595 1079 1626 θὰ
1103 1594 1195 1634 κάμω
1217 1597 1255 1625 εἰς

180 1676 248 1706 τοὺς
269 1667 477 1703 συντάξαντας
495 1667 530 1696 τὸ
551 1661 660 1703 ἄρθρον,
681 1658 714 1686 νὰ
811 1649 925 1682 δώσουν
947 1650 1014 1690 μίαν
1034 1639 1259 1685 πληροφορίαν..
732 1656 793 1698 μοῦ

232 1722 454 1751 ΠΡΟΕΔΡΟΣ.
468 1708 610 1754 Ἀφήσατέ
626 1719 665 1750 με
687 1706 721 1733 νὰ
746 1705 819 1735 θέσω
845 1701 884 1736 τὰ
907 1695 1068 1737 ζητήματα
1085 1693 1142 1724 καὶ
1166 1690 1261 1721 κατό-

184 1782 233 1799 πιν
253 1770 388 1810 ὁμιλεῖτε
428 1764 476 1793 ἐπὶ
499 1767 553 1793 τοῦ
577 1758 715 1799 θέματος.
749 1752 787 1787 Τὸ
812 1747 924 1788 ἄρθρον,
948 1746 1058 1785 κύριοι,
1099 1741 1133 1771 τὸ
1154 1742 1258 1780 ἀναγι-

186 1818 292 1850 νώσκω
313 1813 364 1845 καὶ
384 1812 505 1842 πάλιν·
516 1805 657 1849 «Ἄρθρον
683 1803 752 1836 10.
761 1801 796 1830 Οἱ
816 1794 943 1832 Ἕλληνες
966 1793 1068 1835 ἔχουσι
1107 1789 1141 1817 τὸ
1164 1782 1260 1815 δικαί-

187 1872 259 1909 ωμα
276 1869 328 1892 τοῦ
350 1858 539 1902 συνέρχεσθαι
558 1856 676 1896 ἡσύχως
692 1851 747 1880 καὶ
768 1847 906 1882 ἀόπλως·
925 1842 1011 1884 μόνον
1034 1842 1071 1873 εἰς
1094 1838 1147 1869 τὰς
1173 1830 1248 1877 δημο

187 1916 252 1949 σίας
268 1911 465 1951 συναθροίσεις
479 1902 608 1935 δύναται
621 1902 653 1931 νὰ
667 1898 856 1940 παρίσταται
877 1896 890 1926 ἡ
910 1887 1096 1929 ἀστυνομία·
1089 1886 1116 1915 αἱ
1133 1887 1160 1914 ἐν
1180 1880 1271 1912 ὑπαί-

189 1966 245 2007 θρῳ
267 1954 462 2001 συναθροίσεις
487 1950 628 1985 δύνανται
647 1949 681 1977 νὰ
703 1940 943 1985 ἀπαγορευθῶσιν
973 1939 1020 1968 ἐὰν
1041 1937 1081 1978 ὡς
1096 1935 1131 1970 ἐκ
1150 1934 1264 1961 τούτων

191 2012 346 2048 ἐπίκειται
382 2002 514 2037 κίνδυνος
536 2004 573 2037 εἰς
593 1999 645 2031 τὴν
666 1992 820 2035 δημοσίαν
838 1988 1060 2031 ἀσφάλειαν»·
1070 1980 1271 2022 τροπολογίαι

193 2060 346 2105 ὑπάρχουν
372 2058 387 2089 ἡ
408 2058 461 2084 τοῦ
484 2052 591 2094 Κυρίου
609 2038 971 2083 Παπαδιαμαντοπούλου
1001 2034 1115 2075 ἔχουσα
1143 2031 1183 2060 ὡς
1203 2024 1267 2059 ἑξῆς

199 2107 318 2150 «μετὰ
356 2105 410 2137 τὴν
431 2098 511 2135 λέξιν
534 2098 655 2129 ἀόπλως
689 2094 722 2130 νὰ
758 2084 940 2130 προστεθῇ»
965 2085 1120 2123 τηροῦντες
1139 2077 1269 2115 πάντοτε

195 2161 265 2192 τοὺς
288 2156 393 2195 νόμους
418 2155 470 2192 τοῦ
497 2147 657 2184 Κράτους·
667 2140 744 2184 μετὰ
764 2133 796 2168 δὲ
816 2137 868 2169 τὴν
889 2128 969 2167 λέξιν
992 2126 1166 2167 ἀστυνομία
1182 2124 1280 2166 «πρὸς

199 2203 373 2247 διατήρησιν
395 2205 448 2234 τῆς
469 2195 612 2240 δημοσίας
633 2188 805 2224 τάξεως».

250 2253 273 2285 Ὁ
302 2255 356 2286 Κ.
360 2247 541 2281 Παντολέων
560 2242 702 2285 προτείνει
717 2240 766 2271 τὴν
788 2226 947 2267 ἀπάλειψιν
972 2227 1022 2266 τῆς
1040 2224 1169 2266 φράσεως
1198 2219 1279 2263 «μό-

201 2317 247 2337 νον
268 2305 304 2337 εἰς
333 2302 384 2333 τὰς
411 2293 558 2338 δημοσίας
580 2286 773 2331 συνεδριάσεις
809 2277 949 2310 δύνανται
973 2278 1011 2306 νὰ
1039 2273 1222 2315 παρίσταται
1249 2267 1281 2305 ἡ

200 2349 422 2392 Ἀστυνομία».
426 2340 680 2385 ‒Τροπολογία
704 2338 757 2363 τοῦ
775 2337 827 2367 Κ.
836 2329 956 2360 Βλαντῆ
969 2326 1021 2359 καὶ
1040 2321 1188 2362 Θεοχάρη,
1206 2330 1275 2359 προ-

200 2406 338 2434 τείνουσα
361 2397 412 2426 τὴν
428 2394 591 2423 ἀπάλειψιν
617 2391 668 2417 τοῦ
683 2380 743 2422 β´.
749 2380 849 2422 μέρους
870 2381 925 2406 τοῦ
948 2367 1047 2415 ἄρθρου
1074 2372 1124 2398 «αἱ
1138 2368 1169 2397 ἐν
1191 2365 1286 2395 ὑπαί-

202 2453 258 2496 θρῳ
283 2445 476 2484 συναθροίσεις
501 2435 650 2469 δύνανται
674 2434 708 2463 νὰ
730 2423 981 2470 ἀπαγορευθῶσιν,
1018 2422 1065 2450 ἐὰν
1102 2421 1137 2451 ὡς
1158 2419 1189 2445 ἐκ
1211 2414 1289 2446 τού-

203 2514 264 2532 των
290 2495 441 2526 ἐπίκειται
455 2486 592 2524 κίνδυνος
617 2487 655 2519 εἰς
671 2482 725 2518 τὴν
747 2475 894 2518 δημοσίαν
914 2471 1108 2512 ἀσφάλειαν.»
1136 2460 1281 2506 ‒Εἶχεν

204 2544 354 2579 ὑποβάλει
376 2544 389 2570 ὁ
408 2546 456 2581 Κ.
469 2538 638 2569 Πετσάλης
652 2531 723 2574 μίαν
744 2524 959 2570 τροπολογίαν,
987 2519 1063 2557 ἀλλὰ
1103 2515 1154 2559 μοὶ
1189 2514 1284 2556 ἐγνω-

207 2594 374 2628 στοποίησε
389 2590 442 2631 πρὸ
463 2589 568 2628 μικροῦ
591 2583 637 2612 ὅτι
665 2579 718 2611 τὴν
743 2574 906 2613 ἀποσύρει.

256 2645 406 2674 ΚΑΜΟΣ.
414 2631 495 2679 Ἔχω
521 2633 578 2675 ἐγὼ
598 2631 659 2662 τὴν
669 2630 768 2659 ἕνωσιν
793 2626 851 2660 τῶν
873 2610 895 2651 2
918 2613 1051 2663 ἄρθρων.

257 2691 463 2723 ΠΡΟΕΔΡΟΣ.
482 2680 526 2719 Ἂς
540 2678 706 2724 ἀφήσωμεν
714 2674 747 2705 ἓν
772 2671 839 2711 πρὸς
864 2667 905 2703 ἕν,
926 2665 1051 2695 κατόπιν
1086 2663 1124 2693 εἰς
1150 2660 1199 2690 τὴν
1225 2657 1285 2686 σύν-

210 2738 298 2777 ταξιν
317 2735 491 2777 βλέπομεν.
501 2724 616 2773 Ἔχομεν
635 2726 750 2764 λοιπόν,
770 2723 882 2761 Κύριοι,
909 2719 985 2758 τρεῖς
1019 2706 1239 2758 τροπολογίας·
1254 2705 1287 2734 θὰ

211 2790 353 2837 ἐρωτήσω
365 2781 408 2824 ὡς
427 2778 504 2824 πρὸς
527 2779 580 2810 τὴν
595 2765 931 2816 τροπολογίαν.····

261 2842 385 2871 ΤΙΝΕΣ.
404 2834 462 2866 Ὡς
481 2829 552 2867 πρὸς
574 2825 628 2856 τὴν
647 2822 770 2865 ἀρχήν.

262 2887 473 2920 ΚΑΛΛΙΓΑΣ.
504 2873 574 2922 Ἐγὼ
591 2870 762 2909 ἐπολέμησα
781 2867 845 2904 τὴν
860 2863 971 2905 ἀρχήν.

265 2936 491 2966 ΠΡΟΕΔΡΟΣ.
503 2916 659 2961 Μάλιστα,
679 2921 699 2954 ὁ
721 2914 825 2954 Κύριος
846 2912 1003 2953 Καλλιγᾶς
1032 2903 1202 2946 ἐπολέμησε
1241 2898 1292 2930 τὴν

218 2984 337 3028 ἀρχήν.
354 2980 463 3022 Λοιπὸν
484 2981 603 3020 πρῶτον
622 2968 657 3007 θὰ
667 2965 818 3009 ἐρωτήσω
847 2961 912 3001 περὶ
934 2962 987 2996 τῆς
1004 2957 1131 2997 ἀρχῆς.

264 3032 427 3068 ΠΟΛΛΟΙ
431 3019 668 3070 (ἀριστερόθεν).
681 3008 738 3057 Δι’
748 3008 950 3055 ὀνομαστικῆς
979 3006 1135 3044 κλήσεως.
1151 2999 1297 3048 (ἐγείρον-

219 3092 271 3120 ται
293 3081 380 3121 ὑπὲρ
390 3076 476 3116 τοὺς
481 3075 564 3116 20).

271 3125 480 3164 ΠΡΟΕΔΡΟΣ.
496 3118 533 3163 Ὁ
539 3102 657 3166 Κύριος
669 3107 792 3158 Λούζης
801 3103 941 3143 ἐζήτησε
968 3103 1022 3142 τὸν
1038 3101 1126 3143 λόγον
1164 3089 1212 3133 νὰ
1218 3095 1312 3142 κάμῃ

225 3180 294 3227 μίαν
311 3168 539 3217 παρατήρησιν·
555 3164 712 3213 ἐπιτρέπει
731 3165 750 3198 ἡ
759 3156 931 3193 Συνέλευσις
950 3152 991 3185 νὰ
1002 3150 1158 3203 ὁμιλήσῃ;

276 3230 442 3269 ΠΟΛΛΟΙ.
446 3228 646 3261 Μάλιστα.

277 3274 448 3317 ΛΟΥΖΗΣ.
463 3271 566 3314 Ἤθελα
577 3271 675 3317 μόνον
695 3272 738 3312 νὰ
759 3264 910 3312 ἐρωτήσω
940 3260 1015 3294 τοὺς
1026 3250 1234 3294 συντάξαντας
1271 3249 1306 3278 τὸ

227 3334 332 3381 ἄρθρον
364 3325 396 3365 τί
425 3327 555 3361 ἐννοοῦσι
574 3324 618 3360 εἰς
635 3318 708 3357 αὐτὸ
725 3319 760 3355 τὸ
786 3314 924 3358 δεύτερον
953 3308 1052 3342 κῶλον
1087 3307 1143 3340 τοῦ
1173 3301 1295 3347 πρώτου

1245 323 1345 363 μέρους
1382 317 1504 360 «μόνον
1549 319 1586 352 εἰς
1626 315 1677 350 τὰς
1710 308 1855 352 δημοσίας
1893 305 2087 351 συναθροίσεις
2114 298 2243 331 δύναται
2289 300 2323 329 νὰ

1246 372 1430 413 παρίσταται
1444 371 1467 403 ἡ
1489 366 1699 405 ἀστυνομία».

1297 421 1503 450 ΔΙΟΜΗΔΗΣ.
1523 409 1580 459 Ὄχι
1596 416 1632 447 εἰς
1657 413 1711 445 τὰς
1734 408 1827 443 οἰκίας
1850 408 1904 441 τὰς
1928 403 2112 442 ἰδιωτικάς.

1297 470 1461 498 ΛΟΥΖΗΣ.
1485 455 1604 498 Δηλαδὴ
1628 457 1679 493 ἀπ’
1698 460 1792 501 ἀρχῆς
1825 459 1872 487 καὶ
1895 457 1987 498 μέχρι
2003 455 2120 489 τέλους,
2152 449 2221 478 ἄνευ
2241 442 2331 477 οὐδε-

1251 522 1320 560 μιᾶς
1340 516 1490 559 ἀνάγκης;

1303 570 1504 598 ΔΙΟΜΗΔΗΣ.
1530 561 1678 598 Πάντοτε,
1699 554 1794 593 καθὼς
1815 554 1853 588 εἰς
1877 553 1916 584 τὰ
1936 556 2101 594 καφφενεῖα
2147 549 2186 582 εἰς
2206 547 2260 581 τὰς
2277 542 2321 574 λέ-

1254 628 1329 661 σχας
1347 619 1386 649 εἰς
1404 616 1442 645 τὰ
1467 607 1673 654 ξενοδοχεῖα.

1306 669 1475 701 ΛΟΥΖΗΣ.
1499 661 1548 693 Δὲν
1566 660 1714 701 κάμνομεν
1743 654 1903 694 Σύνταγμα
1923 650 1989 691 περὶ
2006 646 2224 689 καφφενείων.

1307 716 1521 743 ΔΙΟΜΗΔΗΣ.
1532 712 1648 740 Παντοῦ
1669 706 1740 735 ὅπου
1766 699 1915 744 δημοσίως
1936 694 2078 727 δύνανται
2107 697 2141 726 νὰ
2167 693 2333 734 συνέρχων-

1259 775 1309 793 ται
1329 761 1486 804 ἄνθρωποι,
1508 759 1609 805 πρέπει
1625 757 1660 786 νὰ
1679 754 1798 794 ὑπάρχῃ
1814 751 1864 781 καὶ
1886 751 1903 781 ἡ
1918 748 2011 780 στολὴ
2033 750 2085 774 τοῦ
2101 743 2330 788 χωροφύλακος,

1309 816 1475 842 ΛΟΥΖΗΣ.
1493 802 1555 839 Ἐδῶ
1578 807 1611 836 τὸ
1630 802 1728 845 ἄρθρον
1754 798 1895 841 διακρίνει
1919 796 2116 832 συναθροίσεις
2153 794 2180 820 ἐν
2202 787 2330 833 ὑπαίθρῳ

1261 863 1311 892 καὶ
1330 863 1368 894 εἰς
1384 854 1546 892 ἰδιωτικὰς
1563 856 1656 886 οἰκίας
1675 853 1727 887 καὶ
1746 853 1783 883 εἰς
1804 846 1944 890 δημοσίας
1964 845 2081 877 οἰκίας·
2096 841 2179 880 τώρα
2199 836 2333 884 δημοσία

1262 911 1344 939 οἰκία
1362 906 1486 939 δύναται
1515 908 1547 941 νὰ
1574 902 1636 951 ᾖναι
1653 904 1723 943 μιᾶς
1742 898 1882 941 ἑταιρίας,
1919 896 1982 929 ἥτις
2016 894 2077 934 ἔχει
2101 891 2151 920 ἕνα
2170 885 2327 928 ὡρισμένον

1264 960 1386 996 σκοπόν,
1404 958 1451 987 καὶ
1471 955 1535 989 ἥτις
1559 952 1661 986 κάμνει
1684 953 1744 979 ἐκεῖ
1765 949 1799 977 τὸ
1818 943 2009 986 συμβούλιον,
2037 942 2088 970 καὶ
2125 935 2172 969 δὲν
2194 937 2334 977 ἀνέχεται

1265 1009 1297 1035 νὰ
1322 1006 1385 1050 ᾖναι
1406 1009 1536 1046 παροῦσα
1560 1004 1586 1039 ἡ
1598 999 1760 1038 ἀστυνομία
1782 996 1849 1025 ἄνευ
1870 994 2013 1034 ἀνάγκης.
2054 984 2185 1031 Ἔχομεν,
2225 986 2336 1025 Κύριοι,

1267 1059 1342 1087 τόσα
1368 1051 1603 1097 παραδείγματα
1678 1048 1787 1076 τοῦτο·
1804 1040 1930 1074 δύναται
1957 1044 1973 1074 ἡ
1995 1038 2172 1079 ἀστυνομία
2185 1038 2212 1070 ἡ
2226 1030 2288 1062 ἰδία
2305 1031 2339 1059 νὰ
1605 1044 1660 1087 ἐπὶ

1267 1103 1435 1151 προκαλέσῃ
1457 1104 1558 1141 ἐκεῖνο,
1582 1100 1615 1129 τὸ
1636 1100 1734 1126 ὁποῖον
1752 1093 1773 1128 ἡ
1783 1092 1905 1135 ἑταιρία
1913 1084 1958 1119 δὲν
1979 1085 2042 1127 εἶχε
2063 1085 2181 1116 σκοπὸν
2193 1084 2228 1112 νὰ
2245 1083 2355 1123 κάμῃ.

1273 1148 1338 1184 Ἐδῶ
1364 1151 1530 1196 ἀντεγράφη
1563 1148 1619 1178 ἀπὸ
1638 1147 1672 1177 τὸ
1694 1145 1826 1180 Δανικόν,
1849 1131 1928 1170 ἀλλ’
1935 1139 2033 1171 ἄλλως
2057 1137 2204 1164 ἐννοοῦσιν
2234 1133 2273 1164 εἰς
2288 1130 2341 1161 τὴν

1271 1201 1416 1247 Ἀγγλίαν
1423 1203 1471 1230 καὶ
1488 1198 1593 1230 Δανίαν
1607 1196 1659 1231 τὴν
1673 1194 1842 1235 παρεύρεσιν
1857 1193 1908 1223 τῆς
1930 1183 2119 1225 Ἀστυνομίας·
2109 1177 2262 1218 οὐδέποτε
2276 1177 2343 1206 ἄνευ

1273 1255 1401 1294 ἀνάγκης
1416 1247 1596 1291 παρίσταται
1617 1247 1632 1278 ἡ
1653 1241 1847 1283 ἀστυνομία·
1852 1238 1931 1267 ἀλλὰ
1946 1237 2066 1279 γίνεται
2088 1231 2148 1274 μία
2164 1227 2351 1272 ὀχλαγωγία

1272 1304 1311 1336 εἰς
1325 1300 1414 1332 αὐτὴν
1434 1297 1485 1332 τὴν
1508 1291 1706 1335 συνάθροισιν;
1716 1284 1869 1330 Ἐπίκειται
1889 1285 1953 1318 ἕνας
1975 1278 2130 1321 κίνδυνος;
2146 1290 2216 1317 τότε
2238 1286 2352 1318 παρου-

1272 1346 1412 1387 σιάζεται
1436 1349 1464 1384 ἐν
1483 1344 1604 1384 ὀνόματι
1624 1345 1674 1374 τοῦ
1696 1337 1843 1370 Βασιλέως
1865 1330 1916 1364 καὶ
1936 1328 2053 1361 διαλύει
2077 1331 2133 1361 τὴν
2156 1324 2357 1366 συνάθροισιν.

1322 1398 1509 1429 ΜΙΛΗΣΗΣ.
1521 1389 1669 1431 Συγχέετε
1689 1388 1729 1423 τὸ
1750 1384 1846 1427 ἄρθρον
1872 1387 1961 1413 τοῦτο
1983 1381 2019 1420 μὲ
2039 1379 2072 1409 τὸ
2096 1375 2267 1416 ἑπόμενον.

1327 1448 1492 1478 ΛΟΥΖΗΣ.
1498 1436 1603 1482 Ὁμιλῶ
1624 1433 1675 1468 διὰ
1699 1436 1733 1465 τὸ
1757 1438 1884 1475 πρῶτον,
1905 1430 1953 1459 καὶ
1970 1427 2044 1456 θέλω
2060 1426 2094 1454 νὰ
2115 1420 2354 1464 διασαφηνισθῇ.

1324 1495 1548 1530 ΚΟΚΚΙΝΟΣ.
1577 1481 1707 1528 Νομίζω,
1740 1484 1792 1513 ὅτι
1805 1485 1818 1513 ὁ
1841 1487 1890 1512 Κ.
1901 1474 2013 1513 Λούζης
2048 1475 2115 1515 ἔχει
2139 1469 2349 1510 ὑπερβολικοὺς

1276 1540 1396 1584 φόβους,
1420 1544 1447 1571 ἐν
1470 1536 1661 1579 περιπτώσει,
1682 1529 1748 1563 καθ’
1761 1528 1792 1563 ἣν
1816 1533 1831 1560 ὁ
1853 1534 1899 1560 Κ.
1916 1518 2034 1564 Λούζης
2043 1516 2234 1564 ἀναγνωρίζει
2256 1520 2353 1559 ἀναγ-

1277 1593 1366 1622 καίαν
1387 1590 1439 1622 τὴν
1460 1584 1643 1629 παρέμβασιν
1661 1586 1714 1616 τῆς
1736 1581 1923 1620 ἀστυνομίας·
1969 1575 2004 1602 τὸ
2028 1568 2153 1610 ζήτημα
2175 1565 2257 1604 εἶναι,
2303 1565 2348 1603 ἄν,

1278 1641 1373 1673 καθὼς
1396 1640 1423 1670 ἡ
1433 1633 1568 1666 ἰδιωτικὴ
1589 1633 1667 1662 οἰκία
1690 1628 1753 1670 ᾖναι
1777 1628 1894 1664 ἄσυλος,
1918 1617 2044 1659 δηλαδὴ
2060 1618 2219 1661 ἀπρόσιτος
2243 1616 2281 1648 εἰς
2300 1615 2351 1646 τὴν

1281 1686 1481 1727 Ἀστυνομίαν,
1505 1680 1753 1721 τοιουτοτρόπως
1777 1677 1827 1706 καὶ
1851 1677 1890 1704 τὰ
1911 1671 2005 1702 λοιπὰ
2026 1668 2110 1709 μέρη,
2132 1667 2192 1694 ὅσα
2212 1660 2258 1693 δὲν
2278 1660 2355 1691 εἶναι

1281 1733 1431 1768 ἰδιωτικαὶ
1456 1733 1566 1767 οἰκίαι.
1594 1723 1658 1759 Ὅλα
1678 1726 1834 1767 ἑπομένως
1847 1718 1985 1751 δύνανται
2008 1718 2044 1749 νὰ
2065 1713 2246 1757 θεωρηθῶσιν
2264 1707 2354 1751 ἰδιω-

1283 1786 1367 1824 τικά,
1385 1783 1433 1813 καὶ
1454 1779 1530 1811 αὐτὰ
1550 1775 1620 1816 εἶναι
1640 1774 1785 1817 ἀπρόσιτα
1812 1773 1851 1805 εἰς
1871 1769 1929 1804 τὴν
1952 1763 2169 1806 Ἀστυνομίαν.
2201 1761 2240 1790 Τὸ
2258 1762 2291 1799 νὰ
2316 1757 2364 1791 εἴ-

1284 1844 1399 1874 πωμεν,
1432 1832 1477 1863 ὅτι
1508 1825 1582 1858 εἶναι
1602 1824 1725 1866 προσιτὰ
1757 1824 1796 1855 εἰς
1828 1819 1880 1852 τὴν
1903 1814 2104 1856 Ἀστυνομίαν,
2148 1806 2197 1841 δὲν
2218 1809 2252 1839 θὰ
2278 1809 2355 1847 εἴπῃ,

1284 1884 1331 1911 ὅτι
1373 1880 1531 1921 θεωροῦμεν
1566 1873 1729 1915 ἀναγκαίαν
1767 1869 1820 1902 τὴν
1843 1866 2031 1909 παράστασιν
2075 1865 2128 1893 τῆς
2158 1856 2360 1898 Ἀστυνομίας,

1288 1928 1356 1959 ἀλλ’
1373 1930 1420 1958 ὅτι
1440 1930 1468 1957 ἐν
1491 1927 1548 1965 ὥρᾳ
1572 1922 1700 1963 ἀνάγκης
1727 1915 1851 1948 δύναται
1873 1918 1890 1946 ἡ
1911 1910 2082 1952 Ἀστυνομία
2107 1910 2143 1937 νὰ
2164 1901 2357 1956 παρευρεθῇ.

1337 1980 1493 2007 ΛΟΥΖΗΣ.
1518 1970 1560 2002 Ἄ!
1584 1971 1741 2013 μάλιστα·
1750 1968 1925 1995 ἀπαιτεῖται
1950 1960 2027 1994 αὐτὴ
2054 1961 2069 1990 ἡ
2092 1956 2304 1996 διασάφησις.

1338 2020 1824 2055 ΠΑΠΑΔΙΑΜΑΝΤΟΠΟΥΛΟΣ.
1850 2011 1936 2053 Κύριε
1956 2003 2064 2042 Λούζη,
2104 2008 2156 2038 σᾶς
2177 1995 2362 2042 ὑπενθυμίζω

1293 2077 1346 2108 τὴν
1364 2072 1564 2115 τροπολογίαν
1582 2068 1635 2101 τὴν
1656 2060 1747 2097 ἰδικήν
1762 2071 1829 2101 μου,
1850 2056 1915 2089 καθ’
1932 2056 1964 2093 ἣν
1983 2056 2062 2097 μετὰ
2081 2054 2116 2082 τὸ
2143 2046 2362 2091 «Ἀστυνομία»

1293 2120 1487 2167 προστίθεται
1511 2117 1599 2157 «πρὸς
1620 2111 1790 2153 διατήρησιν
1812 2113 1862 2144 τῆς
1886 2103 2031 2147 δημοσίας
2045 2091 2218 2142 τάξεως».

1343 2174 1515 2202 ΛΟΥΖΗΣ.
1544 2159 1667 2206 Νομίζω
1702 2155 1869 2199 ἀνεπαρκῆ
1894 2156 1961 2197 πρὸς
1994 2156 2045 2184 τὸν
2066 2150 2177 2180 σκοπόν
2194 2159 2249 2190 μας
2274 2144 2367 2176 αὐτὴν

1296 2225 1348 2254 τὴν
1371 2212 1614 2261 μεταῤῥύθμισιν·
1633 2207 1681 2241 διὰ
1706 2213 1796 2237 τοῦτο
1816 2204 1902 2239 ἤθελα
1927 2204 1961 2232 νὰ
1984 2203 2035 2242 μοὶ
2058 2195 2146 2242 δώσῃ
2167 2199 2235 2237 μίαν
2254 2195 2373 2236 πληρο-

1298 2270 1399 2312 φορίαν
1422 2272 1439 2301 ἡ
1460 2263 1601 2302 ἐπιτροπὴ
1621 2265 1637 2292 ἡ
1656 2254 1825 2292 συντάξασα
1844 2256 1879 2285 τὸ
1902 2250 2030 2293 ἄρθρον.

1348 2318 1612 2348 ΠΑΛΑΜΗΔΗΣ.
1636 2305 1701 2350 Ἐγὼ
1723 2308 1757 2335 νὰ
1775 2308 1828 2337 σᾶς
1850 2297 1948 2331 δώσω.
1975 2303 2055 2339 Τρεῖς
2078 2293 2269 2335 περιστάσεις
2301 2290 2369 2317 ἔλα-

1300 2364 1348 2396 βεν
1368 2363 1418 2396 ὑπ’
1436 2363 1498 2412 ὄψιν
1523 2363 1538 2392 ἡ
1556 2356 1718 2396 ἐπιτροπή·
1751 2357 1865 2383 πρῶτον
1898 2349 1945 2377 τὸν
1969 2347 2076 2375 σκοπὸν
2100 2342 2195 2384 φίλων
2220 2342 2254 2369 νὰ
2272 2338 2372 2366 συνέλ-

1302 2414 1366 2445 θουν
1389 2415 1438 2443 καὶ
1462 2408 1504 2441 νὰ
1516 2404 1691 2447 συσκεφθοῦν
1722 2402 1787 2442 περὶ
1819 2399 1884 2440 ἑνὸς
1913 2389 2137 2427 ὁποιουδήποτε
2166 2386 2373 2429 ἀντικειμένου

1304 2468 1342 2499 εἰς
1364 2462 1432 2506 μίαν
1455 2461 1513 2488 τῶν
1534 2452 1692 2485 ἰδιωτικῶν
1712 2454 1821 2486 οἰκιῶν,
1863 2442 1929 2478 καθ’
1946 2444 1978 2478 ἣν
2003 2449 2020 2479 ἡ
2042 2438 2219 2481 Ἀστυνομία
2243 2433 2288 2465 δὲν
2311 2438 2375 2464 ἐπι-

1305 2512 1452 2556 τρέπεται
1468 2510 1500 2545 νὰ
1515 2504 1706 2545 εἰσέρχηται.
1729 2502 1775 2535 Εἰς
1797 2496 1849 2532 τὴν
1873 2494 2044 2536 περίστασιν
2070 2489 2184 2522 ταύτην
2206 2484 2376 2527 ὑπάγονται

1306 2563 1368 2596 καὶ
1379 2564 1407 2590 αἱ
1429 2556 1619 2597 συναθροίσεις
1647 2556 1701 2581 τοῦ
1724 2546 1881 2588 συλλόγου,
1904 2545 1953 2583 καὶ
1977 2542 2079 2571 ἄλλων
2102 2539 2264 2571 τοιούτων,
2304 2533 2378 2561 ὅπου

1308 2611 1398 2653 ἔχουν
1415 2603 1573 2647 ἰδιαίτερον
1595 2601 1703 2630 σκοπὸν
1734 2598 1782 2628 καὶ
1803 2593 1954 2634 ὑπάρχουν
1973 2591 2025 2619 καὶ
2047 2585 2194 2628 ὡρισμένα
2218 2583 2391 2624 πρόσωπα·

1311 2656 1445 2699 δεύτερον
1464 2653 1514 2684 διὰ
1552 2652 1602 2684 τὰς
1622 2647 1716 2682 κοινὰς
1742 2642 1947 2685 συναθροίσεις,
1992 2640 2028 2673 ὡς
2065 2637 2114 2666 ἐπὶ
2156 2627 2379 2672 παραδείγματι

1312 2710 1351 2742 εἰς
1369 2708 1403 2738 τὸ
1426 2699 1678 2738 Πανεπιστήμιον,
1713 2697 1751 2729 εἰς
1792 2693 1827 2722 τὸ
1848 2687 1927 2723 δεῖνα
1964 2688 2113 2729 σχολεῖον,
2155 2683 2204 2711 καὶ
2242 2682 2279 2714 εἰς
2302 2679 2387 2707 ἄλλα

1312 2755 1541 2795 καταστήματα
1562 2744 1691 2790 δημόσια
1709 2742 1727 2777 ἢ
1747 2742 1827 2782 μέρη,
1850 2741 1886 2773 ὡς
1902 2737 1953 2769 καὶ
1972 2736 2065 2770 οἰκίας
2089 2731 2189 2771 ἀκόμη
2214 2723 2385 2763 ἰδιωτικάς,

1315 2808 1386 2834 ὅπου
1406 2798 1623 2832 εἰδοποιοῦνται
1644 2797 1668 2823 οἱ
1687 2793 1794 2824 πάντες
1814 2790 1847 2818 νὰ
1870 2785 1983 2820 ἔλθουν,
2027 2784 2077 2813 καὶ
2113 2782 2186 2811 ὅπου
2211 2781 2233 2813 ἡ
2256 2775 2387 2808 Ἀστυνο-

1313 2854 1380 2897 μία
1391 2849 1524 2883 δύναται
1533 2849 1567 2878 νὰ
1589 2844 1767 2887 εἰσέρχηται.
1807 2840 1865 2870 Καὶ
1886 2837 1994 2879 τρίτον,
2025 2833 2077 2866 τὰς
2100 2833 2128 2861 ἐν
2148 2826 2278 2867 ὑπαίθρῳ
2300 2833 2392 2853 συνα-

1317 2903 1446 2946 θροίσεις,
1469 2900 1542 2929 ὅπου
1564 2900 1580 2929 ἡ
1600 2889 1773 2930 Ἀστυνομία
1790 2888 1844 2917 καὶ
1864 2887 1899 2916 νὰ
1914 2881 2148 2927 παρευρίσκηται
2164 2873 2296 2912 δύναται
2315 2870 2388 2908 ἄνευ

1319 2957 1372 2986 τῆς
1393 2942 1578 2991 παραμικρᾶς
1597 2932 1798 2984 ἐπεμβάσεως,
1814 2936 1867 2969 καὶ
1888 2934 1922 2963 νὰ
1941 2931 2077 2976 προσέχῃ
2094 2925 2223 2958 δεόντως
2244 2921 2316 2962 ὐπὲρ
2336 2924 2389 2953 τῆς

1320 3002 1361 3044 μὴ
1383 2990 1581 3039 διαταράξεως
1598 2994 1652 3026 τῆς
1670 2990 1766 3025 κοινῆς
1786 2984 1907 3026 ἡσυχίας
1928 2982 1978 3021 καὶ
1999 2975 2133 3014 τάξεως.
2145 2971 2253 3002 Λοιπὸν
2277 2971 2391 2999 ἐννοοῦ-

1323 3061 1387 3090 μεν,
1421 3048 1494 3081 ὅπου
1515 3043 1685 3086 συμφωνοῦν
1705 3035 1849 3079 ὡρισμένα
1868 3033 2024 3075 πρόσωπα,
2060 3028 2121 3056 ἐκεῖ
2150 3017 2196 3051 δὲν
2216 3020 2349 3061 εἰμπορεῖ
2375 3017 2393 3046 ἡ

1325 3096 1497 3138 Ἀστυνομία
1514 3095 1549 3125 νὰ
1565 3088 1713 3129 εἰσέλθῃ.

1377 3150 1536 3177 ΛΟΥΖΗΣ.
1557 3141 1609 3171 Δὲν
1630 3138 1664 3167 τὸ
1685 3135 1771 3178 λέγει
1790 3132 1869 3175 ὅμως
1891 3131 1927 3161 τὸ
1950 3125 2071 3169 ἄρθρον.

1377 3197 1593 3227 ΠΡΟΕΔΡΟΣ.
1612 3185 1733 3225 Λοιπόν,
1745 3183 1865 3223 Κύριοι,
1889 3179 1923 3218 τὸ
1945 3179 2060 3218 πρῶτον
2082 3166 2221 3209 ζήτημα,
2240 3165 2274 3196 τὸ
2294 3165 2395 3194 ὁποῖον

1328 3245 1363 3276 θὰ
1387 3244 1458 3276 θέσω
1480 3245 1516 3278 εἰς
1538 3235 1716 3280 ψηφοφορίαν
1754 3229 1828 3265 εἶναι
1864 3233 1881 3263 ἡ
1902 3222 2085 3269 τροπολογία
2109 3221 2163 3248 τοῦ
2185 3222 2229 3254 Κ.
2244 3212 2397 3253 Καλλιγᾶ,

1318 3292 1383 3331 ἥτις
1403 3293 1481 3326 εἶναι
1499 3292 1550 3324 καὶ
1573 3283 1730 3336 ἀπωτέρω,
1749 3283 1818 3329 ἥτις
1833 3279 1921 3311 τείνει
1945 3278 1983 3309 εἰς
2006 3273 2061 3307 τὴν
2080 3264 2245 3308 ἀπάλειψιν
