2480 3507
420 245 472 277 τὴν
489 243 593 275 ὄρεξιν.
600 244 728 279 Ἠμπορῶ
744 248 778 272 νὰ
797 249 862 274 εἴπω
879 250 917 274 ὅτι
936 250 978 275 δὲν
997 251 1072 277 ἀσκῶ
1085 253 1130 283 τὴν
1154 253 1242 284 ἀρχὴν
1258 253 1342 286 σήμε-

422 296 471 319 ρον
478 288 509 320 μὲ
532 287 697 321 ὀλιγωτέραν
712 289 806 320 ὄρεξιν,
825 292 883 315 οὔτε
904 293 935 325 μὲ
951 292 1112 326 ὀλιγωτέραν
1127 296 1333 329 εὐσυνειδησίαν

421 331 472 355 ἀπὸ
496 330 603 363 ἐκείνην
624 331 671 364 τὴν
686 331 785 357 ὁποίαν
823 334 958 360 ἐδείκνυον
977 337 1039 361 ὅταν
1068 337 1151 369 ἤμουν
1168 338 1201 364 30
1219 341 1334 372 χρονῶν.

422 372 611 406 Εὑρισκόμεθα
633 375 671 404 εἰς
683 376 777 407 μικρὸν
797 376 876 401 τόπον
894 379 939 403 καί
952 377 1009 404 ὅλοι
1025 379 1284 414 παρακολουθοῦμεν
1304 383 1334 407 τὰ

418 414 549 447 γενόμενα
572 415 633 441 καθ’
646 416 768 450 ἑκάστην
790 419 833 444 καὶ
858 418 913 445 ὅλοι
935 421 1101 453 γνωρίζομεν
1119 423 1161 448 ὅτι
1177 423 1262 455 ὁλίγοι
1281 424 1333 449 ἀπὸ

419 459 480 487 τοὺς
492 461 681 490 πνευματικῶς
711 461 757 485 καὶ
776 460 871 490 ἄλλους
884 461 1079 498 ἐργαζομένους
1096 465 1136 495 εἰς
1150 465 1200 496 τὴν
1207 465 1331 492 Ἑλλάδα

417 499 577 531 ἐργάζονται
600 503 792 533 περισσότερον
809 504 860 528 ἀπὸ
894 504 976 537 ἐμένα
1008 506 1148 538 σήμερον.
1157 507 1263 532 Λοιπὸν
1286 508 1330 532 ἐὰν

417 543 487 566 κατὰ
507 545 583 566 τοῦτο
603 543 647 566 δὲν
670 543 788 576 διαφέρω
805 546 858 571 ἀπὸ
879 546 978 571 κανένα
1009 548 1110 578 ἄλλον,
1123 549 1190 581 ὅμως
1215 550 1329 578 διαφέρω

416 584 454 614 εἰς
472 584 517 610 ἕνα
538 584 603 609 ἄλλο
625 589 743 618 πρᾶγμα,
765 587 884 617 διαφέρω
903 591 972 614 κατὰ
988 593 1086 618 τοῦτο.
1087 591 1267 623 Ἐργάζομαι,
1285 593 1317 616 κά

414 636 470 660 μνω
486 628 514 651 τὸ
532 628 653 657 καθῆκον
672 637 731 660 μου,
750 629 826 653 ἀλλὰ
841 630 886 655 ἐὰν
920 632 967 663 τὴν
989 633 1060 661 ὥραν
1076 634 1125 660 ποὺ
1149 634 1181 659 θὰ
1225 634 1291 668 ἔλθῃ
1313 637 1330 669 ἡ

415 669 502 702 κρίσις
526 672 575 693 τοῦ
592 669 668 699 λαοῦ,
688 671 702 696 ὁ
721 671 791 700 λαὸς
803 675 854 705 μοῦ
875 673 947 708 δώσῃ
964 674 1064 703 φῦλλον
1080 676 1197 707 πορείας
1207 677 1258 707 ἐγὼ
1286 679 1329 712 ὄχι

414 712 494 745 μόνον
515 713 558 736 δὲν
578 712 610 736 θὰ
625 712 785 744 δυσφορήσω
801 714 869 740 ἀλλὰ
889 714 921 741 θὰ
942 716 1015 748 φύγω
1036 718 1068 749 μὲ
1088 718 1133 742 ἕνα
1146 719 1272 752 μειδίαμα
1282 722 1327 745 καὶ

414 753 446 779 θὰ
466 755 549 787 εἴπω,
564 755 598 783 ἂς
609 755 746 787 ὑπάγομεν
764 757 810 781 καὶ
833 757 911 789 ἡμεῖς
927 759 956 783 νὰ
978 757 1201 791 ξεκουρασθῶμεν
1221 763 1266 787 καὶ
1304 763 1330 786 ὀ-

414 796 497 828 λίγον,
512 797 543 822 νὰ
560 798 596 830 μὴ
617 796 808 830 παρεξηγηθῶ,
823 800 875 830 δὲν
888 800 920 825 θὰ
935 801 1008 833 φύγω
1025 802 1057 833 μέ
1073 803 1190 827 κάποιαν
1208 804 1327 837 ἐσωτερι-

412 840 465 871 κὴν
485 839 677 872 εὐχαρίστησιν
694 841 731 864 ὅτι
752 841 841 873 ἔκαμα
855 842 882 868 τὸ
919 842 1039 871 καθῆκόν
1080 851 1146 875 μου.
1160 845 1209 870 Δὲν
1243 847 1314 879 ἡμπο

413 884 449 912 ρῶ
486 882 517 906 νὰ
555 881 629 909 κάμω
663 883 750 907 τίποτε
785 883 862 911 ἄλλο,
897 884 965 909 διότι
982 886 1011 910 τὸ
1034 887 1159 914 ἀφεντικὸ
1182 888 1226 912 δὲν
1246 888 1327 915 θέλει.

409 921 497 947 Ἀλλὰ
515 925 564 955 τῆς
582 923 821 954 ἀντιπολιτεύσεως
845 924 861 957 ἡ
899 926 1037 957 ἀποστολὴ
1066 929 1134 953 εἶναι
1159 929 1225 954 πολὺ
1249 931 1328 955 εὐκο-

411 964 527 998 λωτέρα.

471 1007 505 1031 Κ.
543 1007 802 1034 ΖΑΒΙΤΖΙΑΝΟΣ.
843 1010 893 1038 Εἰς
943 1012 993 1043 τὴν
1031 1012 1150 1038 Ἑλλάδα
1188 1014 1221 1039 20
1277 1015 1322 1048 ἔτη

410 1049 614 1082 πολιτευόμενος
654 1051 770 1084 ἐκάματε
811 1052 887 1082 μόνον
925 1053 970 1077 ἕνα
1026 1058 1096 1087 μῆνα
1129 1056 1327 1081 ἀντιπολιτευό-

408 1100 499 1124 μενος.

467 1141 498 1168 Ε.
514 1141 735 1169 ΒΕΝΙΖΕΛΟΣ.
750 1144 1032 1177 (Πρωθυπουργός).
1038 1148 1148 1172 Λοιπὸν
1158 1149 1222 1173 αὐτὸ
1238 1151 1265 1173 τὸ
1281 1160 1324 1180 γε-

406 1186 483 1215 γονὸς
506 1186 542 1208 ὅτι
561 1185 612 1216 ἐγὼ
631 1186 676 1217 τὴν
692 1185 763 1223 ὥραν
788 1189 836 1211 ποὺ
861 1189 1059 1218 ἀντιμετωπίζω
1082 1190 1260 1223 ἐνδεχομένην
1273 1193 1306 1217 κά

405 1227 485 1250 θοδον
506 1228 558 1251 ἀπὸ
573 1229 623 1259 τῆς
637 1228 732 1259 ἀρχῆς,
745 1229 798 1261 ἔχω
820 1230 886 1263 αὐτὴ
923 1231 969 1261 τὴν
990 1231 1191 1265 ἱκανοποίησιν,
1204 1234 1252 1269 ἐνῷ
1276 1236 1321 1260 δὲν

405 1269 503 1300 νομίζω
524 1269 562 1293 ὅτι
575 1269 657 1301 αὐτὴν
682 1270 819 1301 ἠμποροῦν
838 1273 867 1297 νὰ
883 1273 929 1303 τὴν
950 1273 1027 1304 ἔχουν
1060 1274 1116 1298 ὅλοι
1134 1275 1157 1299 οἱ
1180 1275 1256 1301 ἄλλοι
1294 1276 1318 1303 οἱ

404 1311 495 1335 ὁποῖοι
510 1311 592 1343 ἔχουν
608 1313 696 1344 ἀκόμη
718 1315 749 1337 νὰ
769 1315 869 1346 κάμουν
889 1315 935 1346 τὴν
955 1316 1164 1347 σταδιοδρομίαν
1185 1327 1237 1342 των
1271 1321 1315 1344 καὶ

403 1353 431 1375 τὸ
453 1353 568 1385 γεγονὸς
587 1353 677 1387 ἀκόμη
701 1355 740 1379 ὅτι
751 1355 908 1388 ἀναμιχθεὶς
922 1357 957 1386 εἰς
971 1359 1000 1381 τὰ
1016 1358 1118 1388 μεγάλα
1134 1361 1260 1390 γεγονότα
1275 1362 1316 1385 δὲν

403 1394 458 1428 ἔχω
484 1394 595 1426 βεβαίως
614 1396 658 1427 τὴν
682 1396 835 1429 πολιτικὴν
845 1398 926 1430 ζωήν,
947 1400 1018 1425 κατὰ
1038 1401 1085 1431 τὴν
1107 1401 1201 1426 ὁποίαν
1221 1402 1253 1426 θὰ
1270 1404 1316 1428 κά-

401 1445 441 1468 μω
464 1436 597 1469 ἀνάλογα,
613 1437 662 1462 ὅλα
682 1438 748 1463 αὐτὰ
787 1439 965 1472 δημιουργοῦν
1002 1441 1063 1470 μίαν
1081 1443 1251 1472 ἀνωμαλίαν,
1278 1446 1314 1470 ὅτι

401 1478 478 1512 ἔχετε
514 1478 615 1511 ἐμπρός
653 1489 700 1510 σας
735 1481 796 1507 ἕναν
844 1482 995 1511 ἄνθρωπον,
1028 1484 1041 1508 ὁ
1068 1485 1160 1513 ὁποῖος
1193 1488 1262 1513 εἶναι
1298 1488 1315 1511 ἰ-

400 1519 500 1553 σχυρὸς
533 1520 713 1556 κυβερνήτης,
734 1523 746 1546 ὁ
770 1524 861 1553 ὁποῖος
905 1525 960 1557 ἔχει
998 1525 1082 1556 ὄρεξιν
1112 1528 1142 1552 νὰ
1172 1527 1300 1555 ἐξακολου

400 1562 470 1595 θήσῃ
507 1562 695 1595 ἐργαζόμενος,
736 1564 778 1597 ἐφ’
820 1566 882 1590 ὅσον
906 1567 1036 1592 ἀπολαύει
1077 1571 1122 1601 τῆς
1152 1569 1250 1601 λαϊκῆς
1271 1572 1314 1604 ἐμ-

399 1604 569 1638 πιστοσύνης,
605 1606 674 1631 εἶναι
707 1607 809 1638 ἕτοιμος
844 1608 879 1632 νὰ
919 1608 1022 1642 ἀπέλθῃ
1058 1612 1088 1643 μὲ
1118 1612 1179 1636 ὅλον
1218 1615 1245 1639 τὸ
1260 1622 1314 1645 μει-

399 1645 480 1678 δίαμα
518 1647 553 1677 εἰς
571 1648 602 1672 τὰ
628 1648 708 1682 χείλη
740 1650 788 1675 καὶ
805 1650 853 1681 τὴν
868 1651 966 1683 ψυχήν,
996 1653 1062 1677 ὅταν
1083 1653 1148 1677 εἶναι
1165 1655 1180 1686 ἡ
1200 1655 1255 1687 ὥρα
1280 1658 1308 1681 νὰ

396 1687 519 1720 ἀπέλθῃ.

454 1729 534 1753 Ἀλλ’
551 1731 623 1760 αὐτό,
641 1733 670 1760 ἂς
689 1738 717 1757 τὸ
737 1734 869 1767 εἴπωμεν,
896 1737 942 1767 μοὶ
974 1736 1039 1762 δίδει
1085 1737 1144 1769 μίαν
1171 1739 1309 1772 ὑπεροχὴν

396 1771 521 1797 ἀπέναντι
555 1775 605 1797 τῶν
628 1774 734 1810 ἄλλων,
748 1776 762 1807 ἡ
786 1776 865 1802 ὁποία
882 1778 1043 1811 δημιουργεῖ
1063 1780 1109 1808 τὴν
1144 1781 1307 1813 ἀνωμαλίαν.

402 1814 479 1838 Ἀλλὰ
501 1818 548 1845 σᾶς
573 1816 675 1846 ἐρωτῶ,
691 1826 744 1846 πῶς
760 1818 852 1844 θέλετε
875 1821 906 1845 νὰ
937 1821 1075 1856 διορθωθῇ
1105 1822 1172 1852 αὐτὴ
1204 1823 1220 1855 ἡ
1242 1825 1308 1848 ἀνω-

393 1856 495 1890 μαλία;
520 1857 700 1889 Προκειμένου
716 1860 776 1892 περὶ
800 1860 916 1886 ἱππικῶν
938 1863 1064 1895 ἀγώνων,
1081 1865 1143 1888 ὅταν
1168 1865 1227 1893 ἕνας
1253 1867 1305 1891 ἀπὸ

393 1900 453 1930 τοὺς
472 1899 605 1930 ἀναβάτας
635 1901 704 1925 εἶναι
726 1901 869 1935 βαρύτερος
909 1905 960 1929 ἀπὸ
1000 1906 1044 1930 τὸν
1078 1906 1230 1935 ἄλλον......
1252 1908 1305 1933 Τοῦ

392 1941 520 1973 καθίζουν
539 1942 584 1966 ἕνα
598 1943 744 1975 πρόσθετον
765 1944 844 1977 βάρος
859 1948 904 1971 τοῦ
934 1945 1063 1979 ἐλαφροῦ,
1076 1950 1204 1982 φέρουσιν
1223 1951 1270 1981 τὴν
1286 1952 1304 1975 ἰ-

391 1983 542 2014 σορροπίαν
558 1985 603 2007 καὶ
621 1983 737 2016 γίνονται
762 1987 792 2011 τὰ
811 1987 953 2016 πράγματα
975 1989 1059 2015 καλά.
1080 1991 1149 2015 Αὐτὸ
1167 1992 1302 2023 δυστυχῶς

390 2024 432 2049 δὲν
457 2025 553 2059 πρέπει
576 2027 607 2049 νὰ
642 2027 821 2059 ἐφαρμόζεται
839 2030 875 2059 εἰς
890 2031 956 2060 τοὺς
976 2031 1131 2062 πολιτικοὺς
1153 2035 1303 2068 ἀρχηγούς.

387 2065 421 2089 Οἱ
435 2068 534 2098 ἀγῶνες
551 2068 575 2092 οἱ
606 2068 710 2094 ἱππικοὶ
729 2070 808 2101 ἔχουν
825 2070 858 2097 ὡς
875 2071 993 2097 ἔπαθλον
1009 2074 1061 2104 τὴν
1098 2075 1194 2108 ἠθικὴν
1225 2077 1301 2109 νίκην

388 2109 404 2141 ἡ
423 2109 504 2133 ὁποία
526 2110 594 2135 δίδει
612 2111 647 2140 εἰς
661 2112 712 2137 τὸν
729 2112 883 2145 ἰδιοκτήτην
900 2118 945 2138 τοῦ
966 2114 1050 2140 ἵππου
1077 2117 1125 2147 τὴν
1147 2117 1302 2152 ἱκανοποίη-

385 2161 431 2177 σιν
452 2155 496 2176 τοῦ
518 2152 693 2184 ἀθλητισμοῦ,
707 2155 756 2179 καὶ
779 2154 913 2181 πολλάκις
931 2158 975 2181 καὶ
995 2157 1055 2189 μίαν
1074 2162 1246 2192 χρηματικὴν
1275 2162 1301 2186 ἱ-

385 2194 570 2226 κανοποίησιν,
584 2195 659 2220 διότι
680 2196 698 2228 ἡ
717 2196 875 2229 διατήρησις
901 2199 1023 2225 σταύλων
1039 2202 1084 2225 καὶ
1106 2202 1193 2228 ἵππων
1229 2204 1297 2229 εἶναι

383 2236 551 2269 δαπανηρά.
565 2236 624 2263 Ἂν
642 2238 757 2276 κερδίσῃ
784 2244 881 2271 μπορεῖ
904 2242 934 2265 νὰ
957 2246 1002 2267 τοῦ
1017 2242 1094 2275 μείνῃ
1133 2245 1177 2269 καὶ
1197 2246 1296 2269 κἄποιο

384 2279 500 2309 κέρδος.
510 2278 597 2304 Ἀλλὰ
619 2280 651 2309 εἰς
674 2281 731 2309 τοὺς
750 2281 904 2309 πολιτικοὺς
922 2284 1026 2314 ἀγῶνας
1058 2284 1100 2310 δὲν
1122 2287 1299 2317 ἀνταγωνιζό-

383 2319 452 2347 μεθα
468 2320 528 2349 ὅλοι
546 2320 623 2354 ἡμεῖς
647 2322 671 2346 οἱ
691 2323 807 2356 ἀρχηγοὶ
827 2326 878 2348 τῶν
912 2327 1064 2356 κομμάτων,
1088 2328 1130 2351 δὲν
1153 2330 1282 2357 ἀνταγωνι

381 2361 483 2394 ζόμεθα
514 2363 560 2387 διὰ
580 2365 611 2388 τὰ
631 2365 793 2392 προσωπικά
815 2374 863 2397 μας
884 2367 1060 2398 συμφέροντα,
1080 2370 1293 2402 ἀνταγωνιζόμε-

377 2403 449 2436 μεθα
475 2404 517 2429 διὰ
540 2406 569 2428 τὰ
594 2407 686 2438 γενικὰ
708 2407 875 2439 συμφέροντα
896 2410 940 2434 καὶ
954 2409 1089 2442 ἑπομένως
1118 2412 1131 2437 ὁ
1152 2413 1226 2443 Λαὸς
1251 2415 1295 2438 δυ-

381 2446 483 2475 σκόλως
515 2446 547 2471 θὰ
571 2447 680 2481 ἐδέχετο
699 2450 730 2474 νὰ
747 2450 987 2482 δημιουργήσωμεν
1004 2453 1045 2477 διὰ
1067 2454 1109 2479 τὸν
1147 2454 1295 2488 ἐλαφρότε-

380 2489 424 2519 ρον
444 2488 592 2518 πολιτικόν,
618 2491 647 2518 ἂς
664 2491 706 2515 τὸν
733 2492 859 2521 εἰποῦμεν
885 2494 947 2521 ἔτσι,
971 2496 1006 2521 νὰ
1025 2497 1075 2519 τοῦ
1105 2496 1228 2529 βάλωμεν
1246 2499 1291 2523 κά-

378 2538 439 2554 ποιο
458 2530 538 2559 βάρος
553 2532 700 2565 πρόσθετον
720 2535 766 2559 καὶ
785 2535 815 2559 νὰ
840 2536 887 2560 τὸν
917 2536 1046 2568 κάμωμεν
1078 2540 1107 2562 νὰ
1129 2539 1212 2573 τρέχῃ
1263 2542 1290 2565 τὸ

372 2569 445 2596 ἴδιον
465 2573 496 2604 μὲ
510 2574 570 2603 τοὺς
588 2575 705 2604 ἄλλους.
724 2574 754 2601 Ὁ
774 2577 893 2609 ἀρχηγὸς
921 2586 966 2610 τῆς
996 2579 1211 2614 Δημοκρατικῆς
1248 2583 1291 2608 Ἑ-

380 2613 497 2644 νώσεως,
519 2616 684 2648 ἀσχοληθεὶς
706 2618 875 2648 εἰδικώτερον
892 2621 929 2651 εἰς
948 2621 997 2653 τὴν
1011 2621 1128 2655 μελέτην
1145 2627 1189 2648 τοῦ
1208 2625 1290 2658 ζητή-

374 2664 457 2691 ματος
488 2657 532 2682 καὶ
550 2659 597 2691 τὴν
625 2660 728 2693 εὕρεσιν
746 2661 796 2693 τῆς
811 2661 924 2694 δυνατῆς
941 2662 1095 2696 θεραπείας,
1135 2666 1237 2698 ἔφθασε
1258 2669 1288 2692 νὰ

373 2698 539 2732 ἀνακαλύψῃ
558 2700 603 2725 ἕνα
634 2704 760 2733 πρᾶγμα.
781 2703 847 2728 Εἶπε
865 2704 989 2738 δηλαδή,
998 2706 1011 2730 ὁ
1036 2713 1068 2733 κ.
1078 2707 1219 2738 Βενιζέλος
1241 2718 1287 2733 κα-

373 2739 445 2775 τέχει
464 2740 526 2774 μίαν
548 2741 716 2775 ἐξαιρετικὴν
735 2745 809 2770 θέσιν
824 2747 854 2771 ἂν
872 2747 950 2780 μείνῃ
977 2747 1044 2780 μέσα
1061 2749 1100 2778 εἰς
1118 2750 1164 2782 τὴν
1181 2750 1287 2784 Βουλὴν

372 2783 442 2807 εἶναι
473 2783 633 2816 ἀνωμαλία.
657 2785 790 2818 Ὑπάρχει
805 2788 850 2818 μία
873 2788 941 2818 θέσις
965 2790 980 2821 ἡ
1001 2790 1084 2815 ὁποία
1106 2794 1149 2817 καὶ
1172 2793 1215 2818 τὸν
1257 2803 1284 2821 κ.

371 2824 512 2856 Βενιζέλον
531 2827 565 2851 νὰ
583 2826 761 2861 ἱκανοποιήσῃ
797 2830 904 2856 δύναται
925 2834 974 2859 καὶ
994 2834 1022 2859 νὰ
1042 2834 1079 2866 μὴ
1098 2834 1174 2870 μείνῃ
1190 2836 1236 2860 καὶ
1267 2836 1282 2869 ἡ

1370 255 1525 289 ἀνωμαλία,
1534 256 1566 281 θὰ
1591 259 1638 282 τὸν
1654 259 1777 292 βάλωμεν
1794 263 1832 292 εἰς
1864 264 1910 298 τὴν
1933 264 2006 290 θέσιν
2024 271 2068 289 τοῦ
2084 268 2209 300 ἀρχηγοῦ
2239 275 2284 294 τοῦ

1372 294 1507 330 Κράτους.

1428 348 1540 379 Βέβαια,
1556 351 1646 382 κύριοι
1660 352 1811 385 βουλευταί,
1832 356 1861 381 τὸ
1887 356 1991 390 ἀξίωμα
2010 363 2057 386 τοῦ
2085 360 2209 394 ἀρχηγοῦ
2238 368 2281 386 τοῦ

1370 389 1489 422 Κράτους
1502 392 1571 418 εἶναι
1591 395 1814 426 τιμητικώτατον.
1842 398 1921 423 Ἀλλ’
1944 402 2058 425 πιστεύω
2092 403 2130 426 ὅτι
2155 404 2199 427 καὶ
2215 404 2286 428 ἐκεῖ-

1367 440 1410 463 νος
1432 434 1484 458 ποὺ
1506 435 1533 458 τὸ
1552 435 1663 469 κατέχει
1684 438 1802 470 σήμερον
1823 441 1867 465 καὶ
1892 441 1995 471 ἐκεῖνος
2019 445 2072 470 ποὺ
2106 446 2135 469 τὸ
2169 450 2283 478 κατεῖχε

1366 476 1583 509 προηγουμένως,
1619 479 1688 503 εἶναι
1734 481 1800 506 πολὺ
1828 482 1975 515 ἀξιώτερος
2003 486 2055 511 ἀπὸ
2088 487 2132 519 ἐμὲ
2170 488 2213 512 διὰ
2253 491 2281 513 τὸ

1365 517 1535 550 ὑψηλότατον
1558 519 1682 554 ἀξίωμα.
1695 522 1856 554 Ἀντιθέτως
1876 527 1992 552 πιστεύω
2022 529 2059 553 ὅτι
2082 529 2123 553 διὰ
2150 531 2175 553 τὸ
2206 530 2282 561 ἀξίω-

1364 568 1398 591 μα
1437 564 1482 585 τοῦ
1500 561 1727 596 Πρωθυπουργοῦ,
1742 568 1822 598 χωρὶς
1856 568 1977 601 καμμίαν
2002 570 2280 605 ψευδομετριοφροσύ-

1365 610 1427 633 νην,
1445 604 1560 627 πιστεύω
1578 606 1621 629 καὶ
1658 606 1727 638 λέγω
1746 608 1785 632 ὅτι
1807 608 1846 634 δι’
1867 611 1932 634 αὐτὸ
1967 611 1983 644 ἢ
2007 612 2113 641 μᾶλλον
2143 615 2180 644 εἰς
2216 618 2280 639 αὐτὸ

1364 644 1391 667 τὸ
1412 643 1527 675 ἀξίωμα,
1564 646 1615 677 ἐγὼ
1636 648 1749 680 ἠμπορῶ
1769 652 1800 674 νὰ
1829 652 1973 685 προσφέρω
2013 654 2054 680 ἐπὶ
2081 659 2125 681 τοῦ
2149 657 2280 689 παρόντος

1363 686 1539 718 τοὐλάχιστον
1558 690 1748 722 περισσοτέρας
1766 693 1931 727 ὑπηρεσίας.
1949 696 2228 731 (χειροκροτήματα).

1422 729 1507 760 Αὐτὸς
1526 731 1594 756 εἶναι
1612 733 1624 756 ὁ
1658 733 1746 765 λόγος,
1781 736 1868 768 κύριοι
1888 737 2046 769 βουλευταί,
2075 741 2086 764 ὁ
2122 741 2215 770 ὁποῖος
2246 744 2276 775 μὲ

1363 771 1499 803 ἠνάγκασε
1524 774 1556 798 νὰ
1584 774 1690 806 ἀρνηθῶ
1711 778 1742 801 νὰ
1766 777 1834 802 ἔλθω
1854 780 1895 807 εἰς
1915 781 1961 804 τὸν
1980 782 2193 813 τιμητικώτατον
2234 787 2279 809 αὐ-

1361 814 1405 837 τὸν
1423 814 1522 839 θῶκον.
1540 816 1623 845 Αὐτὸς
1653 818 1721 843 εἶναι
1744 819 1757 844 ὁ
1781 819 1859 851 λόγος
1882 822 1923 846 διὰ
1945 824 1989 849 τὸν
2007 823 2102 850 ὁποῖον
2135 827 2179 851 καὶ
2197 827 2277 860 σήμε-

1360 865 1405 885 ρον
1420 857 1550 888 ἀρνοῦμαι
1566 858 1588 883 ν’
1606 859 1712 889 ἀλλάξω
1733 862 1780 890 τὴν
1793 863 1881 891 ἕδραν,
1902 864 1930 888 τὸ
1948 865 2065 898 κάθισμα
2103 868 2151 891 τοῦ
2171 868 2277 899 Πρωθυ-

1361 904 1477 931 πουργοῦ
1499 901 1530 932 μὲ
1546 902 1590 926 τὸν
1611 901 1695 927 θῶκον
1718 912 1762 928 τοῦ
1783 904 1920 936 Προέδρου
1940 910 1985 939 τῆς
2013 909 2215 939 Δημοκρατίας,
2231 916 2275 939 καὶ

1360 941 1438 970 αὐτὸς
1457 942 1519 967 εἶναι
1541 943 1553 967 ὁ
1587 943 1664 975 λόγος
1695 946 1737 970 διὰ
1769 947 1813 971 τὸν
1835 947 1931 972 ὁποῖον
1971 949 2131 981 εὑρίσκομαι
2158 954 2195 981 εἰς
2227 954 2275 986 τὴν

1359 983 1480 1016 λυπηρὰν
1501 985 1623 1017 ἀνάγκην
1641 989 1671 1011 νὰ
1693 987 1895 1020 πληροφορήσω
1926 991 1969 1015 τὸν
1991 991 2124 1026 ἀξιότιμον
2152 995 2272 1029 ἀρχηγὸν

1358 1029 1402 1057 τῆς
1425 1026 1636 1060 Δημοκρατικῆς
1659 1029 1802 1059 Ἑνώσεως
1823 1032 1861 1055 ὅτι
1883 1036 1935 1058 καὶ
1960 1034 1997 1064 εἰς
2033 1035 2059 1058 τὸ
2074 1035 2170 1068 μέλλον
2193 1037 2225 1062 θὰ
2243 1040 2274 1070 μὲ

1358 1069 1501 1103 ἀναγκάσῃ
1520 1071 1552 1094 νὰ
1573 1071 1610 1103 μὴ
1642 1071 1729 1104 δεχθῶ
1752 1074 1814 1098 ποτὲ
1838 1074 1866 1098 τὸ
1880 1074 1983 1107 ἀξίωμα
2003 1077 2082 1104 αὐτό.
2111 1077 2152 1103 Θὰ
2182 1080 2272 1104 κάτσω

1357 1109 1410 1134 ἐδῶ
1427 1110 1469 1143 ἐφ’
1486 1113 1546 1136 ὅσον
1580 1113 1651 1141 εἶμαι
1675 1114 1818 1147 χρήσιμος
1843 1120 1887 1142 καὶ
1912 1119 1959 1149 τὴν
1987 1121 2096 1151 στιγμὴν
2133 1121 2197 1145 ὅπου
2228 1122 2271 1146 δὲν

1356 1152 1386 1175 θὰ
1403 1153 1479 1185 εἶμαι
1501 1154 1634 1186 χρήσιμος
1660 1157 1691 1181 νὰ
1720 1157 1874 1189 ἐργάζωμαι
1900 1160 1959 1186 ἐδῶ,
1989 1162 2054 1186 διότι
2075 1162 2090 1193 ἡ
2121 1163 2200 1188 ὑγεία
2228 1165 2270 1187 δὲν

1355 1195 1387 1219 θὰ
1404 1198 1458 1226 μοῦ
1476 1196 1505 1220 τὸ
1521 1196 1662 1231 ἐπιτρέπῃ,
1687 1199 1719 1222 θὰ
1744 1200 1798 1232 ἔχω
1818 1202 1845 1224 τὸ
1862 1202 1997 1229 δικαίωμα
2019 1203 2045 1227 ν’
2058 1204 2201 1233 ἀποσυρθῶ
2223 1207 2268 1231 καὶ

1354 1236 1375 1258 ν’
1404 1239 1552 1262 ἀναπαυθῶ
1573 1239 1613 1263 κι’
1636 1240 1706 1272 ἐγώ.
1721 1241 1822 1267 Λοιπὸν
1855 1243 1973 1271 ἐπιθυμῶ
1993 1246 2026 1268 νὰ
2049 1246 2085 1277 μὴ
2104 1246 2269 1279 δημιουργῆ-

1355 1288 1392 1302 ται
1411 1279 1515 1312 καμμία
1534 1280 1726 1313 παρεξήγησις,
1746 1285 1776 1307 νὰ
1807 1286 1831 1307 τὸ
1867 1286 1938 1318 μάθῃ
1960 1286 2036 1312 καλὰ
2050 1288 2067 1312 ὁ
2098 1297 2130 1315 κ.
2149 1290 2269 1320 ἀρχηγὸς

1352 1325 1398 1353 τῆς
1418 1322 1625 1355 Δημοκρατικῆς
1635 1323 1790 1355 Ἑνώσεως,
1809 1328 1839 1351 νὰ
1865 1332 1922 1358 μπῇ
1945 1328 2012 1360 μέσα
2034 1330 2073 1359 εἰς
2100 1331 2151 1360 τὴν
2184 1331 2267 1355 σηνεί-

1352 1363 1426 1395 δησίν
1448 1372 1503 1391 του,
1525 1365 1564 1389 ὅτι
1592 1366 1621 1396 μὲ
1636 1366 1800 1395 οἱανδήποτε
1823 1368 1953 1398 ἐπιμονὴν
1972 1370 2020 1396 δὲν
2042 1371 2072 1395 θὰ
2096 1373 2126 1403 μὲ
2151 1374 2266 1405 ἀναγκά-

1350 1415 1382 1438 σῃ
1398 1406 1519 1439 καμμίαν
1554 1407 1656 1439 ἡμέραν
1678 1408 1704 1433 ν’
1720 1409 1823 1434 ἀνέλθω
1835 1411 1891 1435 ἐκεῖ
1918 1412 1993 1444 ψηλὰ
2017 1414 2083 1438 ὅπου
2106 1415 2137 1446 μὲ
2158 1416 2266 1446 προορί-

1349 1447 1403 1476 ζει.
1430 1447 1518 1472 Μόνον
1535 1449 1551 1481 ἡ
1571 1449 1655 1482 λαϊκὴ
1687 1451 1777 1481 ψῆφος
1792 1452 1911 1485 ἠμπορεῖ
1947 1456 1977 1478 νὰ
2000 1456 2031 1487 μὲ
2055 1458 2197 1489 ἀναγκάσῃ
2235 1461 2266 1483 νὰ

1348 1489 1534 1522 ἐγκαταλείψω
1561 1492 1607 1520 τὴν
1630 1492 1709 1521 ἕδραν
1732 1494 1779 1523 τὴν
1800 1494 1894 1520 ὁποίαν
1926 1496 2034 1529 κατέχω
2061 1497 2195 1527 σήμερον.
2213 1500 2263 1528 Καὶ

1347 1532 1462 1563 μάλιστα
1485 1534 1533 1567 τὴν
1556 1535 1666 1566 στιγμὴν
1688 1537 1757 1559 κατὰ
1774 1537 1824 1565 τὴν
1849 1537 1944 1563 ὁποίαν
1968 1538 1999 1564 θὰ
2022 1540 2166 1565 καταλάβω
2196 1543 2262 1566 πολὺ

1346 1574 1429 1604 καλὰ,
1450 1575 1503 1598 ἀπὸ
1522 1577 1556 1599 τὰ
1588 1579 1678 1607 πρῶτα
1700 1577 1904 1607 ἀποτελέσματα
1941 1588 1991 1607 τῶν
2015 1581 2148 1614 ἐκλογῶν,
2165 1584 2204 1608 ὅτι
2247 1584 2265 1617 ἡ

1347 1615 1446 1646 ἐκλογὴ
1466 1617 1497 1640 θὰ
1521 1617 1591 1641 εἶναι
1612 1618 1741 1651 δυσμενὴς
1764 1619 1798 1644 δι’
1819 1620 1873 1652 ἐμέ,
1895 1623 1980 1654 χωρὶς
2034 1625 2066 1648 νὰ
2129 1625 2263 1658 περιμένω

1344 1658 1373 1678 τὸ
1387 1657 1493 1683 τελικὸν
1527 1659 1707 1693 ἀποτέλεσμα,
1744 1663 1777 1686 θὰ
1795 1663 1901 1688 σπεύσω
1918 1665 1950 1689 νὰ
1989 1665 2116 1691 ὑποβάλω
2138 1667 2177 1696 εἰς
2217 1669 2260 1691 τὸν

1345 1699 1484 1732 Πρόεδρον
1508 1702 1554 1731 τῆς
1578 1702 1766 1734 Δημοκρατίας
1796 1705 1844 1735 τὴν
1877 1706 2042 1738 παραίτησίν
2064 1714 2129 1741 μου.
2173 1709 2258 1734 Ἀλλὰ

1344 1743 1388 1765 καὶ
1404 1742 1462 1765 τότε
1483 1743 1618 1777 δυστυχῶς
1639 1744 1735 1776 πρέπει
1756 1747 1786 1769 νὰ
1805 1747 1857 1780 ἔχῃ
1875 1747 1982 1781 ὑπ’ὄψιν
1993 1758 2037 1773 του
2059 1749 2071 1774 ὁ
2091 1759 2122 1777 κ.
2138 1752 2261 1784 ἀρχηγὸς

1342 1788 1387 1815 τῆς
1417 1785 1625 1817 Δημοκρατικῆς
1643 1786 1801 1818 Ἑνώσεως,
1817 1790 1857 1813 ὅτι
1878 1791 1922 1815 καὶ
1942 1792 2001 1816 τότε
2024 1792 2066 1816 δὲν
2080 1792 2109 1817 θ’
2135 1793 2259 1817 ἀπαλλα-

1340 1836 1373 1859 γῇ
1394 1829 1447 1851 ἀπὸ
1483 1827 1550 1859 ἐμέ.
1569 1828 1630 1857 Ἐάν,
1655 1829 1729 1860 ὅπως
1740 1831 1819 1859 εἶναι
1834 1831 2027 1866 ἐνδεχόμενον,
2065 1835 2103 1864 εἰς
2127 1836 2174 1864 τὰς
2191 1845 2254 1868 προ-

1340 1873 1429 1901 σεχεῖς
1464 1869 1587 1902 ἐκλογάς,
1611 1871 1623 1894 ὁ
1649 1871 1726 1902 Λαὸς
1750 1872 1794 1897 δὲν
1812 1873 1994 1907 ἐπιδοκιμάσῃ
2034 1877 2081 1907 τὴν
2116 1877 2257 1909 πολιτικήν

1339 1919 1397 1942 μου,
1420 1910 1452 1935 θὰ
1470 1911 1558 1943 μείνω,
1584 1912 1619 1943 ὡς
1640 1912 1750 1943 ἐλπίζω,
1789 1915 1908 1946 ἀρχηγὸς
1936 1921 1983 1948 τῆς
2005 1918 2125 1949 μείζονος
2149 1920 2256 1944 ἀντιπο-

1337 1953 1479 1983 λιτεύσεως
1492 1953 1566 1979 τότε.
1568 1953 1648 1979 Ἀλλ’
1657 1955 1703 1979 ἐὰν
1719 1957 1762 1980 καὶ
1783 1957 1846 1980 αὐτὸ
1863 1958 1908 1981 δὲν
1921 1958 1984 1992 γίνῃ
1999 1959 2031 1983 θὰ
2043 1960 2108 1991 γίνω
2132 1962 2253 1993 ἀρχηγὸς

1338 1994 1397 2025 ἑνὸς
1424 1996 1558 2028 τμήματος
1587 1997 1626 2026 εἰς
1642 1997 1694 2029 τὴν
1717 1997 1837 2030 Βουλήν.
1862 1999 1929 2026 Ἐὰν
1953 2003 2000 2026 καὶ
2032 2003 2095 2027 αὐτὸ
2129 2002 2174 2028 δὲν
2193 2001 2254 2036 γίνῃ

1337 2036 1370 2060 θὰ
1397 2037 1471 2069 εἶμαι
1505 2037 1609 2066 πάντως
1633 2037 1795 2072 βουλευτής.
1821 2040 1946 2071 Ἐλπίζω
1962 2044 1998 2068 νὰ
2030 2044 2067 2076 μὴ
2090 2044 2176 2072 πάθω,
2212 2047 2251 2069 ὅτι

1336 2078 1422 2103 ἔπαθα
1439 2079 1475 2108 εἰς
1505 2080 1534 2103 τὸ
1558 2080 1643 2109 1920,
1651 2082 1682 2104 νὰ
1701 2085 1735 2112 μὴ
1754 2082 1832 2114 πάρω
1850 2082 1916 2114 δηλ.
1927 2085 1989 2108 οὔτε
2007 2085 2190 2118 εἰσιτήριονεἰς
2204 2088 2253 2120 τὴν

1336 2120 1455 2152 Βουλήν.
1485 2120 1579 2146 Ἀλλὰ
1599 2123 1645 2147 καὶ
1667 2123 1696 2147 ἂν
1719 2123 1806 2157 συμβῇ
1821 2125 1891 2149 αὐτὸ
1934 2126 1980 2151 καὶ
2001 2127 2065 2153 αὐτὸ
2088 2128 2133 2153 δὲν
2155 2127 2252 2161 πρὲπει

1333 2164 1364 2187 νὰ
1408 2164 1437 2186 τὸ
1482 2164 1714 2198 ἀποκρούσωμεν,
1742 2165 1808 2190 διότι
1832 2167 1928 2200 συνέβη
1944 2170 1993 2193 καὶ
2015 2169 2113 2194 ἄλλοτε
2151 2171 2252 2204 πληρο-

1333 2207 1406 2237 φορῶ
1428 2206 1473 2230 τὸν
1513 2206 1635 2238 ἀρχηγὸν
1654 2210 1701 2238 τῆς
1740 2208 1951 2241 Δημοκρατικῆς
2001 2211 2131 2242 Ἑνώσεως
2172 2214 2210 2237 ὅτι
2233 2215 2249 2247 ἢ

1332 2246 1508 2279 βουλευτικὸν
1528 2248 1672 2280 εἰσιτήριον
1716 2249 1750 2275 θὰ
1773 2251 1848 2279 πὰρω
1873 2252 1890 2286 ἢ
1912 2252 2063 2286 ἐφημερίδα
2092 2254 2126 2279 θὰ
2146 2254 2246 2286 βγάλω,

1332 2290 1401 2318 ὅπως
1415 2290 1460 2313 καὶ
1482 2289 1581 2313 ἄλλοτε
1605 2290 1711 2322 ἔλεγαν.
1743 2292 1879 2324 (γέλωτες,
1897 2297 2163 2327 χειροκροτήματα).
2181 2298 2245 2324 Ἐὰν

1330 2331 1417 2364 συμβῇ
1444 2332 1555 2363 τοιαύτη
1576 2333 1731 2361 περιπέτεια
1748 2336 1898 2367 παρακαλῶ
1923 2336 2041 2367 ἐκείνους
2063 2339 2094 2362 ἐκ
2134 2343 2184 2364 τῶν
2219 2341 2244 2364 ἐν

1328 2377 1362 2405 τῇ
1380 2373 1471 2407 Βουλῇ
1487 2374 1533 2399 καὶ
1562 2374 1597 2404 εἰς
1619 2376 1665 2404 τὰς
1707 2375 1793 2406 ἄλλας
1814 2376 1947 2409 πτέρυγας
1973 2380 2019 2404 ἐὰν
2038 2380 2171 2414 κάθηνται
2198 2383 2244 2406 καὶ

1328 2415 1350 2438 οἱ
1365 2415 1456 2438 ὁποῖοι
1491 2415 1526 2444 ὡς
1547 2416 1683 2445 ἄνθρωποι
1719 2419 1749 2450 μὲ
1775 2419 1944 2453 συμπαθοῦν,
1973 2423 2140 2454 παρακαλῶ,
2175 2423 2245 2457 λέγω

1327 2458 1358 2481 νὰ
1388 2458 1425 2491 μὴ
1441 2458 1649 2491 ἀνησυχήσοῦν.
1662 2459 1707 2492 Μὴ
1726 2461 1850 2493 νομίζετε
1876 2463 1915 2487 ὅτι
1935 2463 1967 2488 θὰ
1988 2467 2040 2496 μοῦ
2061 2465 2186 2499 κοστίσῃ.
2202 2466 2242 2490 Θὰ

1327 2499 1464 2524 ἐπανέλθω
1490 2500 1525 2528 εἰς
1547 2501 1606 2529 τοὺς
1625 2501 1756 2530 παλαιούς
1779 2511 1828 2535 μου
1870 2505 1981 2536 ἔρωτας,
2005 2507 2040 2535 εἰς
2062 2508 2091 2532 τὸ
2116 2508 2243 2540 δημοσιο-

1325 2543 1460 2574 γραφικὸν
1477 2542 1598 2572 στάδιον,
1624 2544 1696 2567 διότι
1714 2545 1746 2577 μὲ
1769 2545 1862 2571 ἑλκύει
1882 2549 2015 2579 τρομερά,
2033 2549 2133 2578 ἐλπίζω
2155 2551 2183 2573 δέ
2203 2552 2243 2574 ὅτι

1325 2584 1368 2609 δὲν
1386 2583 1421 2608 θὰ
1453 2585 1526 2617 εἶμαι
1549 2585 1665 2616 κίτρινος
1694 2587 1926 2620 δημοσιογράφος.

1380 2626 1423 2649 Δι’
1434 2626 1512 2656 αὐτό,
1539 2627 1624 2656 κύριοι
1639 2628 1796 2660 βουλευταί,
1819 2631 1903 2656 καλὸν
1936 2632 2007 2658 εἶναι
2030 2634 2052 2659 οἱ
2080 2635 2241 2664 σπεύδοντες

1322 2670 1353 2693 νὰ
1374 2669 1466 2699 εὕρουν
1484 2669 1587 2697 τρόπον
1605 2672 1639 2695 νὰ
1659 2671 1822 2699 διορθώσουν
1837 2674 1922 2706 αὐτὴν
1937 2676 1987 2705 τὴν
2017 2676 2191 2710 ἀνωμαλίαν,
2207 2679 2237 2702 νὰ

1322 2710 1466 2742 ἐννοήσουν
1485 2712 1522 2736 ὅτι
1560 2712 1603 2736 δὲν
1625 2713 1742 2746 ὑπάρχει
1767 2715 1863 2746 τρόπος
1882 2718 1915 2742 νὰ
1936 2716 2111 2746 ἀπαλλαγοῦν
2126 2723 2173 2751 τῆς
2190 2729 2241 2745 πα-

1320 2753 1429 2784 ρουσίας
1454 2760 1513 2785 μου,
1535 2754 1653 2786 ὑπάρχει
1663 2755 1754 2786 ἄλλος
1769 2757 1865 2789 τρόπος
1888 2758 2017 2789 ὁριστικὸς
2041 2762 2114 2791 παρὰ
2132 2759 2170 2789 εἷς
2191 2762 2236 2786 καὶ

1319 2795 1423 2826 μόνος:
1434 2795 1465 2820 Ἡ
1485 2795 1579 2829 ἡλικία
1597 2806 1645 2829 μου
1664 2798 1679 2830 ἡ
1696 2798 1774 2822 ὁποία
1789 2799 1904 2834 παρέχει
1921 2801 2039 2827 κἄποιαν
2055 2803 2180 2835 ἐγγύησιν
2193 2803 2233 2827 διά

1318 2837 1366 2870 τήν
1378 2836 1539 2871 ἐξαφάνισίν
1553 2847 1603 2872 μου
1618 2840 1671 2864 ἀπὸ
1681 2841 1735 2874 τὴν
1736 2841 1883 2875 πολιτικὴν
1897 2845 2002 2877 σκηνὴν
2016 2846 2061 2869 καὶ
2074 2846 2121 2879 τὴν
2134 2846 2235 2875 ἄλλην
