2480 3507
359 248 463 274 ὁποίων
484 248 502 281 ἡ
523 248 682 281 προάσπισις
699 251 748 280 μοῦ
769 247 921 274 ἀνετίθετο.
936 245 1069 280 Ἐδέχθην
1086 245 1134 278 τὴν
1167 244 1277 278 ἐντολὴν

362 292 412 316 ποὺ
430 295 479 319 μοῦ
500 290 625 316 ἀνέθεσεν
640 290 653 315 ὁ
671 300 699 317 κ.
721 288 980 324 Μιχαλακόπουλος,
1013 287 1123 322 νομίζω,
1164 288 1195 312 νὰ
1217 287 1278 311 ὑπο-

360 332 478 365 στηρίξω
500 333 615 358 ἐνώπιον
631 335 679 365 τῆς
695 330 846 361 Κοινωνίας
867 333 919 356 τῶν
945 330 1049 362 Εθνῶν,
1070 330 1117 362 τὴν
1145 320 1279 361 ἀκύρωσιν

361 380 407 400 τοῦ
429 375 623 404 πρωτοκόλλου
662 378 706 400 τοῦ
738 373 1042 408 ἑλληνοβουλγαρικοῦ.
1059 371 1197 406 Ἐδέχθην
1233 372 1276 394 καὶ

361 418 412 451 τὴν
432 418 544 449 ἐντολὴν
562 418 643 442 αὐτοῦ
671 420 715 441 τοῦ
752 416 922 450 δικτάτορος,
943 414 1196 446 ἀντιπροσωπεύσας
1232 414 1278 445 τὴν

361 459 484 484 Ἑλλάδα
504 459 541 488 εἰς
559 463 604 487 τὰς
622 458 783 492 συζητήσεις
814 458 841 482 αἱ
869 458 962 483 ὀποῖαι
979 456 1135 491 διεξήγοντο
1157 456 1217 480 τότε
1252 455 1279 479 ἐν

361 501 480 533 Λονδίνῳ
496 501 539 525 διὰ
556 501 604 533 τὴν
624 500 743 531 ρύθμισιν
757 503 800 523 τοῦ
818 498 949 532 ἀγγλικοῦ
968 498 1077 531 χρέους,
1097 498 1139 522 διὰ
1161 498 1193 523 νὰ
1209 498 1280 530 ἀμει-

360 544 417 576 φθῶ
437 544 507 573 ὅπως
528 543 665 575 ἠμείφθην
687 542 731 568 ὑπ’
750 543 832 567 αὐτοῦ
848 541 907 574 μετ’
923 541 1029 574 ὀλίγον.
1041 540 1153 573 Δηλαδὴ
1178 539 1279 572 ἐπῆλθε

357 588 430 610 κατὰ
449 588 495 615 τὰς
518 585 680 617 συζητήσεις
701 585 730 610 τὸ
748 583 824 615 θέρος
844 585 912 609 κατὰ
933 584 962 608 τὸ
981 583 1080 610 ὁποῖον
1112 582 1135 606 οἱ
1164 581 1279 615 Ἄγγλοι

361 629 478 661 φεύγουν
498 628 557 653 ὅλοι
573 628 607 658 εἰς
630 628 676 658 τὰς
689 626 800 659 ἐξοχάς,
815 626 940 651 κόβονται
961 626 1020 654 ὅλες
1040 625 1063 650 οἱ
1079 624 1210 658 δουλειές,
1232 625 1278 648 καὶ

361 671 471 703 εἴπομεν
496 671 527 703 μὲ
550 671 593 694 τὸν
610 679 643 696 κ.
651 668 791 702 Τσῶρτσιλ
809 669 846 692 ὅτι
868 667 1056 700 ἀναβάλλομεν
1073 668 1140 697 μετὰ
1158 667 1202 696 τὰς
1224 666 1281 690 δια-

359 715 447 743 κοπὰς
464 715 511 741 τὰς
539 708 645 743 θερινὰς
676 713 707 736 νὰ
740 710 919 744 συνεχίσωμεν
955 710 1000 742 τὴν
1032 709 1197 742 συζήτησιν.
1228 709 1278 733 Καὶ

362 756 421 787 πρὶν
446 755 673 783 ἐπαναληφθῶσιν
714 753 739 777 αἱ
761 753 862 781 θεριναὶ
883 753 1012 777 διακοπαὶ
1038 752 1049 775 ὁ
1073 751 1205 782 δικτάτωρ
1236 751 1278 775 τὸν

362 798 458 822 ὁποῖον
476 797 552 828 εἶχον
579 796 669 829 δεχθῇ
681 796 711 820 νὰ
726 794 970 824 ἀντιπροσωπεύσω
985 794 1055 817 κατὰ
1093 794 1140 826 τὴν
1163 793 1278 826 συζήτη-

360 848 406 863 σιν
427 839 547 871 ἐκείνην,
562 839 644 870 χωρὶς
665 839 696 862 νὰ
718 838 748 869 μὲ
770 836 930 869 εἰδοποιήσῃ
961 835 1090 864 καθόλου,
1111 836 1142 860 νὰ
1162 835 1194 868 μὲ
1214 835 1281 867 ἐρω-

357 881 429 914 τήσῃ
455 881 631 909 τοὐλάχιστον
651 881 692 904 διὰ
708 880 818 908 κἄποιες
837 878 946 911 σκέψεις
969 879 1019 903 ποὺ
1035 878 1093 912 εἶχε
1117 879 1148 902 νὰ
1169 880 1213 901 τοῦ
1232 878 1279 900 δώ-

359 932 397 946 σω
412 923 533 956 καμμίαν
549 923 665 955 γνώμην,
681 923 758 947 εἶπε:
778 921 841 954 Μὴν
861 921 959 944 ἀκοῦτε
988 920 1009 945 τί
1046 920 1118 951 λέγει
1139 920 1151 944 ὁ
1173 919 1278 951 Βενιζέ-

360 965 404 994 λος
423 965 502 990 τόσον
522 965 619 996 καιρό.

418 1007 488 1039 Ἐγὼ
508 1007 623 1038 δέχομαι
641 1007 694 1031 ἔτσι
716 1005 752 1030 κι’
775 1005 830 1029 ἔτσι
845 1006 875 1030 νὰ
893 1004 1085 1037 τακτοποιήσω
1108 1005 1140 1029 τὰ
1159 1003 1279 1038 πράγμα-

359 1058 410 1075 τα.
424 1049 558 1081 Ἐδέχθην
578 1048 677 1080 ἐπίσης
687 1048 767 1072 ὁπότε
787 1048 799 1071 ὁ
823 1048 948 1080 ἀρχηγὸς
966 1050 1011 1070 τοῦ
1041 1046 1169 1074 Ἐθνικοῦ
1193 1047 1278 1080 Δημο-

357 1095 494 1123 κρατικοῦ
510 1091 646 1121 κόμματος
667 1093 717 1118 μοῦ
734 1089 843 1114 ἀνέθεσε
861 1089 908 1121 τὴν
942 1088 1050 1120 ἐντολὴν
1075 1089 1108 1112 νὰ
1143 1087 1276 1111 ἐπανέλθω

358 1133 547 1165 συνεχίζοντας
564 1134 612 1163 τὰς
623 1131 889 1163 διαπραγματεύσεις
900 1131 983 1160 αὐτὰς
1215 1131 1280 1155 Λον-
994 1130 1161 1161 μεταβαίνων
1166 1131 1206 1164 εἰς

358 1176 448 1201 δῖνον.
458 1175 569 1207 Δηλαδὴ
593 1174 708 1207 ἐδέχθην
731 1174 844 1198 πάντοτε
867 1174 910 1203 τὰς
927 1172 1076 1206 ὑπηρεσίας
1105 1171 1139 1203 ὡς
1160 1173 1281 1207 ὑπάλλη-

358 1217 403 1246 λος
416 1220 466 1241 τῶν
485 1217 660 1249 Ἑλληνικῶν
681 1216 889 1250 Κυβερνήσεων,
907 1215 972 1239 ὅπου
993 1215 1135 1246 ἐθεωρεῖτο
1177 1215 1216 1238 ὅτι
1251 1215 1277 1239 αἱ

358 1259 502 1292 ὑπηρεσίαι
521 1268 570 1292 μου
592 1259 660 1291 ἦσαν
690 1259 855 1291 ἀναγκαῖαι.
875 1256 960 1281 Ἀλλ’
979 1257 993 1290 ἡ
1011 1256 1146 1290 ἀπόφασίς
1164 1266 1212 1289 μου
1233 1258 1276 1281 καὶ

357 1302 373 1334 ἡ
389 1301 465 1331 ἐλπίς
491 1310 539 1332 μου
571 1301 616 1333 ἦτο
633 1300 749 1331 σταθερά
779 1300 811 1325 νὰ
834 1300 870 1333 μὴ
897 1298 1032 1324 ἐπανέλθω
1057 1298 1139 1324 πλέον
1160 1299 1195 1328 εἰς
1232 1299 1277 1331 τὴν

357 1343 501 1375 πολιτικὴν
530 1346 576 1373 τῆς
607 1342 717 1373 Χώρας.
738 1340 999 1374 Ἀντιπροσώπευσα
1020 1340 1118 1374 ἐπίσης
1160 1340 1279 1373 ἐλησμό-

356 1394 427 1419 νησα
453 1386 498 1410 καὶ
514 1386 578 1409 αὐτὸ
603 1385 666 1413 ἴσως
688 1385 719 1408 νὰ
735 1383 803 1408 εἶναι
840 1383 858 1415 ἡ
881 1382 1080 1414 σπουδαιοτέρα
1102 1382 1214 1415 ἐργασία
1230 1383 1277 1414 τὴν

356 1427 450 1451 ὁποίαν
492 1427 592 1462 ἔκαμον
631 1427 689 1450 τότε
766 1425 1011 1454 ἀντεπροσώπευσα
1066 1425 1112 1456 τὴν
1146 1424 1277 1457 Ἑλλάδα

357 1470 398 1498 εἰς
429 1470 457 1492 τὸ
504 1468 641 1497 συνέδριον
681 1472 728 1500 τῆς
766 1465 982 1500 συνδιασκέψεως
1036 1468 1081 1500 τῆς
1131 1467 1275 1499 Λωζάννης

355 1510 402 1536 καὶ
438 1510 586 1543 ὑπέγραψα
629 1511 678 1542 τὴν
710 1510 843 1542 συνθήκην
888 1512 934 1542 τῆς
978 1510 1125 1542 Λωζάννης
1150 1509 1214 1534 ἀλλ’
1242 1510 1275 1540 ὡς

353 1553 521 1585 ὑπάλληλος,
560 1553 594 1582 ὡς
630 1553 788 1583 ὑπάλληλος
827 1553 869 1576 τὸν
928 1552 1024 1579 ὁποῖον
1069 1550 1158 1583 ὀλίγον
1193 1551 1277 1576 ἔλλει-

354 1596 403 1627 ψεν
443 1595 456 1620 ὁ
498 1595 559 1619 τότε
602 1595 733 1626 ὑπουργὸς
768 1597 817 1618 τῶν
854 1592 1038 1624 Ἐξωτερικῶν
1062 1594 1106 1617 καὶ
1138 1596 1181 1618 νῦν
1212 1593 1278 1626 ἀγα-

355 1638 442 1670 πητὸς
483 1636 649 1669 συνάδελφός
699 1645 747 1668 μου
801 1638 847 1667 τῆς
905 1634 1041 1668 Γεωργίας
1080 1635 1275 1668 παριστάμενος

354 1680 427 1707 ἐκεῖ,
462 1679 552 1708 ὀλίγον
588 1679 696 1711 ἔλλειψε
735 1679 766 1703 νὰ
794 1679 824 1710 μέ
845 1677 937 1710 παύσῃ
969 1678 1017 1710 τὴν
1040 1678 1200 1710 παραμονὴν
1228 1681 1275 1710 τῆς

353 1722 518 1754 ὑπογραφῆς
533 1723 578 1753 τῆς
614 1720 762 1755 συνθήκης,
784 1720 849 1744 διότι
864 1720 906 1743 δὲν
922 1718 1025 1752 ἐδέχθη
1042 1720 1090 1749 τὰς
1122 1719 1273 1752 ἀντιλήψεις

356 1773 404 1796 μου
439 1762 676 1796 ἐπηρρεαζόμενος
693 1763 745 1787 ἀπὸ
767 1762 826 1791 τοὺς
854 1761 903 1785 ἐδῶ
924 1761 1140 1792 στρατιωτικούς,
1171 1761 1209 1785 ὅτι
1229 1761 1277 1794 ἠμ-

360 1804 531 1838 πορούσαμεν
563 1805 594 1828 νὰ
615 1804 785 1836 ἐπιτύχωμεν
804 1803 978 1837 περισσότερα
1003 1803 1045 1827 καὶ
1061 1802 1148 1832 ὀλίγον
1168 1803 1274 1836 ἔλλειψε

358 1848 388 1871 νὰ
417 1848 447 1878 μὲ
462 1847 567 1879 παύσῃ.

413 1892 492 1917 Ἀλλ’
507 1892 724 1925 ἐπαναλαμβάνω
748 1892 785 1916 ὅτι
814 1896 861 1921 σᾶς
889 1891 992 1923 ἔλεγον,
1031 1891 1072 1915 ὅτι
1108 1891 1136 1915 τὸ
1168 1891 1274 1916 στάδιόν

352 1944 402 1969 μου
427 1936 458 1961 τὸ
475 1934 616 1959 πολιτικὸν
638 1934 697 1967 εἶχε
717 1933 866 1965 τελειώσῃ.
897 1932 970 1957 Μετὰ
998 1936 1079 1956 ταῦτα
1110 1933 1180 1965 ὅμως
1210 1934 1274 1966 μετὰ

354 1978 402 2009 τὴν
422 1976 557 2009 συνθήκην
579 1978 626 2008 τῆς
642 1976 783 2008 Λωζάνης,
806 1976 822 2007 ἡ
851 1975 1028 2005 στρατιωτικὴ
1048 1975 1229 2003 ἐπανάστασις
1251 1975 1274 1999 ἐ-

354 2018 475 2050 θεώρησε
491 2019 528 2042 ὅτι
540 2019 570 2043 τὸ
591 2018 667 2050 ἔργον
688 2027 734 2051 της
757 2017 836 2050 ἔληξε
851 2018 895 2042 καὶ
910 2016 993 2045 ἤθελε
1012 2017 1041 2041 νὰ
1054 2016 1214 2050 ἐπαναφέρῃ
1228 2018 1276 2050 τὴν

353 2059 446 2093 χώραν
473 2060 510 2090 εἰς
529 2059 591 2085 νέαν
610 2060 689 2085 παλιν
706 2059 851 2091 κανονικὴν
866 2058 1010 2088 πολιτικὴν
1029 2058 1102 2091 ζωὴν
1127 2059 1173 2083 καὶ
1215 2058 1274 2092 ἐζή-

353 2112 417 2135 τησε
436 2104 467 2126 νὰ
489 2102 576 2134 προβῇ
608 2102 646 2131 εἰς
674 2102 802 2132 ἐκλογάς.
822 2100 978 2132 Ἐπροτάθη
1002 2100 1061 2124 τότε
1082 2101 1097 2132 ἡ
1121 2101 1273 2133 ὑποψηφιό-

355 2153 400 2176 της
421 2153 468 2176 μου
492 2144 528 2173 εἰς
548 2144 635 2168 πολλὰ
653 2143 867 2173 διαμερίσματα,
874 2143 918 2170 δὲν
936 2143 1100 2171 ἐνθυμοῦμαι
1135 2143 1207 2167 πόσα
1243 2143 1274 2167 16

354 2188 372 2219 ἢ
408 2187 454 2217 18,
473 2187 523 2211 καὶ
542 2186 660 2210 ἔσπευσα
687 2187 718 2211 νὰ
751 2185 950 2218 τηλεγραφήσω
986 2185 1024 2214 εἰς
1054 2185 1101 2218 τὴν
1140 2184 1274 2218 Κυβέρνη-

353 2237 395 2253 σιν
428 2228 516 2261 δηλῶν
541 2229 582 2254 ὅτι
604 2229 669 2255 οὔτε
682 2228 891 2261 ὑποψηφιότητα
911 2226 988 2260 θέτω,
995 2228 1057 2251 οὔτε
1090 2227 1137 2259 τὴν
1159 2226 1272 2259 δέχομαι

354 2271 401 2296 ἐὰν
422 2271 541 2303 ἐκλεγῶ.

412 2312 456 2338 Ἐν
479 2313 582 2342 τούτοις
602 2313 619 2341 ἡ
640 2311 829 2344 ὑποψηφιότης
861 2320 910 2344 μου
939 2311 1047 2341 νομίζω,
1089 2311 1129 2335 ὅτι
1157 2311 1195 2340 εἰς
1224 2311 1272 2335 ὅσα

352 2355 477 2388 τμήματα
499 2355 558 2387 εἶχε
574 2355 638 2388 τεθῇ
657 2354 783 2386 ἐνεκρίθη
806 2354 857 2377 ἀπὸ
875 2354 919 2377 τὸν
935 2352 1103 2385 Ἑλληνικὸν
1124 2353 1197 2376 Λαὸν
1226 2354 1273 2377 καὶ

353 2397 441 2429 ὀλίγον
477 2398 574 2429 ὕστερα
599 2396 741 2429 ἐδεχόμην
774 2396 837 2429 μίαν
868 2395 988 2427 μεγάλην
1015 2395 1163 2427 ἐπιτροπὴν
1187 2395 1222 2422 εἰς
1245 2397 1270 2418 τὸ

355 2439 471 2471 Παρίσσι
490 2440 512 2473 ἡ
542 2440 622 2465 ὁποία
652 2440 720 2473 ἦλθε
748 2440 795 2465 καὶ
818 2442 868 2471 μοῦ
908 2438 997 2462 εἶπεν.
1026 2436 1099 2461 Ἕλα
1141 2437 1207 2462 διότι
1244 2438 1273 2461 σὲ

351 2482 477 2516 κρίνομεν
494 2482 531 2507 ὅτι
572 2482 645 2507 εἶσαι
674 2481 861 2513 ἀπαραίτητος
886 2481 933 2505 καὶ
964 2479 1045 2504 πάλιν
1078 2479 1122 2502 ἵνα
1164 2478 1273 2503 ἐπανέλ-

351 2527 399 2563 θῃς
431 2528 468 2558 εἰς
500 2527 562 2559 μίαν
597 2527 704 2556 ἐνεργὸν
734 2527 872 2559 πολιτικὴν
904 2525 992 2557 ζωήν.
1018 2525 1120 2553 Μπορῶ
1160 2527 1191 2550 νὰ
1226 2530 1272 2555 σᾶς

352 2570 504 2604 βεβαιώσω,
532 2570 620 2598 κύριοι
661 2569 814 2600 βουλευταί,
836 2570 875 2594 ὅτι
899 2568 1016 2598 σπανίως
1053 2568 1089 2597 εἰς
1112 2568 1158 2600 τὴν
1198 2567 1270 2601 ζωήν

351 2622 401 2646 μου
425 2612 545 2645 ἐπέρασα
569 2612 802 2645 δραματικώτερες
839 2610 963 2643 στιγμές.
994 2609 1108 2643 Ἔλεγα
1141 2611 1179 2634 ὅτι
1225 2611 1271 2642 ἀφ’

348 2655 410 2685 ἑνὸς
451 2654 615 2687 ἐπιστρέφων
639 2654 673 2684 εἰς
699 2655 743 2685 τὴν
766 2653 911 2686 πολιτικὴν
950 2653 1035 2677 ἀθετῶ
1064 2653 1110 2684 τὴν
1157 2652 1277 2685 ὑπόσχε-

351 2706 392 2721 σιν
432 2698 482 2722 ποὺ
501 2697 595 2721 ἔδωσα
621 2697 668 2729 τὴν
703 2695 806 2727 ἡμέραν
838 2696 888 2719 ποὺ
912 2695 1025 2728 ἔφευγον
1063 2695 1079 2727 ἢ
1112 2694 1214 2727 μᾶλλον
1244 2694 1256 2718 ὀ

352 2739 427 2771 λίγας
447 2738 549 2770 ἡμέρας
579 2739 630 2770 πρὸ
662 2740 712 2763 τῶν
736 2738 864 2771 ἐκλογῶν
880 2737 960 2761 ὁπότε
981 2737 1055 2771 εἶχον
1072 2737 1197 2770 ἐρωτηθῇ
1216 2737 1270 2761 ἀπὸ

352 2782 397 2806 τὸν
419 2780 571 2813 μακαρίτην
596 2780 746 2813 Γούναρην.
773 2780 825 2805 Καὶ
847 2780 870 2803 τὶ
892 2779 925 2804 θὰ
943 2779 1041 2812 κάμῃς,
1077 2778 1126 2803 ἐὰν
1141 2778 1274 2811 ἐπιτύχω-

349 2832 398 2858 μεν
435 2823 524 2856 ἡμεῖς,
559 2823 592 2848 θὰ
612 2825 661 2857 μᾶς
686 2821 849 2855 παραδώσῃς
891 2822 938 2854 τὴν
969 2820 1098 2852 ἐξουσίαν
1134 2822 1179 2845 τοῦ
1202 2821 1271 2853 Κρά-

1312 253 1406 279 τους.;
1425 245 1477 270 Καὶ
1512 245 1682 279 ἀπήντησα:
1699 244 1766 279 Ὄχι
1787 244 1870 278 μόνον
1905 244 1938 270 θὰ
1972 245 2020 278 τὴν
2066 244 2229 278 παραδώσω,

1311 287 1380 312 ἀλλὰ
1406 288 1450 313 καὶ
1469 287 1502 311 θὰ
1539 287 1614 321 φύγω
1633 288 1675 313 διὰ
1694 288 1803 318 παντός.
1827 287 1930 313 Λοιπὸν
1946 287 2038 322 ἔλεγον
2059 288 2098 313 ὅτι
2121 287 2232 319 ἐπανερ-

1312 330 1424 361 χόμενος
1448 330 1483 360 εἰς
1505 330 1550 362 τὴν
1571 329 1712 363 πολιτικὴν
1731 329 1813 362 ζωὴν,
1832 328 1919 355 ἀθετῶ
1941 330 1990 363 τὴν
2009 329 2156 363 ὑπόσχεσιν
2180 329 2229 354 ποὺ

1312 372 1412 398 ἔδωκα.

1369 421 1456 447 Ἀλλὰ
1472 422 1517 447 δὲν
1533 422 1708 456 ἠμποροῦσαν
1726 422 1826 455 ἄραγε
1844 423 1876 447 νὰ
1891 426 1941 454 μοῦ
1960 421 2052 454 ἔλεγον
2075 422 2115 447 ὅτι
2132 422 2143 446 ὁ
2159 420 2231 448 Βενι-

1312 464 1389 495 ζέλος
1411 465 1463 489 ἀπὸ
1483 464 1529 489 ἕνα
1547 464 1688 497 ἐγωϊσμόν,
1706 464 1760 489 ἀπὸ
1778 464 1841 498 μίαν
1856 463 2039 496 ἐγωπάθειαν,
2058 465 2101 489 διὰ
2141 465 2173 490 νὰ
2194 465 2230 497 μὴ

1312 507 1471 540 παρασυρθῇ
1499 507 1580 539 ἔστω,
1601 506 1707 539 ἠρνήθη
1727 508 1757 531 νὰ
1774 506 1918 540 προσφέρῃ
1942 506 1986 535 τὰς
2001 506 2151 539 ὑπηρεσίας
2185 515 2230 530 του

1314 549 1348 576 εἰς
1367 549 1412 580 τὴν
1435 548 1567 578 Πατρίδα,
1583 548 1632 580 ἐνῷ
1648 549 1716 581 ἦσαν
1741 549 1911 580 ἀναγκαῖαι;
1934 548 1983 572 Δὲν
2005 548 2072 572 θέλω
2094 549 2127 573 νὰ
2163 549 2229 571 εἴπω

1313 592 1350 613 ὅτι
1364 591 1396 614 θὰ
1411 590 1549 622 εὑρίσκετο
1568 591 1657 619 κανεὶς
1672 592 1701 614 νὰ
1718 591 1782 622 εἴπῃ
1802 590 1909 623 ἀληθῶς
1929 591 1956 614 τὸ
1974 591 2104 623 τρομερὸν
2123 595 2230 622 πρᾶγμα

1313 633 1350 655 ὅτι
1365 633 1415 664 ἐγὼ
1434 633 1485 657 ἀπὸ
1506 632 1687 666 μνησικακίαν
1708 633 1773 663 πρὸς
1793 633 1837 657 τὸν
1853 632 2016 665 Ἑλληνικὸν
2048 632 2124 657 Λαὸν
2145 632 2231 665 ἠρνή-

1312 674 1359 707 θην
1375 676 1406 698 νὰ
1428 674 1590 708 ἐπιστρέψω,
1609 675 1673 698 αὐτὸ
1711 674 1754 699 δὲν
1793 675 1821 698 τὸ
1841 674 1975 699 πιστεύω.
1998 674 2035 698 Τὸ
2081 674 2229 698 ἀποκλείω.

1312 716 1399 742 Ἀλλὰ
1417 716 1449 740 θὰ
1472 721 1520 749 μοῦ
1534 716 1638 750 ἔλεγον:
1657 716 1772 749 Ἐπειδὴ
1787 716 1846 741 εἶπε
1865 716 1920 749 πὼς
1937 716 1980 741 δὲν
1998 716 2109 750 ἔρχεται
2129 715 2166 739 δι’
2167 716 2232 739 αὐτὸ

1313 760 1358 784 δὲν
1384 759 1514 793 ἔρχεται.
1527 759 1596 784 Αὐτὸ
1619 759 1648 782 τὸ
1663 759 1807 791 πρόβλημα
1826 762 1872 792 τῆς
1891 759 2067 788 συνειδήσεως
2099 759 2127 781 τὸ
2150 758 2232 783 ἔλυσα

1312 802 1342 832 μὲ
1364 802 1414 834 τὴν
1432 801 1566 835 ἀπόφασιν
1585 802 1616 826 νὰ
1640 800 1777 825 ἐπανέλθω
1795 802 1841 826 καὶ
1859 800 1931 834 ἦλθα
1970 801 2000 834 μὲ
2021 800 2086 833 ὅσην
2121 800 2232 834 δύναμιν

1313 844 1388 875 εἶχον
1419 844 1488 871 τότε,
1522 843 1590 869 διότι
1609 843 1624 876 ἡ
1639 845 1729 875 μακρὰ
1748 843 1875 871 διάρκεια
1907 845 1958 868 τῶν
2016 842 2238 875 διαπραγματεύ-

1312 894 1377 910 σεων
1398 890 1444 918 τῆς
1474 886 1619 918 Λωζάννης
1640 886 1696 918 εἶχε
1729 885 1849 910 κλονίσει
1868 885 2002 918 βαθύτατα
2052 885 2081 909 τὸ
2109 885 2230 917 νευρικόν

1312 937 1360 959 μου
1382 928 1503 960 σύστημα
1523 928 1568 953 καὶ
1590 927 1770 960 καταστρέψει
1794 929 1840 960 τὴν
1864 927 1954 960 ὑγείαν
1974 936 2036 959 μου.
2052 926 2229 959 Ἐπανῆλθον

1311 969 1355 994 καὶ
1375 969 1492 995 ἀνέλαβα
1509 970 1557 1000 τὴν
1584 969 1714 997 ἐξουσίαν,
1731 969 1801 993 ἀλλὰ
1842 969 1980 1003 δυστυχῶς
2015 969 2041 993 αἱ
2074 968 2230 1003 δυσχέρειαι

1311 1017 1355 1037 τοῦ
1374 1013 1451 1045 ἔργου
1481 1013 1526 1036 καὶ
1541 1013 1568 1036 αἱ
1586 1012 1753 1042 ἀντιδράσεις
1785 1013 1834 1041 τὰς
1860 1011 1954 1040 ὁποίας
1994 1011 2072 1039 εὗρον
2124 1011 2155 1042 μὲ
2181 1010 2230 1043 τὴν

1310 1054 1490 1086 κλονισμένην
1514 1054 1601 1086 ὑγείαν
1618 1063 1667 1087 μου
1686 1054 1786 1082 ἔφθασε
1811 1054 1845 1084 εἰς
1864 1053 2047 1085 ἀποτέλεσμα,
2068 1053 2135 1077 ὥστε
2150 1053 2231 1085 ἠναγ-

1311 1096 1414 1129 κάσθην
1435 1098 1464 1120 νὰ
1481 1096 1652 1128 παραιτηθῶ.
1677 1094 1846 1128 Παρητήθην
1862 1094 1958 1119 λοιπὸν
1971 1095 2016 1118 καὶ
2035 1094 2155 1127 ἀπῆλθον
2183 1095 2229 1119 καὶ

1312 1135 1392 1160 πάλιν
1417 1136 1455 1163 εἰς
1483 1136 1514 1160 τὰ
1533 1134 1593 1162 ξένα
1630 1135 1661 1166 μὲ
1692 1135 1739 1165 τὴν
1774 1134 1940 1166 πεποίθησιν
1972 1133 2053 1157 πλέον
2093 1134 2133 1157 ὅτι
2164 1133 2228 1157 αὐτὸ

1312 1179 1338 1201 τὸ
1361 1177 1469 1210 ζήτημα
1491 1177 1644 1206 ἐτελείωσε,
1664 1177 1706 1202 δὲν
1730 1176 1762 1200 θὰ
1783 1176 1883 1209 εὑρεθῶ
1905 1178 1951 1201 τοῦ
1972 1176 2069 1200 λοιποῦ
2088 1176 2128 1205 εἰς
2166 1176 2233 1200 ἀνα-

1311 1220 1404 1251 λόγους
1428 1220 1444 1251 ἢ
1463 1219 1568 1251 ὁμοίους
1590 1218 1768 1251 περιστάσεις,
1791 1220 1819 1243 τὸ
1839 1220 1947 1251 πρᾶγμα
1969 1218 2038 1242 εἶναι
2074 1216 2232 1249 ξεκαθαρισ-

1311 1261 1397 1294 μένον,
1433 1261 1451 1294 ἡ
1468 1260 1542 1293 ὐγεία
1562 1269 1611 1293 μου
1631 1261 1676 1284 δὲν
1697 1264 1746 1293 μοῦ
1768 1259 1904 1293 ἐπιτρέπει
1938 1259 1960 1280 ν’
1982 1258 2135 1292 ἀναμιχθῶ.
2153 1258 2232 1283 Ἑπο-

1310 1303 1402 1335 μένως,
1423 1303 1514 1332 ὁσάκις
1550 1306 1595 1327 τοῦ
1627 1302 1722 1327 λοιποῦ
1744 1302 1776 1327 θὰ
1797 1303 1851 1335 ἔχω
1874 1301 1996 1330 τοιαύτας
2021 1300 2171 1330 ἀναλόγους
2206 1300 2232 1324 ἐ-

1311 1344 1462 1378 νοχλήσεις,
1496 1345 1549 1369 εἴτε
1568 1344 1723 1378 ἐπικλήσεις
1738 1344 1755 1377 ἢ
1777 1344 1924 1377 ἐκκλήσεις
1955 1343 1971 1376 ἢ
2015 1343 2085 1371 ὅπως
2139 1341 2230 1367 θέλετε

1310 1386 1459 1420 ὀνομάσατέ
1483 1395 1539 1417 τας,
1558 1387 1590 1410 θὰ
1613 1386 1667 1419 ἔχω
1707 1387 1738 1410 νὰ
1760 1385 1829 1418 λέγω
1865 1385 1911 1409 καὶ
1952 1384 1984 1410 θὰ
2006 1385 2078 1417 εἶμαι
2123 1384 2230 1416 εἰλικρι-

1307 1429 1357 1459 νής
1376 1429 1414 1453 ὅτι
1434 1428 1450 1461 ἡ
1470 1428 1547 1461 ὑγεία
1571 1437 1622 1461 μου
1657 1428 1700 1453 δὲν
1720 1431 1770 1460 μοῦ
1789 1426 1927 1459 ἐπιτρέπει
1961 1428 1991 1451 νὰ
2007 1425 2144 1450 ἐπανέλθω
2167 1425 2230 1450 πλέ-

1310 1482 1339 1497 ον
1366 1473 1410 1497 καὶ
1432 1472 1453 1497 ν’
1486 1471 1613 1496 ἀναλάβω
1630 1472 1735 1504 ἀγῶνας
1764 1470 1935 1500 πολιτικούς.
1957 1469 2047 1495 Ἀλλὰ
2069 1470 2114 1494 διὰ
2134 1469 2230 1501 λόγους

1311 1515 1345 1545 εἰς
1362 1516 1422 1543 τοὺς
1443 1513 1550 1543 ὁποίους
1585 1513 1630 1539 δὲν
1647 1513 1714 1537 θέλω
1735 1512 1853 1537 καθόλου
1874 1514 1904 1536 νὰ
1927 1511 2095 1544 ἐνδιατρίψω
2134 1511 2175 1535 διὰ
2200 1511 2232 1536 νὰ

1309 1557 1344 1589 μὴ
1363 1555 1552 1589 δημιουργήσω
1572 1554 1689 1588 καμμίαν
1713 1555 1840 1586 ἀφορμὴν
1861 1554 2033 1587 συζητήσεως
2051 1554 2087 1586 μὲ
2117 1554 2164 1580 τόν
2202 1553 2231 1578 ἀ-

1308 1599 1429 1631 γαπητόν
1451 1606 1499 1630 μου
1525 1598 1647 1630 ἀρχηγὸν
1666 1599 1715 1620 τῶν
1762 1596 1976 1624 Προοδευτικῶν,
2012 1594 2167 1628 ἐπανῆλθον
2193 1594 2228 1622 εἰς

1309 1641 1354 1673 τὴν
1378 1640 1521 1672 πολιτικὴν
1546 1638 1661 1671 σκηνήν,
1684 1638 1837 1670 ἐπανῆλθον
1857 1638 1887 1670 μὲ
1912 1638 1959 1670 τὴν
1986 1637 2108 1669 μεγάλην
2131 1638 2228 1671 ἀνησυ-

1309 1683 1380 1717 χίαν,
1399 1681 1494 1714 μήπως
1514 1681 1620 1705 ὑποστῶ
1642 1681 1685 1705 τὸν
1706 1679 1893 1710 ἐξευτελισμὸν
1917 1680 1982 1712 μετὰ
2004 1679 2049 1703 ἕνα
2069 1679 2084 1710 ἢ
2120 1678 2165 1702 δύο
2181 1682 2228 1711 μῆ-

1309 1734 1353 1755 νας
1375 1726 1405 1749 νὰ
1442 1724 1538 1751 εἴπω:
1558 1721 1718 1755 Συμπαθᾶτέ
1736 1730 1768 1756 με
1805 1722 1852 1747 καὶ
1873 1721 1965 1751 πάλιν,
1994 1720 2066 1746 ἀλλὰ
2105 1721 2156 1752 ἐγὼ
2186 1721 2229 1744 δὲν

1311 1767 1381 1798 εἶμαι
1406 1765 1495 1794 ἱκανὸς
1519 1765 1565 1797 γιὰ
1597 1763 1684 1788 τέτοια
1712 1763 1867 1796 πράγματα.
1893 1762 2023 1795 Εὐτυχῶς
2057 1763 2086 1787 τὰ
2108 1761 2230 1794 πράγμα-

1309 1815 1338 1829 τα
1372 1802 1514 1833 ἀπέδειξαν
1547 1803 1585 1827 ὅτι
1615 1803 1677 1827 ὅταν
1700 1802 1838 1836 παρῆλθον
1872 1802 1902 1825 τὰ
1931 1800 2138 1834 ἀποτελέσματα
2182 1804 2224 1825 τοῦ

1308 1847 1455 1878 κλονισμοῦ
1486 1846 1531 1869 τὸν
1554 1845 1647 1869 ὁποῖον
1677 1844 1751 1872 εἶχον
1772 1843 1851 1868 πάθει
1870 1843 1904 1873 εἰς
1931 1843 1978 1875 τὴν
1993 1842 2139 1876 Λωζάννην
2177 1842 2224 1866 καὶ

1309 1889 1325 1921 ἡ
1345 1888 1421 1922 ὑγεία
1443 1896 1493 1915 μου
1510 1886 1718 1917 ἀπεκατεστάθη
1741 1887 1787 1910 καὶ
1826 1884 1946 1918 σήμερον
1966 1884 2037 1915 ὅπως
2064 1884 2095 1917 μὲ
2114 1883 2226 1919 βλέπετε

1309 1928 1360 1951 ἀπὸ
1384 1927 1509 1959 ἀπόψεως
1544 1924 1634 1957 ὑγείας
1657 1925 1756 1957 ἀρκετὰ
1781 1924 1853 1949 καλὰ
1875 1925 1906 1948 τὰ
1929 1922 2099 1954 καταφέρνω.
2137 1921 2228 1948 Ἀλλὰ

1309 1973 1340 1997 θὰ
1366 1976 1417 2005 μοῦ
1437 1972 1530 2004 εἴπητε
1553 1971 1602 2003 ὅλη
1633 1971 1699 2001 αὐτὴ
1734 1969 1749 2001 ἠ
1776 1968 1939 2002 παρεκβολὴ
1954 1971 2000 1993 τοῦ
2027 1968 2108 2001 λόγου
2139 1968 2175 1997 εἰς
2206 1967 2229 1991 τί

1308 2014 1514 2047 ἐχρησίμευσε;

1366 2067 1405 2092 Νὰ
1425 2071 1475 2100 μᾶς
1493 2067 1572 2098 εἴπῃς
1594 2067 1633 2090 ὅτι
1650 2065 1809 2095 ἀπετέλεσες
1827 2066 1944 2090 κἄποιαν
1959 2064 2114 2093 ἀνωμαλίαν
2131 2064 2168 2093 εἰς
2182 2064 2228 2096 τὴν

1308 2110 1450 2141 πολιτικὴν
1473 2109 1545 2141 ζωήν
1560 2109 1625 2133 διότι
1636 2108 1679 2133 δὲν
1705 2108 1786 2139 ἦλθες
1802 2108 1836 2134 νὰ
1859 2106 1996 2138 ἐξηγήσῃς
2016 2106 2051 2135 εἰς
2070 2106 2092 2128 τί
2108 2106 2228 2130 συνίστα-

1308 2161 1350 2176 ται
1369 2152 1384 2184 ἡ
1399 2150 1541 2180 ἀνωμαλία
1576 2151 1666 2180 αὕτη;
1687 2150 1789 2174 Λοιπὸν
1823 2149 1970 2180 καταλήγω
1988 2149 2020 2173 νὰ
2043 2150 2090 2175 σᾶς
2106 2148 2173 2170 εἴπω
2189 2149 2229 2173 ὅτι

1307 2193 1354 2227 ἀφ’
1366 2194 1396 2224 ἧς
1420 2193 1467 2224 τὴν
1487 2192 1639 2218 τελευταίαν
1661 2192 1742 2221 αὐτὴν
1765 2192 1856 2222 φορὰν
1876 2190 1999 2223 εἰσῆλθον
2017 2190 2050 2220 εἰς
2064 2190 2111 2220 τὴν
2127 2189 2231 2215 πολιτι-

1307 2237 1361 2268 κὴν
1372 2235 1443 2267 ζωὴν
1463 2234 1574 2267 βεβαίως
1595 2233 1707 2265 διέφερα
1727 2234 1780 2258 ἀπὸ
1794 2234 1854 2261 τοὺς
1868 2232 1966 2262 ἄλλους
1988 2232 2143 2260 πολιτικοὺς
2156 2233 2226 2255 κατὰ

1308 2282 1392 2308 τοῦτο,
1418 2278 1459 2302 ὅτι
1476 2276 1500 2301 οἱ
1520 2276 1566 2309 μὲν
1590 2275 1668 2300 ἄλλοι
1686 2275 1762 2308 εἶχον
1784 2276 1815 2300 νὰ
1834 2275 1936 2308 κάμουν
1955 2274 2045 2307 ἀκόμη
2067 2274 2095 2298 τὸ
2118 2274 2225 2298 στάδιόν

1309 2329 1366 2349 των,
1384 2319 1411 2344 οἱ
1427 2319 1454 2343 δὲ
1476 2318 1602 2351 νεώτεροι
1624 2318 1676 2342 ἀπὸ
1691 2318 1736 2349 ἐμὲ
1756 2318 1799 2343 δὲν
1822 2316 1974 2341 διετέλεσαν
2013 2317 2158 2345 ἀσκοῦντες
2178 2316 2224 2348 τὴν

1307 2362 1393 2393 ἀρχὴν
1412 2361 1454 2385 ἐπὶ
1470 2362 1560 2393 μακρὰ
1584 2360 1642 2392 ἔτη,
1665 2359 1732 2384 ὥστε
1747 2360 1779 2384 νὰ
1793 2359 1859 2383 εἴπω
1879 2359 1917 2383 ὅτι
1932 2357 2099 2390 ἐξήντλησαν
2120 2358 2148 2381 τὸ
2168 2357 2229 2381 στά-

1307 2404 1364 2428 διόν
1381 2410 1442 2427 των.
1452 2401 1522 2433 Ἐγὼ
1547 2402 1618 2430 εἶμαι
1639 2401 1675 2431 εἰς
1690 2401 1759 2431 ὅλως
1782 2401 1911 2428 διάφορον
1933 2401 2015 2428 θέσιν,
2034 2400 2084 2430 ἐγὼ
2106 2399 2179 2432 εἶμαι
2193 2399 2229 2429 εἰς

1307 2444 1417 2479 ἡλικίαν
1440 2442 1643 2477 μεγαλειτέραν,
1666 2443 1765 2476 νομίζω
1780 2443 1832 2467 ἀπὸ
1854 2442 1992 2474 μερικούς,
2025 2442 2130 2473 πάντως
2148 2450 2227 2473 μεγα-

1307 2487 1425 2519 λείτερος
1447 2487 1501 2512 ἀπὸ
1523 2486 1602 2514 ὅλους
1618 2486 1675 2516 τοὺς
1687 2485 1784 2514 ἄλλους
1808 2484 1967 2513 πολιτικοὺς
1986 2483 2139 2516 ἀρχηγούς.
2156 2483 2227 2516 Ἐγὼ

1305 2530 1413 2562 ἤσκησα
1438 2529 1485 2560 τὴν
1503 2529 1590 2561 ἀρχὴν
1603 2528 1646 2554 ἐπὶ
1664 2528 1755 2559 μακρὰ
1775 2528 1820 2561 ἔτη
1849 2528 1894 2551 καί
1918 2527 1950 2552 ἂν
1987 2526 2078 2559 ληφθῇ
2102 2526 2146 2551 ὑπ’
2167 2526 2226 2558 ὄψιν

1306 2572 1354 2596 ὑπὸ
1375 2571 1452 2599 ποίας
1473 2570 1644 2602 περιστάσεις
1658 2570 1768 2602 ἤσκησα
1784 2570 1837 2598 τὴν
1856 2570 1954 2600 ἀρχήν,
1978 2568 2009 2593 θὰ
2028 2568 2227 2600 ἀναγνωρίσητε

1307 2611 1343 2634 ὅτι
1356 2610 1389 2634 οἱ
1398 2610 1494 2642 χρόνοι
1515 2609 1623 2637 ἐκεῖνοι,
1648 2609 1719 2639 ὅπως
1735 2609 1770 2638 εἰς
1788 2609 1831 2632 τὸν
1854 2608 1970 2640 πόλεμον
1994 2607 2094 2640 νομίζω
2108 2608 2229 2639 ἀναγνω-

1304 2652 1421 2685 ρίζονται
1442 2652 1487 2676 διὰ
1507 2652 1567 2680 τοὺς
1589 2651 1799 2681 στρατιωτικοὺς
1835 2649 1926 2675 διπλοὶ
1962 2649 2007 2680 διὰ
2029 2649 2078 2682 τὴν
2105 2647 2228 2678 σύνταξίν

1305 2704 1368 2724 των,
1387 2692 1483 2725 πρέπει
1496 2694 1527 2717 νὰ
1541 2692 1734 2721 ὑπολογισθοῦν
1746 2692 1793 2717 καὶ
1815 2690 1848 2715 δι’
1866 2690 1934 2724 ἐμέ.
1944 2690 2021 2724 Ἔχω
2038 2691 2100 2724 μίαν
2121 2691 2228 2724 μακρὰν

1305 2735 1451 2768 ὑπηρεσίαν
1479 2734 1601 2768 ἀσκήσας
1618 2734 1664 2767 τὴν
1685 2734 1771 2768 ἀρχὴν
1787 2734 1828 2757 ἐπὶ
1851 2733 1886 2758 30
1903 2733 2013 2767 χρόνια.
2027 2733 2135 2765 Πρῶτον
2152 2732 2226 2757 αὐτό.

1305 2778 1432 2810 Δεύτερον
1448 2776 1662 2808 ἐπαναλαμβάνω
1677 2776 1693 2809 ἡ
1710 2775 1803 2809 ἡλικία
2006 2775 2088 2800 ὁποία
2100 2775 2130 2807 μὲ
2143 2775 2226 2806 ἔκαμε
1821 2775 1895 2805 εἶναι,
1903 2775 1991 2808 ἐκείνη

1305 2820 1370 2844 ὥστε
1383 2820 1529 2853 δεχόμενος
1540 2821 1571 2844 τὰ
1582 2818 1652 2851 βάρη
1671 2820 1716 2850 τῆς
1727 2819 1813 2851 ἀρχῆς
1824 2819 1856 2843 νὰ
1876 2818 2030 2851 ἐργάζωμαι
2048 2818 2078 2850 μὲ
2091 2817 2157 2849 ὅλην
2177 2825 2225 2848 μου
