2480 3507
375 250 414 272 ὅτι
436 245 501 279 θίγω
519 245 621 270 κανένα
654 247 686 279 μὲ
707 246 771 271 αὐτὸ
792 247 819 270 τὸ
840 246 937 272 ὁποῖον
966 245 1053 278 λέγω,
1069 246 1140 271 κατὰ
1158 246 1185 269 τὸ
1232 245 1301 269 1925

375 288 391 320 ἡ
418 287 508 320 Βουλὴ
527 288 563 321 μὴ
595 287 731 321 δυναμένη
755 289 793 313 νὰ
818 288 890 322 δώσῃ
910 287 1093 321 σταθερότητα
1136 287 1304 319 Κυβερνητι-

370 331 421 360 κὴν
443 330 487 355 καὶ
508 331 542 361 μὴ
559 329 692 363 δυναμένη
716 331 747 355 νὰ
769 330 881 364 ψηφίσῃ
906 331 978 361 ἐντὸς
1000 330 1113 359 εὐλόγου
1137 329 1299 360 προθεσμίας

371 373 398 395 τὸ
419 372 571 404 Σύνταγμα,
588 372 672 404 ἔγινεν
696 372 774 398 αἰτία
791 374 853 397 ὅταν
878 372 1017 405 ἐπεβλήθη
1039 372 1055 405 ἡ
1079 372 1240 404 δικτατορία
1254 376 1296 395 τοῦ

373 414 522 446 Παγκάλου
538 414 554 447 ἡ
572 414 654 447 Κοινὴ
675 414 773 447 Γνώμη
794 416 826 440 νὰ
845 416 891 448 τὴν
907 414 1009 448 ἀνεχθῇ
1032 415 1077 439 καὶ
1091 415 1122 440 νὰ
1147 413 1193 447 τὴν
1212 422 1303 446 χειρο-

372 456 511 489 κροτήσῃ.
540 456 675 486 Ἐπιμένω
695 457 731 487 εἰς
767 458 795 481 τὸ
832 461 948 491 σημεῖον
969 457 1033 482 αὐτὸ
1051 457 1117 482 διότι
1147 456 1160 481 ὁ
1194 456 1306 487 ἀγαπη-

372 500 418 528 τός
457 500 578 531 ἀρχηγὸς
593 506 646 532 τῆς
679 499 885 532 Δημοκρατικης
922 499 1064 526 Ἑνώσεως
1105 498 1181 529 αὐτὸ,
1202 499 1246 523 δὲν
1269 499 1295 520 τὸ

373 542 436 564 εἶπα
466 542 530 564 ποτὲ
560 542 604 564 καὶ
629 542 659 573 μὲ
681 546 817 574 συγχωρεῖ
844 543 890 568 καὶ
919 543 949 567 ἂν
971 541 1177 576 διαμαρτυρηθῇ
1210 540 1242 564 θὰ
1262 540 1301 563 εἴ-

374 592 413 607 πω
453 584 491 606 ὅτι
522 584 550 607 τὸ
569 584 707 614 ἀποσύρω,
746 583 848 617 θεωρεῖ
867 584 981 610 πιστεύω
1005 585 1044 609 ὅτι
1084 583 1180 615 θεωρεῖ
1203 583 1239 606 ὅτι
1263 583 1300 607 εἶ-

380 634 423 649 ναι
464 623 604 656 ἐπιζήμιον
625 626 661 655 εἰς
675 625 724 657 τὴν
738 626 829 658 χώραν
852 626 877 651 αἱ
907 626 1100 659 μακροχρόνιοι
1116 625 1294 655 Κυβερνήσεις

378 669 425 700 τὴν
448 668 632 696 σταθερότητα
654 669 701 700 τὴν
723 668 925 697 Κυβερνητικὴν
943 668 1053 699 νομίζω,
1098 668 1135 691 ὅτι
1154 669 1200 701 τὴν
1234 667 1283 689 θεω

377 715 427 742 ρεῖ,
463 711 503 736 ὅτι
523 711 564 735 δὲν
584 703 774 742 συμβιβάζεται
800 711 868 743 πρὸς
886 713 939 741 τὰς
967 709 1107 741 νεωτέρας
1130 711 1293 743 δημοκρατι-

376 755 428 782 κὰς
455 753 625 782 ἀντιλήψεις.

432 803 507 835 Ἐγὼ
539 803 607 835 ὅμως
627 805 676 828 τοῦ
696 802 765 835 λέγω
784 803 822 827 ὅτι
839 803 883 828 ἐὰν
905 802 935 833 ἐξ
948 802 1065 833 ἀνάγκης
1097 801 1292 829 περιπέσωμεν,

379 846 423 869 δὲν
445 845 632 872 ἀποκλείεται,
658 846 697 872 εἰς
716 845 879 878 Κυβέρνησιν
900 845 1074 878 συμμαχικὴν
1093 845 1137 868 καὶ
1160 843 1293 873 ἑπομένως

378 887 476 919 ἀσθενῆ
498 887 543 911 καὶ
559 887 597 917 εἰς
626 887 770 912 ἀστάθειαν
797 887 1010 919 Κυβερνητικήν,
1033 887 1076 911 διὰ
1097 888 1142 916 τῆς
1174 885 1295 919 ἀλλαγῆς

375 932 425 952 τῶν
456 929 650 961 Κυβερνήσεων
682 929 712 954 θὰ
733 929 920 962 εὑρισκώμεθα
940 928 1005 953 πολὺ
1031 928 1147 958 πλησίον
1168 928 1203 953 εἰς
1247 928 1292 958 τὴν

379 971 553 1007 δημιουργίαν
575 972 757 1001 δικτατορίας.

435 1022 473 1047 Α.
526 1021 852 1047 ΠΑΠΑΝΑΣΤΑΣΙΟΥ.
886 1021 955 1053 Ἐγὼ
1000 1020 1134 1043 ἐπάλαισα
1169 1021 1211 1044 διὰ
1261 1020 1292 1042 νὰ

374 1063 545 1096 ἐξασφαλίσω
596 1063 787 1095 μεγαλειτέραν
855 1063 1039 1095 σταθερότητα
1107 1065 1155 1086 τῶν
1196 1062 1295 1094 Κυβερ-

376 1107 489 1135 νήσεων,

435 1157 470 1182 Ε.
505 1155 708 1180 ΒΕΝΙΖΕΛΟΣ
731 1155 1005 1189 (Πρωθυπουργός).
1016 1154 1109 1178 Ἀλλὰ
1141 1156 1185 1178 καὶ
1204 1154 1291 1177 θέλετε

374 1200 404 1223 νὰ
423 1199 576 1227 ὑποβάλητε
595 1198 724 1230 πρότασιν
743 1198 958 1230 συνταγματικὴν
980 1200 1009 1221 νὰ
1029 1197 1155 1230 ἀλλάσσῃ
1188 1197 1199 1220 ὁ
1221 1196 1297 1224 Πρω-

375 1241 525 1272 θυπουργὸς
545 1240 611 1264 κάθε
630 1240 743 1271 χρόνον.

436 1298 477 1323 Α.
485 1297 814 1322 ΠΑΠΑΝΑΣΤΑΣΙΟΥ.
832 1297 872 1322 Θὰ
894 1302 942 1326 σᾶς
963 1296 1087 1329 ἐξηγήσω
1108 1298 1129 1320 τί
1152 1297 1232 1319 ἐννοῶ
1249 1297 1290 1319 διὰ

375 1344 469 1365 τοῦτο.

435 1394 468 1420 Ε.
483 1393 703 1419 ΒΕΝΙΖΕΛΟΣ.
739 1394 1023 1424 (Πρωθυπουργός).
1045 1393 1124 1418 Καλά
1163 1392 1228 1419 ἀλλ’
1238 1393 1290 1424 ἔχω

375 1436 507 1469 δικαίωμα
523 1436 553 1460 νὰ
578 1436 645 1459 εἴπω
671 1436 709 1461 ὅτι
728 1437 772 1460 καὶ
791 1436 821 1460 ἂν
846 1436 981 1468 δηλώσετε
996 1439 1052 1464 σεῖς
1069 1436 1098 1460 τὸ
1136 1435 1227 1464 εγονὸς
1248 1435 1291 1459 καὶ

375 1478 455 1510 μόνον
470 1479 509 1501 ὅτι
530 1477 619 1502 θέλετε
638 1478 670 1502 νὰ
685 1477 807 1510 ἀλλάσσῃ
826 1477 837 1502 ὁ
862 1477 1073 1508 Πρωθυπουργὸς
1094 1476 1157 1502 κάθε
1196 1477 1295 1508 χρόνον

375 1520 546 1544 ἀποδεικνύει
565 1520 605 1544 ὅτι
623 1520 666 1544 δὲν
678 1519 769 1544 θέλετε
783 1519 949 1551 Κυβέρνησιν
966 1518 1155 1551 μεγαλειτέρας
1175 1518 1277 1550 διαρκεί

374 1571 404 1590 ας
421 1566 467 1586 τοῦ
485 1561 544 1591 ἑνὸς
565 1561 660 1591 ἔτους.
671 1561 719 1586 Δὲν
737 1561 836 1592 νομίζω
858 1562 889 1586 νὰ
904 1561 1042 1593 πιστεύητε
1066 1561 1104 1585 ὅτι
1128 1560 1289 1590 Κυβέρνησις

376 1605 446 1628 εἶναι
467 1605 495 1628 τὰ
520 1603 588 1627 ἄλλα
620 1602 688 1635 μέλη
710 1606 755 1636 τῆς
780 1602 972 1636 Κυβερνήσεως
1010 1602 1201 1633 ἀποκομμένης
1245 1606 1292 1634 τῆς

376 1645 517 1678 κεφαλῆς.
533 1644 599 1671 Ἐὰν
617 1644 739 1669 τοιοῦτόν
759 1653 782 1670 τι
803 1645 954 1675 πιστεύητε,
976 1644 1033 1668 τότε
1053 1645 1098 1669 δὲν
1111 1643 1245 1676 δυνάμεθα
1260 1645 1289 1665 νὰ

374 1687 584 1720 συζητήσωμεν.
602 1685 654 1711 Καὶ
675 1686 728 1720 ἤδη
748 1686 834 1720 κύριοι
851 1686 988 1721 βουλευταί
1008 1686 1157 1720 στρέφομαι
1188 1685 1292 1709 εἰδικώ-

373 1738 449 1760 τερον
467 1729 530 1760 πρὸς
555 1729 615 1760 τοὺς
634 1728 774 1761 ἀρχηγοὺς
786 1730 835 1752 τῶν
855 1728 1065 1761 Δημοκρατικῶν
1085 1728 1228 1760 Κομμάτων
1246 1728 1289 1749 διὰ

374 1772 406 1796 νὰ
434 1771 571 1803 ἐπιστήσω
590 1769 640 1802 τὴν
659 1770 799 1802 προσοχήν
817 1769 865 1796 των
888 1771 934 1799 ὅτι,
954 1771 1015 1796 ὅταν
1040 1770 1056 1801 ἡ
1094 1769 1252 1798 δικτατορία
1275 1769 1287 1801 ἡ

374 1811 539 1845 ἐνδεχομένη
554 1812 569 1845 ἡ
589 1811 670 1836 ὁποία
698 1811 729 1836 θὰ
750 1811 849 1846 ἐπέλθῃ
871 1814 935 1846 μετὰ
974 1811 1186 1847 Κυβερνητικὴν
1210 1812 1292 1835 ἀστά-

374 1855 458 1882 θειαν,
476 1855 537 1878 ὅταν
559 1854 572 1886 ἡ
596 1854 759 1886 Δικτατορία
775 1853 790 1886 ἡ
811 1853 972 1886 ἐνδεχομένη
1006 1854 1096 1886 φθαρῇ
1126 1854 1172 1878 καὶ
1199 1853 1289 1880 πάλιν,

375 1897 449 1926 ὅπως
462 1897 493 1921 θὰ
513 1896 603 1929 φθαρῇ
627 1895 686 1929 μετ’
702 1895 810 1927 ὀλίγους
829 1895 917 1929 μῆνας
935 1896 949 1929 ἢ
973 1897 1037 1928 μετὰ
1062 1895 1089 1921 ἕν
1112 1895 1179 1924 ἔτος,
1196 1895 1208 1919 ὁ
1226 1895 1290 1923 λαὸς

375 1939 387 1962 ὁ
411 1939 504 1967 ὁποῖος
524 1940 592 1969 μετὰ
604 1939 652 1970 τὴν
672 1937 773 1967 φθοράν
795 1947 841 1970 της
857 1938 888 1963 θὰ
906 1938 1050 1969 ἐνθυμῆται
1069 1939 1105 1962 ὅτι
1124 1938 1175 1969 πρὸ
1192 1938 1229 1967 10
1243 1947 1290 1969 μη-

379 1984 428 2006 νῶν
447 1981 506 2014 εἶχε
530 1980 620 2013 φθαρῇ
641 1981 686 2007 καὶ
707 1981 722 2004 ὁ
738 1979 1021 2013 κοινοβουλευτισμός,
1018 1980 1111 2010 οὕτως
1118 1979 1289 2009 ἐννοούμενος

374 2022 406 2046 θὰ
426 2022 494 2046 εἶναι
521 2022 646 2050 κίνδυνος
663 2021 675 2046 ὁ
692 2021 757 2050 λαὸς
783 2024 813 2045 νὰ
833 2022 994 2054 παρασυρθῇ
1017 2022 1070 2046 ἀπὸ
1104 2021 1220 2049 ἐκείνους
1240 2022 1287 2044 ποὺ

375 2063 407 2088 θὰ
431 2067 474 2086 τοῦ
498 2062 603 2095 λέγουν,
624 2063 665 2088 ὅτι
684 2062 819 2097 ἀπέτυχεν
832 2063 845 2088 ὁ
864 2062 1138 2094 κοινοβουλευτισμός,
1158 2062 1289 2095 ἀπέτυχεν

375 2106 390 2139 ἡ
410 2105 575 2138 δικτατορία,
600 2105 645 2131 δὲν
662 2104 734 2138 μένει
748 2105 814 2129 ἄλλο
838 2107 909 2138 παρὰ
923 2106 956 2130 νὰ
971 2105 1120 2138 δοκιμάσῃς
1137 2106 1180 2128 τὸν
1195 2114 1292 2137 μοναρ-

375 2148 456 2181 χικὸν
479 2147 669 2182 δεσποτισμόν.

434 2193 535 2226 Πρέπει
555 2195 587 2219 νὰ
602 2192 743 2222 προσθέσω
766 2193 805 2218 ὅτι
827 2194 894 2218 εἶναι
911 2195 1016 2225 μακρὰν
1039 2194 1092 2219 ἀπὸ
1119 2194 1166 2225 τὴν
1193 2192 1291 2216 πολιτι-

374 2236 425 2268 κὴν
443 2240 487 2260 τοῦ
513 2236 618 2260 Λαϊκοῦ
642 2235 779 2267 κόμματος
816 2235 828 2260 ὁ
863 2236 1027 2269 μοναρχικὸς
1064 2235 1249 2267 δεσποτισμός,
1274 2236 1289 2268 ἡ

375 2277 510 2310 μοναρχία
528 2277 554 2303 ἐν
575 2278 655 2309 γένει,
676 2278 704 2302 τὸ
723 2278 827 2303 Λαΐκὸν
842 2278 930 2312 κόμμα
945 2277 1018 2303 θέλει
1044 2278 1090 2311 τὴν
1106 2277 1291 2300 κοινοβουλευ-

376 2320 453 2352 τικὴν
475 2320 629 2347 βασιλείαν.
641 2319 723 2344 Ἀλλ’
740 2320 817 2350 αὐτὸς
850 2319 881 2345 θὰ
914 2320 983 2344 εἶναι
1004 2319 1217 2351 δυσφημισμένος
1255 2319 1290 2348 εἰς

374 2363 466 2394 ἄκρον,
489 2363 536 2392 τὴν
557 2362 660 2395 ἐποχὴν
680 2361 794 2395 ἐκείνην,
813 2361 874 2387 καθ’
892 2362 924 2395 ἣν
944 2361 957 2387 ὁ
970 2361 1242 2393 κοινοβουλευτισμὸς
1258 2361 1288 2383 θὰ

374 2405 426 2437 ἔχῃ
446 2404 554 2437 φθαρῇ.
567 2404 638 2429 Διότι
657 2404 728 2434 ὅπως
740 2405 786 2434 σᾶς
805 2404 880 2429 εἶπον
902 2405 952 2436 πρὸ
977 2404 1083 2436 ὀλίγου,
1102 2404 1114 2427 ὁ
1153 2403 1291 2427 κοινοβου-

373 2446 513 2480 λευτισμὸς
535 2447 591 2479 ἔχει
620 2448 651 2471 τὰ
669 2447 725 2471 ἴδια
749 2447 932 2478 ἐλαττώματα,
955 2446 1007 2470 εἴτε
1044 2446 1160 2477 ὑπάρχει
1183 2445 1289 2476 κορώνα

373 2489 427 2512 εἴτε
443 2490 486 2512 δὲν
506 2489 639 2525 ὑπάρχει.
659 2489 835 2521 Παράδειγμα
860 2489 873 2520 ἡ
909 2488 1044 2516 Ἱσπανία,
1067 2489 1132 2513 ὅπου
1158 2488 1174 2520 ἡ
1204 2487 1288 2519 φθορὰ

372 2535 417 2554 τοῦ
431 2532 700 2564 κοινοβουλευτισμοῦ
734 2532 813 2563 ἔφερε
847 2532 895 2563 τὴν
930 2530 1102 2559 δικτατορίαν
1133 2534 1178 2555 τοῦ
1205 2529 1286 2562 Πρίμο

372 2574 414 2599 ντὲ
425 2572 532 2605 Ῥιβέρα,
554 2574 599 2598 καὶ
618 2574 633 2606 ἡ
659 2572 760 2598 Ἰταλία
778 2574 845 2598 ὅπου
867 2573 882 2605 ἡ
899 2572 986 2605 φθορὰ
1009 2576 1054 2596 τοῦ
1076 2572 1288 2598 κοινοβουλευτι-

370 2612 440 2648 σμοῦ
460 2615 540 2648 ἔφερε
554 2617 598 2641 τὸν
619 2617 751 2645 φασισμὸν
771 2618 815 2640 τοῦ
836 2625 867 2642 κ.
900 2614 1082 2642 Μουσουλίνι.
1099 2615 1154 2639 Δὲν
1172 2614 1203 2639 θὰ
1222 2613 1287 2646 μένῃ

372 2657 466 2681 λοιπὸν
485 2657 553 2681 ἄλλο
572 2657 645 2687 τότε,
665 2659 738 2689 παρὰ
759 2659 789 2690 νὰ
805 2657 931 2690 εἴπωμεν,
956 2658 986 2686 ἂς
1007 2657 1128 2688 φέρωμεν
1144 2657 1189 2680 ἕνα
1212 2655 1274 2679 βασι

374 2699 425 2733 ληᾶ
446 2699 492 2724 καὶ
506 2700 539 2727 ἂς
550 2702 594 2723 τοῦ
607 2699 811 2728 παραδώσωμεν
844 2700 890 2732 τὴν
923 2698 1055 2728 ἐξουσίαν,
1084 2699 1154 2732 ἀφοῦ
1186 2698 1237 2722 ὅλα
1256 2699 1287 2721 τὰ

372 2741 444 2765 ἄλλα
462 2740 613 2773 ἀπέτυχον.
632 2740 687 2767 Ἂν
706 2741 795 2766 θέλετε
814 2741 947 2774 βοηθῆστέ
963 2750 995 2775 με
1014 2742 1045 2765 νὰ
1068 2740 1190 2773 στερώσω
1227 2741 1286 2764 ὅσον

372 2785 401 2809 τὸ
419 2785 530 2807 δυνατὸν
546 2784 738 2815 περισσότερον
754 2786 780 2808 τὸ
805 2784 943 2812 ἐλεύθερον
964 2783 1123 2815 πολίτευμα,
1141 2784 1169 2807 τὸ
1191 2783 1284 2806 ὁποῖον

373 2828 438 2859 μετὰ
459 2827 552 2855 τόσους
568 2827 681 2857 ἀγῶνας,
709 2827 745 2856 εἰς
763 2827 821 2857 τοὺς
836 2826 945 2856 ὁποίους
975 2826 1051 2851 τόσον
1075 2825 1180 2858 ὡραῖον
1211 2825 1287 2858 ρόλον

1334 244 1440 273 ἔπαιξεν
1460 245 1472 270 ὁ
1497 246 1632 277 ἀγαπητὸς
1657 245 1778 278 ἀρχηγὸς
1800 248 1847 277 τῆς
1869 245 2078 276 Δημοκρατικῆς
2112 245 2246 276 Ἑνώσεως

1334 287 1469 321 ἀπέκτησε
1485 289 1530 311 καὶ
1549 288 1626 313 πάλιν
1647 288 1659 312 ὁ
1675 287 1795 321 Ἑλλην.
1803 287 1880 317 λαός.
1884 286 1993 315 Δείξατε
2005 288 2097 321 ὀλίγην
2111 289 2245 318 ὑπομονήν

1333 330 1364 354 ἂν
1380 330 1470 354 θέλετε
1493 330 1583 363 ἀκόμα
1606 329 1707 360 δείξατε
1730 331 1776 355 καὶ
1801 330 1895 363 ὀλίγην
1916 330 2018 363 ἀνοχήν
2038 331 2074 363 μὴ
2099 330 2249 358 ἐκτίθεσθε.

1333 377 1361 399 ἐν
1386 377 1459 409 πάσῃ
1481 376 1636 408 περιπτώσῃ
1657 376 1691 405 εἰς
1710 375 1881 406 ὑποστήριξιν
1918 376 2008 408 ἰδεῶν,
2022 377 2048 401 αἱ
2069 377 2160 401 ὁποῖαι
2184 378 2246 402 ὅταν

1332 419 1364 442 θὰ
1390 419 1480 443 ἔλθετε
1502 419 1538 448 εἰς
1564 419 1611 447 τὴν
1631 419 1720 451 ἀρχὴν
1740 418 1772 443 θὰ
1792 418 1941 443 ἀποτελοῦν
1961 418 1993 444 δι’
2015 419 2080 452 ὐμᾶς
2093 419 2157 448 τοὺς
2167 419 2245 448 ἰδίους

1332 461 1467 493 ἀφόρητον
1485 461 1641 494 δέσμευσιν.
1651 460 1691 485 Μὲ
1712 464 1756 486 τὸν
1780 461 1878 494 δρόμον
1898 461 1947 485 ποὺ
1966 461 2070 492 ἐπῆραν
2096 461 2246 492 τελευταῖα,

1332 505 1361 527 τὰ
1390 503 1532 536 πράγματα
1548 504 1592 529 δὲν
1606 503 1749 531 πρόκειται
1768 502 1860 527 βέβαια
1897 503 1929 527 νὰ
1951 503 2112 536 διαιωνισθῇ
2124 503 2139 535 ἡ
2163 512 2249 535 παρα-

1330 545 1403 578 μονή
1420 554 1468 578 μου
1489 545 1525 574 εἰς
1555 546 1602 578 τὴν
1625 544 1734 578 ἀρχήν.
1757 545 1916 578 Δυσαρεστῶ
1955 545 2070 578 σήμερον
2105 546 2152 578 τὴν
2186 545 2248 578 μίαν

1330 586 1398 616 τάξιν
1417 588 1462 612 καὶ
1474 588 1566 614 αὔριον
1586 595 1632 619 την
1656 586 1761 619 ἄλλην.
1773 585 1859 615 τάξεις
1878 587 1906 611 δὲ
1922 586 2172 619 πολυαριθμοτάτας
2199 589 2244 611 καί

1330 630 1399 653 εἶναι
1418 629 1595 661 ἐνδεχόμενον
1624 629 1659 658 εἰς
1682 629 1709 653 τὸ
1726 628 1799 659 τέλος
1819 629 1864 659 τῆς
1879 628 2031 659 τετραετίας
2054 630 2085 654 νὰ
2099 629 2135 660 μὴ
2159 629 2245 652 ἐπιδο-

1330 671 1451 704 κιμασθῶ
1472 672 1524 696 ἀπὸ
1548 671 1591 696 τὸν
1609 670 1772 702 Ἑλληνικὸν
1793 670 1878 696 λαόν.
1890 663 1932 695 Θὰ
1947 669 2087 694 καταθέσω
2110 669 2169 694 τότε
2186 669 2251 703 ἀμέ-

1330 723 1380 742 σως
1394 715 1438 745 τὴν
1461 713 1558 745 ἀρχήν,
1582 713 1652 738 ἀλλὰ
1684 713 1715 736 θὰ
1739 717 1786 742 σᾶς
1813 712 1966 740 παραδώσω
1998 712 2023 736 ἓν
2043 713 2154 742 κράτος,
2173 713 2201 736 τὸ
2222 713 2244 734 ὁ-

1331 760 1407 780 ποῖον
1429 756 1473 780 καὶ
1496 754 1660 786 ἐξωτερικῶς
1678 754 1710 779 θὰ
1731 754 1836 787 κατέχῃ
1855 754 1928 779 θέσιν
1968 754 2134 784 ἀσυγκρίτως
2153 754 2250 777 καλλι-

1330 797 1405 829 τέραν
1427 800 1472 823 καὶ
1492 796 1691 825 σταθερωτέραν
1713 797 1765 821 ἀπὸ
1781 796 1888 830 ἐκείνης
1915 797 1961 829 τὴν
1982 797 2077 822 ὁποίαν
2108 797 2166 829 εἶχε
2195 798 2244 828 πρὸ

1329 841 1466 868 τεσσάρων
1484 841 1565 868 ἐτῶν.
1582 839 1875 872 (Χειροκροτήματα).
1891 838 1942 863 Καὶ
1960 839 2127 871 ἐσωτερικῶς
2145 840 2176 862 νὰ
2195 839 2244 871 ἔχῃ

1328 882 1517 915 ἐμπεδωμένην
1540 882 1587 910 τὴν
1607 880 1680 910 τάξιν
1713 881 1758 906 καὶ
1779 881 1807 904 τὸ
1830 884 1909 911 κῦρος
1931 884 1977 912 τῆς
2006 881 2099 911 ἀρχῆς
2129 881 2175 905 καὶ
2198 884 2241 903 τοῦ

1327 922 1422 953 νόμου.
1440 920 1483 953 Μὴ
1500 920 1687 953 ἀμφιβάλλετε
1706 920 1755 947 ὅτι,
1774 920 1807 948 ὡς
1826 919 2093 949 ἀντιπολιτευόμενος
2145 919 2175 943 θὰ
2199 924 2243 947 σᾶς

1328 963 1459 995 παράσχω
1499 963 1566 987 κάθε
1602 962 1699 995 ἠθικὴν
1734 961 1885 993 συνδρομὴν
1916 962 1982 992 πρὸς
2009 961 2167 993 ἐφαρμογὴν
2200 966 2243 984 τοῦ

1330 1009 1539 1041 προγράμματός
1554 1017 1615 1041 σας,
1635 1009 1662 1032 τὸ
1686 1008 1779 1031 ὁποῖον
1802 1008 1880 1039 τυχὸν
1904 1007 1935 1030 θὰ
1951 1005 2002 1039 ἔχῃ
2021 1006 2130 1039 ἐγκρίνη
2155 1006 2167 1030 ὁ
2180 1006 2249 1030 Ἑλ-

1329 1051 1439 1082 ληνικὸς
1456 1051 1534 1081 λαός.
1546 1049 1581 1076 Ὁ
1597 1049 1675 1082 μόνος
1697 1049 1819 1079 κίνδυνος
1837 1049 1906 1074 εἶναι
1928 1048 2021 1080 μήπως
2037 1049 2080 1072 δὲν
2102 1049 2177 1082 ἔχετε
2198 1058 2247 1072 κα-

1328 1092 1453 1125 τορθώσει
1472 1094 1501 1118 νὰ
1517 1092 1717 1123 παρουσιάσητε
1733 1096 1852 1116 τοιοῦτον
1869 1090 2030 1122 πρόγραμμα
2055 1091 2182 1123 διάφορον
2201 1095 2244 1114 τοῦ

1328 1136 1411 1159 ἰδικοῦ
1427 1144 1492 1166 μου.
1507 1135 1577 1158 Διότι
1607 1135 1653 1159 ἐάν
1674 1134 1742 1157 εἶναι
1766 1134 1794 1157 τὸ
1826 1133 1912 1158 ἰδικόν
1939 1142 1987 1165 μου
2021 1133 2197 1165 πρόγραμμα,
2213 1133 2244 1157 θὰ

1327 1178 1395 1201 εἶναι
1416 1176 1547 1200 δύσκολον
1563 1177 1593 1200 νὰ
1615 1176 1714 1204 εὑρεθῶ
1737 1176 1771 1205 εἰς
1790 1176 1836 1205 τὴν
1859 1174 2080 1202 ἀντιπολίτευσιν,
2106 1176 2176 1207 γιατὶ
2211 1175 2242 1198 θὰ

1328 1217 1389 1247 εἰπῇ
1420 1216 1430 1239 ὁ
1455 1215 1536 1244 λαός.
1548 1216 1596 1240 Δὲν
1615 1215 1730 1247 ὑπάρχει
1754 1215 1837 1244 λόγος
1858 1214 1884 1238 ν’
1899 1212 2061 1244 ἀλλάξωμεν
2090 1214 2133 1237 τὸν
2173 1213 2248 1237 Βενι-

1327 1257 1387 1286 ζέλο
1404 1258 1446 1288 γιὰ
1466 1257 1496 1282 νά
1520 1256 1641 1289 φέρωμεν
1660 1257 1723 1286 τοὺς
1736 1255 1900 1284 ἀντιπάλους
1922 1264 1979 1280 του.
1998 1254 2057 1284 Ἂς
2081 1254 2170 1287 ἀφίσω
2202 1256 2249 1278 αὐ-

1329 1302 1370 1323 τὸν
1389 1301 1438 1324 ποὺ
1459 1300 1528 1322 εἶναι
1552 1299 1629 1322 τόσον
1650 1299 1762 1326 καιρόν.
1783 1297 1848 1322 Ἐὰν
1877 1298 1947 1330 ὅμως
1959 1293 2011 1321 δὲν
2030 1297 2107 1330 ἔχετε
2127 1301 2244 1323 τοιοῦτον

1328 1338 1489 1374 πρόγραμμα
1514 1345 1561 1371 σᾶς
1579 1341 1732 1373 ὑπόσχομαι
1757 1340 1800 1364 καὶ
1825 1339 1905 1365 πάλιν
1943 1340 1974 1363 νὰ
1997 1340 2047 1369 σᾶς
2073 1337 2241 1370 ὑποστηρίξω

1326 1384 1392 1408 καθ’
1405 1382 1467 1406 ὅλον
1489 1383 1517 1406 τὸ
1540 1382 1685 1414 διάστημα,
1704 1383 1772 1405 κατὰ
1796 1382 1823 1404 τὸ
1847 1382 1941 1404 ὁποῖον
1969 1381 2001 1403 θὰ
2023 1380 2111 1403 βλέπω
2143 1381 2188 1405 καὶ
2211 1380 2241 1403 θὰ

1325 1425 1406 1457 κρίνω
1427 1425 1471 1450 καὶ
1493 1425 1525 1449 θὰ
1554 1425 1725 1456 αἰσθάνωμαι
1749 1424 1789 1448 ὅτι
1813 1424 1828 1455 ἡ
1850 1423 1977 1456 πολιτική
2004 1431 2051 1451 σας
2080 1423 2125 1446 δὲν
2144 1423 2236 1455 ὁδηγεῖ

1326 1468 1362 1498 εἰς
1376 1467 1485 1497 βαρείας
1501 1471 1637 1498 συμφορὰς
1655 1467 1700 1491 καὶ
1719 1466 1926 1496 καταστροφάς.
1938 1465 1979 1490 Θὰ
1993 1467 2039 1494 σᾶς
2063 1463 2243 1494 ὑποστηρίξω.

1325 1509 1465 1541 Φοβοῦμαι
1488 1509 1567 1538 μόνον
1600 1508 1693 1541 μήπως
1715 1509 1745 1541 μὲ
1768 1508 1833 1540 ὅλην
1859 1508 1906 1538 τὴν
1939 1506 2112 1538 ὑποστήριξίν
2134 1515 2191 1538 μου,
2211 1507 2240 1530 τὸ

1325 1551 1461 1582 μωσαϊκὸν
1485 1559 1534 1574 τῶν
1556 1550 1700 1579 κομμάτων
1717 1550 1769 1574 ἀπὸ
1790 1558 1818 1573 τὸ
1842 1550 1935 1574 ὁποῖον
1966 1548 1998 1573 θὰ
2023 1549 2195 1580 συγκροτηθῆ
2226 1547 2241 1579 ἡ

1328 1592 1489 1624 Κυβέρνησίς
1516 1602 1572 1622 σας,
1591 1592 1732 1623 φοβοῦμαι,
1755 1591 1838 1623 λέγω,
1854 1591 1949 1620 μήπως
1968 1591 2011 1614 δὲν
2028 1590 2195 1621 κατορθώσει
2210 1592 2242 1615 νὰ

1323 1634 1473 1667 διατηρηθῇ
1494 1635 1530 1663 εἰς
1550 1634 1596 1663 τὴν
1630 1633 1762 1665 ἐξουσίαν,
1796 1634 1856 1657 οὔτε
1882 1633 1944 1657 ὅσον
1979 1632 2080 1664 χρόνον
2128 1631 2160 1656 θὰ
2193 1635 2241 1663 μοῦ

1324 1678 1370 1709 ἦτο
1399 1678 1546 1707 ἀναγκαῖος
1586 1677 1626 1700 διὰ
1656 1675 1683 1700 ν’
1704 1675 1849 1700 ἀναπαυθῶ
1881 1675 1935 1700 ἀπὸ
1965 1675 2027 1704 τοὺς
2046 1674 2145 1704 κόπους
2164 1682 2240 1697 συνε-

1323 1723 1387 1751 χοῦς
1421 1723 1575 1749 τετραετοῦς
1614 1717 1755 1748 ἐργασίας.
1790 1716 2012 1749 (Παρατεταμένα
2062 1715 2240 1748 χειροκροτή-

1323 1770 1404 1793 ματα.
