2480 3507
2005 677 2113 714 ἤρχισα
2131 681 2178 714 τὴν
2193 690 2241 706 πο-

1329 725 1430 758 λιτικὴν
1452 734 1500 759 μου
1522 725 1603 756 ζωήν,
1626 725 1697 755 ὅπως
1715 724 1772 749 ὅλοι
1793 732 1855 756 σας,
1862 723 2013 755 νεώτατος,
2025 722 2083 756 λίγο
2106 724 2167 756 πρὶν
2180 733 2246 756 συμ-

1330 767 1462 802 πληρώσω
1485 769 1517 792 τὰ
1540 767 1576 791 25
1596 767 1642 799 ἔτη
1664 775 1709 799 τῆς
1736 765 1843 799 ἡλικίας
1863 774 1912 798 μου
1935 765 2007 797 ἤμην
2029 765 2172 799 βουλευτὴς
2193 768 2241 791 καὶ

1329 809 1420 835 βέβαια
1435 814 1483 842 μοῦ
1508 810 1607 843 ἤρεσαν
1626 809 1650 834 οἱ
1678 809 1814 833 πολιτικοὶ
1846 809 1962 841 ἀγῶνες.
1995 806 2163 839 Διεξήγαγον
2178 808 2244 832 πολ-

1329 852 1388 880 λοὺς
1405 852 1442 881 εἰς
1455 852 1501 883 τὴν
1521 852 1641 884 Κρήτην,
1659 852 1759 877 ἔπειτα,
1782 852 1836 882 ἅμα
1877 850 1981 881 ἔφθασα
2001 850 2038 879 εἰς
2069 849 2176 881 ἡλικίαν
2205 852 2244 876 46

1331 894 1405 923 ἐτῶν,
1431 894 1500 927 ἦλθα
1534 894 1568 923 εἰς
1601 894 1649 925 τὴν
1672 893 1802 922 Ἑλλάδα,
1822 893 1888 916 ὅπου
1912 891 2039 925 συνέχισα
2057 893 2086 916 τὸ
2103 893 2241 917 πολιτικόν

1330 945 1378 968 μου
1401 937 1522 965 στάδιον.
1539 935 1632 967 Ὅπως
1643 935 1709 964 ὅλοι
1728 944 1774 965 σας
1811 935 1897 967 ἤθελα
1915 935 1961 958 καὶ
1993 934 2044 966 ἐγὼ
2067 935 2098 961 νὰ
2113 935 2185 967 εἶμαι
2203 936 2242 965 εἰς

1328 979 1376 1010 τὴν
1392 977 1514 1008 ἐξουσίαν
1533 978 1576 1003 διὰ
1594 979 1627 1002 νὰ
1646 977 1789 1015 ἐφαρμόσω
1817 978 1865 1007 τὰς
1891 976 2045 1007 ἀντιλήψεις
2068 985 2128 1009 μου.
2161 977 2243 1001 Δύνα-

1329 1030 1376 1053 μαι
1392 1021 1421 1045 νὰ
1430 1024 1483 1049 σᾶς
1500 1019 1636 1045 βεβαιώσω
1649 1020 1730 1057 μόνον
1748 1019 1788 1044 ὅτι
1811 1019 1854 1043 δὲν
1875 1019 1967 1051 ἔμεινα
1989 1019 2025 1054 εἰς
2047 1019 2094 1051 τὴν
2120 1018 2243 1048 ἐξουσίαν

1329 1062 1388 1096 μίαν
1408 1061 1511 1094 ἡμέραν
1536 1062 1580 1087 ἐπὶ
1600 1061 1675 1085 θυσίᾳ
1700 1063 1750 1086 τῶν
1774 1061 1848 1086 ἰδεῶν
1868 1069 1927 1094 μου,
1967 1061 2032 1085 ποτὲ
2054 1061 2112 1085 οὔτε
2134 1061 2193 1094 μίαν
2214 1061 2244 1094 ἡ-

1329 1104 1427 1137 μέραν.
1444 1104 1529 1129 Ἀλλὰ
1563 1105 1655 1135 μπορῶ
1685 1105 1716 1128 νά
1757 1104 1844 1136 δεχθῷ
1879 1104 1919 1126 ὅτι
1955 1103 1990 1132 εἰς
2030 1103 2076 1134 τὴν
2118 1103 2240 1138 περίοδον

1329 1146 1435 1180 ἐκείνην
1454 1148 1498 1179 τῆς
1517 1146 1587 1178 ζωῆς
1607 1155 1665 1176 μου,
1691 1146 1733 1170 ὅτε
1755 1146 1952 1179 ἠναγκαζόμην
1972 1147 2002 1169 νὰ
2026 1145 2099 1177 φύγω
2120 1146 2172 1170 ἀπὸ
2196 1146 2242 1178 τὴν

1330 1188 1451 1219 ἐξουσίαν
1472 1190 1566 1221 μπορῶ
1587 1189 1618 1213 νὰ
1636 1188 1743 1219 δεχθῷ,
1751 1187 1865 1220 ἀληθινὰ
1886 1188 1930 1212 δὲν
1948 1188 1978 1211 τὰ
2003 1187 2163 1219 ἐνθυμοῦμαι
2175 1188 2241 1211 αὐτὰ

1330 1231 1389 1259 ὅλα,
1409 1230 1479 1255 ἀλλὰ
1499 1231 1591 1263 μπορῶ
1613 1231 1644 1256 νὰ
1667 1229 1754 1261 δεχθῷ
1779 1230 1818 1253 ὅτι
1841 1232 1891 1262 μοῦ
1924 1229 2045 1259 ἐκόστιζε
2064 1229 2164 1260 λιγάκι,
2180 1230 2246 1253 ὑπο-

1330 1271 1394 1297 θέτω
1427 1272 1466 1297 ὅτι
1491 1272 1576 1305 ἔφυγα
1596 1270 1764 1303 πικραμένος
1785 1271 1855 1300 ὅπως
1874 1270 1890 1296 λ
1911 1279 1940 1304 χ.
1968 1271 2010 1295 ὅτε
2045 1270 2242 1301 συνεκρούσθην

1330 1314 1360 1347 μὲ
1374 1314 1418 1339 τὸν
1442 1313 1585 1346 Πρίγκηπα
1604 1313 1737 1346 Γεώργιον
1758 1313 1792 1342 εἰς
1806 1313 1852 1344 τὴν
1871 1312 1980 1345 Κρήτην
2004 1313 2047 1337 καὶ
2071 1313 2243 1345 ἠναγκάσθην

1331 1357 1362 1380 νὰ
1384 1356 1468 1388 φύγω.
1491 1356 1563 1379 Διότι
1584 1354 1678 1387 πρέπει
1695 1356 1725 1381 νὰ
1746 1356 1793 1384 σᾶς
1816 1355 1883 1380 εἴπω
1902 1356 1946 1379 καὶ
1979 1354 2005 1379 ἓν
2029 1352 2096 1379 ἄλλο
2123 1359 2240 1387 πρᾶγμα,

1331 1398 1368 1422 ὅτι
1391 1397 1441 1428 ἐγὼ
1462 1398 1514 1422 ἀπὸ
1528 1397 1579 1429 τὴν
1598 1396 1717 1426 ἐξουσίαν
1739 1397 1823 1421 ἔπεσα
1845 1396 2013 1426 πλειστάκις,
2029 1396 2075 1429 μία
2095 1398 2165 1428 φορὰ
2184 1396 2250 1428 ἔφυ-

1330 1450 1366 1473 γα
1385 1440 1416 1472 μὲ
1428 1440 1476 1472 τὴν
1491 1439 1588 1471 λαϊκὴν
1604 1439 1698 1471 ψῆφον
1713 1439 1750 1469 εἰς
1770 1440 1802 1463 τὰ
1841 1439 1907 1467 920,
1921 1440 1965 1468 τὰς
1977 1439 2003 1462 δέ
2014 1438 2097 1468 ἄλλας
2112 1438 2245 1471 παρητού-

1331 1491 1382 1515 μην
1397 1482 1464 1508 διότι
1483 1482 1673 1514 διαφωνοῦσα.
1686 1480 1866 1514 Παρητούμην
1887 1481 1955 1505 εἶναι
1980 1480 2108 1514 γεγονός.
2143 1481 2250 1505 Λοιπὸν

1332 1523 1444 1557 δέχομαι
1457 1523 1534 1553 τέλος
1547 1523 1649 1548 πάντων
1673 1523 1709 1546 ὅτι
1740 1524 1811 1548 κατὰ
1833 1523 1884 1555 τὴν
1902 1522 2030 1555 περίοδον
2066 1522 2170 1556 ἐκείνην
2198 1526 2244 1553 τῆς

1331 1570 1402 1603 ζωῆς
1423 1579 1481 1602 μου,
1507 1570 1551 1594 ἐὰν
1573 1570 1642 1602 ἤμην
1666 1569 1716 1592 ἐδῶ
1750 1568 1791 1592 δὲν
1814 1568 1845 1593 θὰ
1877 1568 2051 1593 ἀποτελοῦσα
2080 1568 2244 1601 ἀνωμαλίαν,

1332 1612 1401 1637 ἀλλὰ
1429 1612 1513 1645 ἦλθαν
1536 1612 1563 1636 αἱ
1587 1611 1696 1644 ἐκλογαὶ
1733 1614 1778 1634 τοῦ
1804 1611 1886 1635 1920.
1922 1610 2096 1643 Ἐνθυμεῖσθε
2126 1610 2165 1635 ὅτι
2185 1610 2242 1634 τότε

1334 1658 1445 1692 εὑρέθην
1463 1658 1501 1688 εἰς
1514 1658 1561 1688 τὴν
1576 1657 1714 1688 ἀνάγκην,
1726 1655 1855 1688 διεξάγων
1878 1657 1921 1681 τὸν
1939 1657 2075 1685 τεράστιον
2099 1656 2201 1680 ἐκεῖνον
2218 1657 2244 1680 ἀ-

1332 1705 1414 1734 γῶνα
1429 1701 1473 1725 τὸν
1489 1700 1604 1731 πόλεμον
1625 1700 1727 1729 εἰδικῶς
1739 1700 1777 1725 νὰ
1793 1699 1993 1732 ἀπομακρυνθῶ
2012 1698 2100 1727 ὀλίγον
2121 1699 2173 1724 ἀπὸ
2197 1698 2243 1731 τὴν

1334 1748 1468 1780 αὐστηρὰν
1488 1747 1600 1777 τήρησιν
1619 1748 1667 1769 τῶν
1682 1745 1856 1769 καθεστώτων
1877 1745 1963 1777 νόμων
1982 1746 2027 1769 καὶ
2049 1744 2172 1777 ἐδήλωσα
2184 1744 2246 1769 τότε

1334 1791 1399 1824 πρὸς
1415 1790 1458 1814 τὸν
1477 1788 1542 1813 λαὸν
1566 1788 1604 1811 ὅτι
1625 1787 1684 1815 ναί,
1704 1787 1731 1812 τὸ
1748 1786 1853 1816 βλέπω,
1869 1787 1934 1810 αὐτὰ
1961 1788 1991 1811 τὰ
2010 1786 2092 1819 μέτρα
2128 1791 2249 1820 μποροῦν

1333 1834 1365 1856 νὰ
1381 1830 1533 1863 θεωρηθοῦν
1556 1830 1594 1855 ὅτι
1613 1830 1656 1854 δὲν
1677 1830 1746 1854 εἶναι
1770 1829 1890 1860 ἐντελῶς
1896 1829 2022 1862 σύμφωνα
2038 1830 2069 1861 μὲ
2090 1829 2118 1853 τὸ
2141 1834 2243 1861 πνεῦμα

1334 1878 1376 1897 τοῦ
1400 1873 1597 1905 Συντάγματος,
1627 1872 1751 1904 μολονότι
1787 1871 1928 1904 ἐπρόκειτο
1956 1873 2017 1903 περὶ
2055 1875 2246 1903 στρατιωτικοῦ

1333 1916 1423 1948 νόμου,
1446 1916 1489 1941 τὸν
1510 1915 1603 1940 ὁποῖον
1619 1913 1787 1946 ἐπεβάλαμεν
1807 1913 1926 1938 ἐναντίον
1960 1915 2009 1938 τῶν
2039 1913 2245 1946 ἐπιχειρούντων

1333 1957 1487 1989 ἀνατροπὴν
1509 1956 1622 1981 ἐναντίον
1640 1960 1685 1980 τοῦ
1702 1955 1883 1985 καθεστῶτος.
1900 1955 1985 1978 Εἶπον
2014 1955 2051 1978 ὅτι
2069 1955 2113 1979 ἐὰν
2132 1950 2163 1979 τὰ
2182 1955 2245 1978 θεω-

1334 2004 1398 2032 ρῆτε
1419 2000 1474 2029 πῶς
1492 1999 1534 2024 δὲν
1563 1998 1632 2023 εἶναι
1650 1995 1777 2030 σύμφωνα
1802 1998 1831 2030 μὲ
1853 1998 1913 2026 τοὺς
1931 1997 2027 2030 νόμους
2055 1998 2098 2020 καὶ
2136 1998 2163 2020 τὸ
2184 1997 2249 2020 Σύν-

1333 2051 1431 2075 ταγμα,
1447 2043 1476 2065 τὸ
1497 2041 1610 2073 δέχομαι
1631 2040 1675 2064 καὶ
1691 2040 1755 2065 αὐτὸ
1772 2040 1816 2063 καὶ
1831 2039 2011 2068 ἀναλαμβάνω
2027 2039 2092 2071 ὅλην
2108 2039 2155 2068 τὴν
2174 2039 2253 2061 εὐθύ-

1333 2089 1382 2113 νην
1400 2079 1524 2104 ἀπέναντι
1549 2080 1594 2103 τοῦ
1597 2078 1760 2107 Ἑλληνικοῦ
1782 2077 1862 2104 λαοῦ.
1866 2078 1918 2103 Καὶ
1937 2078 1977 2107 ἂς
1995 2077 2144 2108 προσθέσω,
2168 2078 2250 2110 μολο-

1335 2123 1393 2151 νότι
1402 2123 1466 2147 αὐτὸ
1483 2122 1554 2146 εἶναι
1573 2122 1635 2150 ἴσως
1653 2120 1742 2153 ὀλίγον
1758 2120 1929 2153 ἐγωϊστικόν,
1931 2121 1952 2145 τί
1960 2120 2068 2145 ἐννόουν
2086 2119 2169 2149 λέγων
2176 2123 2247 2147 «πῶς

1335 2165 1511 2199 ἀναλαμβάνω
1528 2164 1594 2196 ὅλην
1608 2164 1654 2192 τὴν
1672 2163 1792 2194 εὐθύνην,
1813 2163 1880 2187 διότι
1906 2163 1953 2195 τὴν
1988 2162 2063 2186 εἶπον
2098 2162 2180 2195 αὐτὴν
2199 2162 2246 2192 τὴν

1335 2208 1430 2240 φρᾶσιν
1451 2208 1498 2231 καὶ
1519 2206 1615 2230 ἄλλοτε
1630 2206 1675 2229 καὶ
1698 2205 1710 2229 ὁ
1728 2205 1861 2234 δικτάτωρ
1888 2205 1978 2237 ἀκόμη
1998 2205 2044 2236 τὴν
2075 2205 2160 2229 εἶπεν,
2173 2204 2244 2228 ἀλλὰ

1334 2250 1456 2282 νομίζουν
1477 2249 1532 2278 πὼς
1553 2249 1622 2272 εἶναι
1639 2247 1684 2279 μία
1706 2247 1804 2278 φράσις
1844 2246 2022 2277 φιλολογική.
2051 2246 2127 2277 Ἐγὼ
2154 2246 2244 2278 ἔλεγον

1333 2292 1392 2316 τότε
1410 2290 1608 2323 «ἀναλαμβάνω
1625 2290 1673 2321 τὴν
1694 2288 1825 2321 εὐθύνην»
1845 2289 1877 2320 μὲ
1909 2289 1956 2320 τὴν
1977 2288 2079 2312 ἔννοιαν
2098 2288 2143 2313 ἐὰν
2165 2293 2180 2321 ἡ
2201 2297 2234 2312 πο

1333 2334 1421 2368 λιτικὴ
1440 2334 1484 2358 καὶ
1504 2334 1534 2357 τὰ
1558 2330 1763 2361 ἀποτελέσματα
1786 2331 1868 2362 αὐτῆς
1898 2330 1940 2355 δὲν
1967 2330 2105 2362 ἐγκριθοῦν
2128 2330 2180 2353 ἀπὸ
2202 2329 2249 2352 τὸν

1337 2376 1504 2409 Ἑλληνικὸν
1518 2374 1593 2403 λαόν,
1613 2374 1671 2398 τότε
1695 2373 1746 2405 ἐγὼ
1762 2373 1795 2397 θὰ
1816 2372 1990 2405 ἀπεσυρόμην
2010 2372 2063 2397 ἀπὸ
2082 2373 2131 2404 τὴν
2146 2371 2248 2396 πολιτι

1333 2419 1385 2451 κὴν
1401 2418 1484 2449 ζωήν,
1507 2417 1575 2443 διότι
1590 2416 1654 2440 αὐτὸ
1669 2416 1700 2440 θὰ
1718 2416 1766 2444 ἦτο
1789 2416 1806 2448 ἡ
1842 2415 1909 2447 μόνη
1941 2415 2056 2445 κύρωσις
2095 2415 2178 2446 αὐτῆς
2200 2418 2248 2442 τῆς

1334 2461 1453 2494 εὐθύνης
1474 2460 1521 2491 τὴν
1536 2458 1628 2483 ὁποίαν
1649 2457 1849 2486 ἀνελάμβανον.
1850 2457 1903 2483 Καὶ
1921 2457 2037 2488 συνεπὴς
2057 2457 2123 2486 πρὸς
2137 2457 2182 2486 τὰς
2201 2458 2232 2480 ἀν

1332 2503 1453 2536 τιλήψεις
1465 2509 1514 2536 μου
1534 2501 1630 2532 ταύτας
1648 2500 1768 2533 ἀπῆλθον
1786 2502 1832 2532 τῆς
1846 2499 1993 2532 πολιτικῆς
2025 2501 2127 2531 σκηνῆς
2150 2499 2181 2531 μὲ
2200 2498 2246 2530 τὴν

1332 2544 1494 2578 βεβαιότητα
1512 2543 1575 2570 τότε
1602 2544 1641 2568 ὅτι
1659 2542 1797 2566 ἐτελείωσε
1827 2542 1856 2567 τὸ
1877 2540 2022 2570 πολιτικόν
2038 2549 2086 2573 μου
2126 2541 2246 2564 στάδιον.

1335 2588 1386 2614 Καὶ
1403 2587 1526 2619 ἠθέλησα
1541 2587 1572 2611 νὰ
1586 2583 1784 2622 προσαρμοσθῶ
1802 2584 1867 2618 πρὸς
1900 2584 1948 2617 τὴν
1963 2583 2105 2616 ἀντίληψιν
2133 2583 2171 2606 ὅτι
2199 2582 2246 2615 μία

1332 2630 1377 2655 νέα
1399 2630 1456 2661 ζωὴ
1475 2628 1596 2661 ἠνοίγετο
1615 2627 1738 2658 μπροστά
1757 2635 1817 2658 μου,
1838 2627 1884 2655 καὶ
1905 2626 1946 2652 ὅτι
1979 2625 2011 2650 θὰ
2048 2625 2186 2658 ἠδυνάμην
2215 2625 2247 2648 νὰ

1332 2671 1516 2706 ἀπασχολήσω
1541 2671 1590 2701 ὅ,τι
1611 2673 1660 2703 μοῦ
1678 2670 1768 2702 ἔμενεν
1792 2669 1845 2693 ἀπὸ
1879 2666 2105 2700 δραστηριότητα
2128 2666 2246 2691 πουθενὰ

1331 2714 1429 2740 ἀλλοῦ.
1440 2713 1574 2738 Ἐννοεῖτε
1595 2712 1638 2739 ὅτι
1648 2712 1717 2737 κατὰ
1737 2712 1768 2739 τὸ
1788 2711 1893 2735 στάδιον
1924 2710 2012 2734 ἐκεῖνο
2048 2710 2093 2734 δὲν
2125 2707 2247 2741 ἠρνήθην

1332 2758 1395 2782 ποτὲ
1410 2756 1447 2784 εἰς
1470 2756 1517 2789 τὴν
1536 2753 1702 2787 Κυβέρνησιν
1718 2761 1765 2784 τῆς
1777 2752 1866 2785 χώρας
1884 2753 1915 2777 νὰ
1936 2753 1984 2784 τὴν
2004 2749 2246 2785 ἀντιπροσωπεύσω

1332 2799 1425 2829 ὁσάκις
1442 2801 1491 2831 μοῦ
1506 2797 1638 2830 ἐζήτησεν
1657 2797 1694 2826 εἰς
1712 2797 1742 2819 τὰ
1765 2795 1855 2827 διεθνῆ
1887 2794 2028 2827 συνέδρια,
2053 2795 2084 2818 νὰ
2101 2794 2149 2826 τὴν
2179 2793 2248 2816 ἀντι-

1331 2840 1514 2873 προσωπεύσω
1534 2840 1608 2870 πρὸς
1635 2836 1809 2870 ὑποστήριξιν
1842 2836 1995 2872 ὡρισμένων
2024 2836 2154 2871 θεμάτων,
2195 2837 2250 2859 τῶν
