2480 3507
359 222 456 250 ἄλλως
467 229 493 245 τε
516 221 559 245 δὲν
575 220 643 244 εἶναι
662 219 708 243 καὶ
730 217 838 250 ζήτημα
852 215 1022 249 μακροτάτου
1042 213 1157 246 χρόνου.
1166 211 1216 235 Ἐν
1229 209 1287 233 τού-

365 274 431 294 τοις,
446 264 542 292 κανεὶς
540 262 571 288 ἐκ
586 264 636 287 τῶν
655 259 793 289 προτέρων
815 259 857 284 δὲν
869 260 967 289 μπορεῖ
989 258 1020 282 νὰ
1040 255 1117 287 ὁρίσῃ
1131 255 1173 278 τὸν
1188 252 1283 286 χρόνον

370 308 446 332 αὐτὸν
480 309 527 336 τῆς
550 307 666 335 φυσικῆς
694 302 771 330 τέλος
790 301 894 326 πάντων
916 298 1097 328 ἐπεμβάσεως,
1129 296 1174 320 καὶ
1193 294 1227 319 δι’
1243 295 1288 319 αὐ-

367 350 395 372 τὸ
433 350 565 381 ἀρνοῦμαι
588 348 620 371 νὰ
636 344 763 373 ἀναλάβω
789 343 868 376 ρητὴν
905 340 1073 373 ὑποχρέωσιν
1096 340 1126 367 νὰ
1143 338 1205 372 γίνῃ
1241 337 1289 360 αὐ-

368 393 396 416 τὸ
420 392 448 416 τὸ
470 394 581 422 πρᾶγμα
602 389 638 414 εἰς
656 386 807 419 ὡρισμένην
836 384 907 413 ὥραν,
941 384 986 407 δὲν
1020 383 1048 408 τὸ
1083 379 1186 413 ἠξεύρω
1223 379 1285 403 πότε

369 434 402 458 θὰ
417 434 494 465 γίνῃ.
512 430 647 457 Ὑποθέτω
668 431 701 455 νὰ
734 429 773 460 μὴ
792 427 925 452 περάσουν
960 426 1031 455 παρὰ
1068 423 1155 449 πολλὰ
1178 421 1287 455 χρόνια,

370 472 440 497 ἀλλὰ
463 472 506 497 δὲν
527 470 608 501 ὁρίζω
633 470 679 496 τόν
698 468 806 502 χρόνον,
830 465 896 491 διότι
915 465 960 490 δὲν
980 462 1047 488 θέλω
1070 464 1101 487 νὰ
1123 464 1173 494 μοῦ
1196 460 1285 483 εἰποῦν

370 516 409 540 ὅτι
431 513 581 546 παρεβίασα
600 513 648 544 τὴν
667 510 814 543 ὑπόσχεσίν
826 517 885 541 μου.

428 556 510 588 Τώρα
524 556 559 580 θὰ
580 558 629 586 μοῦ
648 552 820 584 ἐπιτρέψητε,
856 550 942 582 κύριοι
961 547 1115 578 βουλευταί,
1146 547 1177 569 νὰ
1216 553 1288 567 συνε-

372 600 439 632 χίσω
459 599 507 628 τὴν
527 596 636 622 ὁμιλίαν
659 604 707 628 μου
723 595 758 623 εἰς
777 594 850 619 τόνον
884 592 987 621 κἄπως,
1007 590 1036 619 ἂς
1071 590 1187 621 εἴπωμεν
1211 586 1287 611 σοβα-

373 640 505 672 ρώτερον.
529 639 566 665 Τὸ
605 635 859 662 Κοινοβουλευτικὸν
877 633 1033 663 πολίτευμα,
1060 631 1149 663 κύριοι
1184 628 1288 663 βουλευ-

371 683 424 712 ταί,
446 683 515 706 εἶναι
539 682 567 706 τὸ
587 682 692 713 ἄριστον
708 681 756 704 τῶν
779 676 979 706 πολιτευμάτων
1000 676 1052 699 ἀπὸ
1068 675 1116 697 ὅσα
1139 671 1221 706 μέχρι
1232 675 1288 693 τοῦ-

373 727 402 750 δε
422 724 599 753 κατώρθωσεν
624 723 637 747 ὁ
659 721 797 751 ἄνθρωπος
816 721 848 745 νὰ
869 719 998 750 ἐπινοήσῃ
1036 717 1080 741 διὰ
1100 715 1128 739 τὸ
1163 711 1289 746 δυσχερέ-

373 777 470 791 στατον
493 766 557 790 αὐτὸ
599 765 675 792 ἔργον
699 765 746 795 τῆς
769 760 1000 791 διακυβερνήσεως
1022 761 1071 781 τῶν
1094 756 1176 781 λαῶν.
1207 752 1289 779 Ἀλλ’

373 811 422 834 ἐνῷ
438 810 507 833 εἶναι
531 809 647 838 ἄριστον,
670 807 728 838 ἔχει
752 808 864 829 πλεῖστα
904 801 1092 833 ἐλαττώματα.
1120 798 1176 829 Ἂς
1202 797 1291 829 πάρω-

373 862 419 884 μεν
450 852 541 875 ἐκεῖνα
557 851 586 873 τὰ
621 849 703 872 ὁποῖα
725 846 885 878 μνημονεύει
906 845 943 873 εἷς
965 843 994 867 ἐκ
1028 850 1079 867 των
1120 838 1290 872 ἐπιφανεστέ-

372 903 427 925 ρων
465 890 722 924 συνταγματολόγων
744 889 793 919 πρὸ
830 887 965 919 τεσσάρων
997 885 1061 909 ἐτῶν
1086 881 1238 910 ἀποθανών,
1278 880 1289 904 ὁ

374 935 473 967 Ἐσμέν.
505 933 662 966 Ἀναφέρει
693 931 728 961 ὡς
746 933 849 963 πρῶτον
867 929 1006 960 ἐλάττωμα
1024 927 1062 949 ὅτι
1082 926 1111 949 τὸ
1152 922 1291 948 Κοινοβου-

375 978 497 1001 λευτικὸν
516 975 662 1007 πολίτευμα
699 974 725 998 ἐν
751 971 853 998 Γαλλίᾳ
869 970 957 996 ἀφίνει
977 969 1013 999 εἰς
1034 969 1076 993 τὸν
1109 966 1230 999 ἀρχηγὸν
1246 968 1290 989 τοῦ

378 1020 498 1051 Κράτους
517 1019 562 1043 ἕνα
582 1016 660 1049 ρόλον
679 1015 744 1041 πολὺ
765 1014 870 1047 ὠχρόν.
899 1011 987 1034 Ἀλλὰ
1024 1008 1176 1043 προσθέτω,
1198 1007 1239 1029 διὰ
1260 1007 1290 1030 νὰ

376 1063 412 1094 μὴ
431 1060 618 1094 δημιουργηθῇ
636 1059 674 1089 εἴς
694 1065 763 1086 τινας
786 1057 800 1087 ἡ
819 1055 964 1081 ἐντύπωσις
987 1053 1023 1075 ὅτι
1062 1052 1129 1073 εἶναι
1160 1050 1245 1072 κακὸν
1263 1049 1291 1071 τὸ

378 1104 537 1133 πολίτευμα,
562 1103 599 1126 ὅτι
622 1101 635 1127 ὁ
664 1099 798 1131 Πρόεδρος
813 1100 858 1129 τῆς
873 1094 1064 1128 Δημοκρατίας
1086 1093 1144 1124 ἔχει
1163 1091 1233 1116 θέσιν
1243 1091 1290 1114 κἄ-

376 1156 432 1176 πως
444 1143 620 1178 ἰσχυροτέραν
641 1144 692 1167 ἀπὸ
717 1143 758 1167 τὸν
772 1139 991 1171 Συνταγματικὸν
1014 1134 1147 1163 Βασιλέα,
1165 1134 1208 1159 τὸν
1232 1133 1292 1159 Κοι-

374 1188 576 1211 νοβουλευτικὸν
615 1183 752 1212 Βασιλέα,
768 1183 833 1207 διότι
871 1182 928 1213 ἔχει
975 1178 1157 1210 τοὐλάχιστον
1191 1177 1220 1200 τὸ
1256 1176 1294 1198 δι-

376 1230 483 1258 καίωμα,
512 1230 541 1253 τὸ
575 1229 667 1252 ὁποῖον
702 1224 911 1254 ἀναγνωρίζεται
952 1222 978 1246 ἐν
1002 1220 1103 1254 Γαλλίᾳ,
1141 1220 1172 1243 νὰ
1213 1227 1292 1250 προε-

378 1273 460 1304 δρεύῃ
501 1274 552 1295 τῶν
572 1270 754 1299 Ὑπουργικῶν
783 1264 956 1298 Συμβουλίων
975 1264 1022 1285 καὶ
1058 1263 1166 1286 δύναται
1198 1258 1293 1292 ἑπομέ-

376 1323 425 1343 νως
443 1315 475 1339 νὰ
498 1312 599 1343 ἐξασκῇ
617 1312 715 1338 ἄμεσον
733 1310 778 1340 τὴν
793 1307 921 1339 ἐπιρροήν
942 1314 986 1330 του
1001 1305 1040 1329 ἐπὶ
1057 1306 1107 1329 τῶν
1136 1303 1292 1334 κυβερνητι-

375 1361 429 1381 κῶν
451 1355 624 1383 ἀποφάσεων,
638 1356 748 1384 πρᾶγμα
766 1351 795 1375 τὸ
808 1350 902 1374 ὁποῖον
917 1348 952 1377 εἰς
973 1345 1230 1371 Κοινοβουλευτικὸν
1248 1351 1293 1366 πο-

376 1399 489 1433 λίτευμα
511 1398 552 1422 δὲν
569 1396 600 1420 θὰ
624 1396 671 1427 ἦτο
691 1393 801 1418 ἀνεκτὸν
825 1393 977 1423 γινόμενον
981 1389 1058 1416 ἐκτὸς
1077 1388 1111 1416 εἰς
1127 1385 1293 1418 ἐξαιρετικὰς

378 1440 553 1473 περιπτώσεις
573 1438 610 1468 εἰς
633 1438 664 1461 τὰ
694 1433 827 1480 λεγόμενα
845 1432 1015 1466 <<Συμβούλια
1042 1434 1086 1454 τοῦ
1111 1428 1293 1462 Στέμματος>>.

379 1484 446 1506 Αὐτὸ
462 1483 556 1507 λοιπὸν
577 1481 622 1505 δὲν
635 1479 666 1503 θὰ
680 1482 730 1511 μᾶς
744 1476 928 1509 ἀπασχολήσῃ
943 1475 993 1499 ἐδῶ,
1023 1473 1090 1497 διότι
1117 1473 1187 1495 εἶναι
1203 1471 1294 1495 κοινόν,

377 1524 593 1557 ἐπαναλαμβάνω,
620 1521 760 1552 ἐλάττωμα
779 1519 803 1543 ἐν
818 1517 890 1551 γένει
903 1519 948 1541 τοῦ
964 1514 1216 1539 κοινοβουλευτικοῦ
1250 1521 1297 1536 πο-

376 1564 541 1595 λιτεύματος,
567 1562 620 1585 εἴτε
644 1556 854 1591 βασιλευομένου
879 1556 930 1580 εἴτε
955 1552 1223 1587 δημοκρατουμένου.
1240 1550 1296 1574 Μά-

376 1610 453 1634 λιστα
471 1609 510 1635 εἰς
532 1609 576 1637 τὴν
603 1605 756 1634 περίστασιν
779 1603 861 1634 αὐτὴν
876 1602 944 1626 εἶναι
966 1599 1156 1635 μεγαλείτερον
1178 1598 1206 1619 τὸ
1222 1596 1294 1620 ἐλάτ-

376 1661 465 1684 τωμα.
476 1650 565 1675 Ἄλλο
585 1648 724 1676 ἐλάττωμα
741 1646 823 1673 εἶναι,
824 1645 896 1673 ὅπως
913 1642 1079 1673 ἐξελίσσεται
1095 1641 1122 1664 ἐν
1140 1639 1246 1675 Γαλλίᾳ,
1256 1639 1294 1662 ὅτι

376 1698 496 1720 καταντᾶ
517 1693 548 1717 νὰ
566 1691 602 1722 μὴ
626 1689 766 1717 κυβερνοῦν
778 1687 800 1711 οἱ
818 1685 958 1718 ὑπουργοί,
960 1683 1036 1714 ἀλλὰ
1051 1684 1085 1708 νὰ
1106 1682 1250 1713 κυβερνοῦν
1269 1679 1294 1703 αἱ

381 1735 480 1759 Βουλαὶ
519 1734 563 1757 διὰ
600 1735 649 1756 τῶν
686 1729 810 1761 μεγάλων
831 1726 1095 1753 Κοινοβουλευτικῶν
1125 1723 1295 1754 Ἐπιτροπῶν.

378 1778 579 1809 Πραγματικῶς
595 1775 633 1804 εἰς
653 1774 702 1804 τὴν
722 1770 840 1796 Γαλλίαν
863 1768 989 1800 μετετέθη
1000 1768 1044 1792 ἕνα
1072 1766 1152 1799 μέρος
1171 1767 1216 1797 τῆς
1232 1764 1295 1795 ὅλης

379 1820 583 1852 Κυβερνητικῆς
603 1815 723 1846 ἐξουσίας
744 1814 781 1843 εἰς
796 1814 841 1841 τὰς
861 1810 979 1843 μεγάλας
998 1807 1253 1834 Κοινοβουλευτικὰς
1272 1806 1296 1829 ἐ-

377 1861 521 1892 πιτροπάς,
545 1860 562 1894 ἡ
596 1859 623 1883 δὲ
641 1857 781 1886 ἐπίδρασις
796 1858 845 1879 τῶν
907 1853 1059 1883 ἐπιτροπῶν
1113 1851 1197 1873 αὐτῶν
1229 1849 1296 1871 εἶναι

377 1904 509 1935 ἀνάλογος
534 1903 601 1934 πρὸς
618 1901 646 1926 τὸ
658 1899 802 1932 πρόσωπον
826 1900 870 1921 τοῦ
891 1895 1019 1919 ἑκάστοτε
1042 1894 1166 1924 ἀρχηγοῦ
1189 1894 1235 1923 τῆς
1248 1890 1296 1915 Κυ-

377 1945 544 1979 βερνήσεως.

436 1996 497 2019 Ἐπὶ
521 1997 567 2024 τῆς
584 1991 776 2024 Κυβερνήσεως
792 1992 840 2014 τοῦ
867 1986 1025 2016 Πουανκαρὲ
1047 1982 1212 2017 περιεστάλη
1245 1982 1296 2007 ὀλί-

376 2048 423 2067 γον
445 2037 462 2071 ἡ
480 2037 590 2069 δύναμις
611 2037 661 2059 τῶν
684 2030 947 2058 Κοινοβουλευτικῶν
967 2028 1152 2059 Ἐπιτροπῶν,
1190 2024 1256 2048 ἀλλ’
1272 2024 1296 2047 ὁ-

378 2080 542 2112 πωσδήποτε
559 2080 718 2110 σημειοῦται
737 2075 772 2103 ὡς
789 2073 836 2097 ἕνα
852 2072 882 2094 ἐκ
892 2074 943 2094 τῶν
958 2068 1153 2104 ἐλαττωμάτων
1165 2071 1210 2091 τοῦ
1233 2066 1295 2091 Κοι-

378 2121 585 2145 νοβουλευτικοῦ
657 2116 864 2145 Πολιτεύματος,
898 2116 989 2138 τοῦτο.
1044 2109 1134 2134 Ἄλλα
1158 2109 1225 2133 εἶναι
1279 2108 1293 2140 ἡ

377 2164 506 2187 ἀστάθεια
527 2164 579 2186 τῶν
598 2158 790 2191 Κυβερνήσεων
812 2159 856 2180 καὶ
877 2156 908 2179 τὸ
935 2153 1074 2185 ἐφήμερον
1094 2153 1192 2177 αὐτῶν.
1219 2149 1294 2182 Μέγα

376 2207 446 2233 κακὸ
461 2206 505 2229 καὶ
528 2202 604 2231 αὐτό,
628 2201 657 2227 τὸ
672 2201 766 2225 ὁποῖον
790 2199 857 2230 ἔχει
877 2199 948 2225 ὅπως
990 2193 1215 2223 ἐπαναλαμβάνω,
1249 2193 1294 2216 δὲν

377 2249 445 2271 εἶναι
465 2246 570 2279 ἀνάγκη
597 2245 629 2267 νὰ
649 2244 677 2266 τὸ
698 2240 892 2265 ἐπαναλαμβάνω
909 2238 1037 2261 ἑκάστοτε,
1056 2236 1121 2259 διότι
1139 2236 1204 2258 αὐτὸ
1226 2235 1292 2257 εἶναι

377 2289 517 2322 ἐλάττωμα
536 2287 626 2311 κοινὸν
653 2288 698 2309 τοῦ
730 2281 985 2308 Κοινοβουλευτικοῦ
1012 2277 1207 2307 Πολιτεύματος,
1239 2277 1291 2300 εἴτε

377 2332 520 2363 πρόκειται
542 2329 601 2361 περὶ
611 2324 822 2358 βασιλευομένης
841 2321 1024 2356 δημοκρατίας
1038 2320 1091 2345 εἴτε
1101 2320 1164 2350 περὶ
1174 2319 1296 2349 αἰρετῆς.

376 2373 465 2398 Ἄλλο
488 2372 555 2396 εἶναι
577 2371 591 2401 ἡ
611 2368 757 2399 ἐπέμβασις
778 2369 828 2391 τῶν
845 2364 994 2395 βουλευτῶν
1015 2363 1053 2392 εἰς
1073 2363 1104 2386 τὰ
1125 2365 1170 2394 τῆς
1190 2360 1293 2392 διοική-

377 2424 445 2443 σεως
462 2415 533 2443 ἰδίως
553 2413 564 2444 ἡ
587 2411 730 2441 ἐπέμβασις
750 2409 786 2438 εἰς
802 2409 865 2438 τοὺς
889 2406 1043 2436 διορισμοὺς
1069 2405 1114 2428 καὶ
1133 2403 1292 2434 προαγωγὰς

377 2459 450 2490 Δημ.
462 2455 626 2486 ὑπαλλήλων
645 2457 758 2483 πρᾶγμα
783 2452 812 2475 τὸ
834 2451 929 2474 ὁποῖον
951 2447 1017 2476 παρ’
1034 2447 1097 2480 ἡμῖν
1119 2446 1162 2470 διὰ
1184 2448 1228 2475 τῆς
1250 2453 1293 2475 μο-

377 2500 516 2532 νιμότητος
527 2499 572 2524 καὶ
589 2500 636 2521 τῶν
660 2495 750 2520 ἄλλων
772 2495 903 2526 σχετικῶν
941 2492 1029 2523 νόμων
1045 2489 1102 2523 ἔχει
1137 2486 1291 2520 περιορισθῇ

378 2543 416 2571 εἰς
434 2543 528 2573 ἄκρον.

437 2583 487 2608 Καὶ
506 2583 615 2607 δύναται
637 2582 669 2606 νὰ
686 2578 825 2610 βεβαιώσῃ
846 2578 936 2604 κανεὶς
961 2576 1001 2600 ὅτι
1019 2574 1073 2599 ἀπὸ
1094 2573 1175 2602 αὐτῆς
1194 2579 1240 2603 τῆς
1266 2571 1294 2594 ἀ-

376 2626 483 2659 πόψεως
500 2625 674 2658 ἠμποροῦμεν
698 2624 728 2647 νὰ
752 2622 906 2652 ὑποστῶμεν
925 2619 972 2649 τὴν
993 2616 1131 2649 σύγκρισιν
1151 2614 1294 2645 ὑπερηφά-

377 2678 426 2696 νως
458 2669 489 2700 μὲ
523 2668 553 2690 τὰ
573 2666 642 2690 ἄλλα
684 2663 928 2689 Κοινοβουλευτικὰ
967 2659 1072 2691 Κράτη.
1112 2657 1200 2680 Ἄλλο
1224 2656 1292 2680 εἶναι

376 2712 401 2734 ἐν
435 2709 537 2743 Γαλλίᾳ
569 2709 634 2732 ὅπου
659 2709 857 2738 παρατηρεῖται
899 2705 914 2736 ἡ
955 2701 1091 2734 ἀδυναμία
1128 2702 1179 2731 τῆς
1214 2696 1294 2731 ψηφί-

375 2761 441 2781 σεως
464 2755 519 2776 τῶν
542 2745 697 2783 ἀναγκαίων
724 2746 990 2780 μεταρρυθμιστικῶν
1027 2743 1113 2777 νόμων
1147 2742 1225 2766 ἕνεκα
1249 2745 1295 2773 τῆς

377 2794 538 2826 δυσχερείας
572 2796 618 2825 τῆς
648 2790 823 2824 περατώσεως
853 2791 901 2812 τῶν
925 2785 1100 2820 συζητήσεων
1129 2785 1165 2815 εἰς
1190 2785 1220 2808 τὰ
1253 2792 1294 2807 νο-

1317 209 1445 242 μοθετικὰ
1466 208 1591 241 σώματα.
1625 206 1698 231 Ὅλα
1718 206 1785 231 αὐτὰ
1816 205 1846 227 τὰ
1874 202 2048 236 ἐλαττώματα
2065 210 2099 228 κ.
2126 201 2233 234 βουλευ-

1320 251 1370 280 ταί,
1385 251 1503 284 γίνονται
1523 249 1595 274 αἰτία
1609 249 1677 275 ὥστε
1699 249 1727 272 τὸ
1744 245 1999 272 Κοινοβουλευεικὸν
2023 243 2177 276 Πολίτευμα
2198 244 2234 271 εἰς

1319 293 1443 324 πλείστας
1460 292 1553 324 χώρας
1566 292 1596 320 νὰ
1615 290 1730 321 ἐκπίπτῃ
1753 289 1790 320 εἰς
1806 289 1853 319 τὴν
1868 286 2022 316 συνείδησιν
2036 288 2086 310 τῶν
2105 285 2191 315 λαῶν,
2211 285 2233 307 οἱ

1318 337 1409 360 ὁποῖοι
1427 335 1556 359 ἑκάστοτε
1577 334 1652 362 ἔχουν
1678 331 1725 357 ὑπ’
1739 332 1798 364 ὄψιν
1831 331 1917 355 αὐτῶν
1957 329 1988 354 τὰ
2011 327 2130 357 παρόντα
2162 328 2235 351 κακὰ

1319 382 1364 402 καὶ
1400 377 1549 411 λησμονοῦν
1578 376 1627 400 ὅσα
1649 375 1707 403 τοὺς
1741 372 1861 401 ἐδίδαξεν
1898 371 1914 404 ἡ
1931 374 2019 403 πεῖρα
2055 370 2102 393 καὶ
2135 369 2236 393 πολλά-

1319 430 1360 449 κις
1401 421 1442 446 διὰ
1461 420 1492 443 νὰ
1511 416 1671 444 ἀποσείσουν
1692 417 1722 441 τὰ
1742 415 1860 444 παρόντα
1874 415 1957 442 κακά,
1977 412 2161 446 μεταπίπτουν
2200 412 2236 441 εἰς

1319 461 1494 496 μεγαλείτερα
1536 462 1568 485 τὰ
1612 460 1694 485 ὁποῖα
1724 457 1883 487 ἐγνώρισαν,
1928 455 1992 481 ἀλλ’
2013 454 2157 487 ἐγνώρισαν
2185 454 2236 485 πρὸ

1321 505 1395 530 ἐτῶν.

1377 546 1459 573 Ἕνας
1475 546 1573 576 τρόπος
1598 544 1713 575 ὑπάρχει
1748 543 1792 567 διὰ
1812 543 1843 566 νὰ
1881 539 2072 572 ἀποφευχθοῦν
2113 540 2144 563 τὰ
2165 539 2236 562 κακὰ

1320 590 1387 612 αὐτὰ
1408 592 1456 613 τοῦ
1476 586 1733 612 Κοινοβουλευτικοῦ
1755 583 1957 613 Πολιτεύματος
1983 582 2029 607 καὶ
2043 581 2054 605 ὁ
2077 581 2174 609 τρόπος
2194 580 2240 604 αὐ-

1322 633 1363 659 τὸς
1382 631 1449 656 εἶναι
1472 631 1500 654 τὸ
1524 631 1550 654 νὰ
1572 628 1710 661 ὑπάρχουν
1745 626 1876 653 πολιτικοὶ
1905 624 2000 655 ἄνδρες
2023 623 2131 656 ἔχοντες
2153 622 2241 645 τοιαύ-

1323 683 1367 707 την
1389 672 1527 707 ἀντίληψιν
1562 674 1611 695 τῶν
1630 669 1806 698 καθηκόντων
1843 668 1889 692 καὶ
1908 659 1957 698 τῆς
1995 665 2152 695 ἀποστολῆς
2178 673 2239 694 των,

1323 716 1387 738 ὥστε
1407 716 1568 745 θεωροῦντες
1592 713 1638 744 τὴν
1657 712 1744 744 ἀρχὴν
1779 711 1819 742 ὡς
1847 708 1928 742 μέσον
1957 706 2240 739 πραγματοποιήσεως

1321 756 1495 791 ὑψηλοτέρων
1515 757 1632 783 σκοπῶν,
1655 755 1700 779 καὶ
1739 754 1784 786 ὄχι
1807 752 1841 780 ὡς
1862 752 1963 776 σκοπὸν
1985 751 2030 774 τὸν
2065 749 2159 774 ἑαυτόν
2181 757 2240 778 τους

1322 802 1353 825 νὰ
1367 801 1435 824 εἶναι
1458 800 1559 830 ἕτοιμοι
1591 799 1622 822 νὰ
1640 797 1687 829 τὴν
1719 794 1885 826 ἀπορρίψουν
1915 793 1957 818 βία
1996 796 2084 816 πᾶσαν
2126 792 2239 824 στιγμὴν

1323 842 1366 866 καὶ
1380 844 1411 867 νὰ
1430 842 1497 866 εἶναι
1517 838 1707 872 διατεθειμένοι
1728 838 1757 861 νὰ
1775 837 1810 869 μὴ
1834 835 1992 865 ἐπιδιώξουν
2006 835 2053 866 τὴν
2075 833 2239 865 κατάκτησίν

1324 894 1369 917 της
1388 886 1432 909 διὰ
1450 887 1497 916 τῆς
1517 881 1607 912 θυσίας
1639 889 1688 906 τῶν
1712 880 1854 904 πολιτικῶν
1872 887 1922 903 των
1960 879 2073 911 ἀρχῶν.
2093 876 2241 909 Ἰσχυρίζο-

1324 937 1380 958 μαι,
1398 936 1428 954 κ.
1443 924 1595 959 βουλευταί,
1594 925 1638 953 ὅτι
1650 924 1681 948 τὰ
1694 924 1766 950 κακὰ
1782 926 1826 945 τοῦ
1848 920 2118 952 κοινοβουλευτισμοῦ
2134 919 2175 941 δὲν
2194 927 2242 941 πα-

1325 973 1500 1001 ρατηροῦνται
1520 967 1636 998 σήμερον
1659 964 1722 993 παρ’
1739 964 1813 997 ἡμῖν,
1837 962 1884 994 ἀφ’
1911 962 1941 994 ἧς
1965 961 2118 990 εὑρίσκεται
2137 960 2173 990 εἰς
2195 960 2241 993 τὴν

1324 1012 1416 1043 ἀρχὴν
1434 1011 1447 1042 ἡ
1472 1012 1594 1042 παροῦσα
1617 1007 1791 1038 Κυβέρνησις,
1812 1006 1871 1030 οὔτε
1893 1005 1926 1034 εἰς
1945 1004 1974 1028 τὸ
1996 1002 2131 1032 παρελθόν
2150 1002 2241 1031 ὁσάκις

1328 1054 1399 1085 εἶχον
1417 1053 1465 1084 τὴν
1480 1052 1556 1085 τιμὴν
1573 1052 1602 1074 νὰ
1626 1049 1740 1082 ἡγοῦμαι
1761 1046 1950 1080 κυβερνήσεων
1974 1045 2080 1069 ἄλλων.
2120 1044 2190 1067 Αὐτὸ
2214 1044 2241 1065 τὸ

1325 1096 1417 1120 ὁποῖον
1440 1094 1588 1127 ὀνομάζουν
1609 1092 1632 1117 οἱ
1656 1089 1797 1115 ἀντίπαλοί
1831 1097 1879 1122 μου
1904 1088 2088 1122 αὐταρχισμὸν
2113 1086 2182 1110 εἶναι
2216 1086 2242 1109 ἀ-

1326 1137 1421 1169 κριβῶς
1439 1137 1502 1160 αὐτὸ
1521 1136 1548 1158 τὸ
1570 1135 1670 1161 ὁποῖον
1696 1132 1796 1163 νομίζω
1811 1132 1850 1156 ὅτι
1880 1133 2016 1162 μποροῦσε
2036 1132 2067 1154 νὰ
2089 1127 2240 1159 ἀποτελέσῃ

1330 1180 1373 1202 τὸν
1391 1177 1578 1212 μεγαλείτερον
1604 1177 1711 1200 ἔπαινον
1724 1179 1771 1205 τῆς
1791 1173 1933 1204 πολιτικῆς
1956 1179 2004 1204 μου
2025 1170 2242 1200 σταδιοδρομίας,

1327 1223 1366 1244 ὅτι
1401 1221 1475 1252 εἶμαι
1503 1220 1611 1250 ἰσχυρὸς
1634 1217 1811 1248 κυβερνήτης,
1842 1216 1880 1239 ὅτι
1896 1214 1968 1246 εἶμαι
1992 1213 2098 1246 ἀληθὴς
2116 1211 2243 1244 κυβερνή-

1326 1272 1370 1295 της,
1393 1263 1405 1286 ὁ
1442 1262 1535 1289 ὁποῖος
1569 1260 1649 1284 ἔλαβε
1676 1260 1723 1291 τὴν
1746 1257 1858 1288 ἐντολὴν
1891 1260 1936 1280 τοῦ
1971 1255 2039 1280 λαοῦ
2060 1256 2092 1281 νὰ
2113 1253 2245 1287 σχηματί-

1327 1314 1359 1337 σῃ
1380 1303 1553 1336 Κυβέρνησιν,
1591 1301 1658 1325 ἀλλὰ
1680 1301 1749 1324 εἶναι
1783 1300 1885 1329 ἕτοιμος
1916 1299 1947 1322 νὰ
1967 1295 2105 1328 καταθέσῃ
2126 1296 2174 1327 τὴν
2195 1296 2243 1327 ἀρ-

1326 1347 1380 1379 χὴν
1396 1346 1513 1369 ἐνώπιον
1537 1348 1587 1376 τῆς
1601 1343 1712 1373 πρώτης
1726 1343 1870 1371 δυσμενοῦς
1902 1339 1992 1371 ψήφου
2022 1340 2072 1369 τῆς
2084 1339 2245 1368 ἀντιπροσω-

1328 1388 1404 1417 πείας
1424 1390 1466 1412 τοῦ
1488 1387 1570 1413 λαοῦ.
1589 1385 1692 1411 Ἐννοεῖ
1712 1385 1780 1417 ὅμως,
1800 1384 1845 1414 ἐφ’
1860 1383 1921 1407 ὅσον
1944 1382 2012 1405 εἶναι
2032 1378 2198 1410 κυβερνήτης,
2213 1380 2243 1403 νὰ

1328 1429 1447 1461 διευθύνῃ
1475 1429 1555 1455 αὐτὸς
1576 1428 1623 1458 τὴς
1636 1426 1824 1458 πλειοψηφίαν
1836 1427 1890 1456 τῆς
1906 1422 2011 1453 Βουλῆς
2040 1422 2084 1446 καὶ
2102 1422 2148 1455 ὄχι
2162 1423 2193 1444 νὰ
2208 1421 2247 1444 δι-

1328 1471 1464 1495 ευθύνεται
1482 1469 1525 1495 ὑπ’
1542 1470 1639 1498 αὐτῆς.
1648 1468 1757 1493 Ἐννοεῖ
1781 1466 1870 1499 ἀκόμη
1890 1466 1936 1498 τὴν
1958 1464 2150 1495 ἐκτελεστικὴν
2173 1462 2247 1490 ἐξου-

1328 1514 1387 1550 μίαν
1410 1513 1441 1538 νὰ
1459 1513 1574 1544 διατηρῇ
1590 1510 1732 1539 ἐλευθέραν
1749 1510 1802 1534 ἀπὸ
1821 1509 1909 1541 πάσης
1928 1505 2061 1538 ἐκθέσμου
2082 1505 2245 1538 παρεμβάσε-

1328 1565 1362 1584 ως
1406 1555 1570 1583 ὅθενδήποτε
1590 1551 1803 1586 προερχομένης,
1820 1550 1911 1583 ἀκόμη,
1933 1550 1977 1573 διὰ
1993 1550 2025 1573 νὰ
2044 1548 2117 1580 εἶμαι
2139 1547 2248 1577 εἰλικρι-

1329 1598 1374 1629 νής
1388 1598 1431 1621 καὶ
1455 1597 1483 1621 ἐκ
1497 1595 1592 1629 μέρους
1613 1596 1698 1619 αὐτῶν
1714 1597 1766 1618 τῶν
1789 1591 1999 1624 ἀντιπροσώπων
2031 1593 2076 1613 τοῦ
2115 1589 2195 1614 λαοῦ.
2214 1588 2244 1611 Οἱ

1329 1638 1526 1671 ἀντιπρόσωποι
1557 1641 1601 1661 τοῦ
1631 1636 1697 1661 λαοῦ
1730 1636 1809 1668 ἔχουν
1837 1636 1884 1665 τὴν
1908 1632 2105 1663 εὐγενεστάτην
2134 1632 2245 1654 ἀποστο-

1329 1681 1380 1714 λὴν
1395 1682 1426 1706 νὰ
1456 1680 1547 1704 δίδουν
1585 1679 1621 1710 εἰς
1654 1679 1701 1707 τὴν
1730 1677 1820 1710 χώραν
1844 1675 2038 1704 Κυβερνήσεις.
2070 1672 2110 1698 Δι’
2125 1673 2209 1696 αὐτῶν
2233 1672 2245 1695 ὁ

1329 1724 1392 1751 λαὸς
1410 1722 1566 1751 ἀναβιβάζει
1585 1721 1631 1745 καὶ
1643 1719 1820 1747 καταβιβάζει
1844 1718 1883 1746 εἰς
1902 1717 1949 1748 τὴν
1972 1716 2060 1747 ἀρχὴν
2079 1716 2125 1744 τὰς
2146 1714 2249 1745 Κυβερ-

1330 1765 1433 1797 νήσεις.
1451 1763 1539 1788 Ἀλλὰ
1558 1763 1602 1788 δὲν
1624 1762 1761 1794 ἠμποροῦν
1782 1760 1806 1784 οἱ
1822 1758 2024 1791 ἀντιπρόσωποι
2048 1760 2098 1780 τοῦ
2123 1756 2188 1779 λαοῦ
2203 1756 2243 1781 πέ-

1331 1817 1378 1835 ραν
1405 1807 1493 1831 αὐτοῦ
1504 1807 1534 1830 νὰ
1558 1803 1648 1833 ἀξιοῦν
1671 1803 1747 1826 αὐτοὶ
1781 1802 1811 1827 νὰ
1830 1801 1976 1829 κυβερνοῦν
1995 1799 2009 1831 ἢ
2034 1799 2065 1824 νὰ
2095 1798 2173 1831 ἔχουν
2203 1807 2249 1824 κυ-

1330 1849 1459 1880 βερνήτην
1483 1845 1589 1877 ἀνάξιον
1605 1850 1652 1878 τῆς
1669 1844 1822 1874 ἀποστολῆς
1841 1852 1895 1869 του,
1915 1840 2022 1870 ἀνάξιον
2047 1840 2094 1864 καὶ
2126 1843 2172 1864 τοῦ
2191 1840 2248 1863 ὀνό-

1330 1891 1410 1923 ματός
1426 1899 1469 1914 του
1492 1890 1536 1914 καὶ
1558 1888 1704 1921 δεχόμενος
1725 1887 1802 1915 αὐτὸς
1819 1886 1850 1910 νὰ
1870 1884 1970 1912 γίνεται
1991 1883 2061 1912 ὅπως
2081 1883 2156 1907 εἶπον
2195 1883 2245 1913 πρὸ

1331 1933 1432 1965 ὀλίγου,
1452 1931 1561 1957 πίκολι.
1577 1930 1648 1954 Ἰδοὺ
1672 1928 1764 1953 λοιπὸν
1783 1930 1861 1952 ποῖον
1886 1926 1955 1950 εἶναι
1995 1926 2024 1950 τὸ
2043 1927 2155 1957 σημεῖον
2191 1925 2247 1947 δια-

1330 1975 1441 2006 φωνίας,
1453 1974 1540 2007 κύριοι
1569 1970 1719 2004 βουλευταί,
1739 1970 1770 2003 μὲ
1802 1970 1862 1999 τοὺς
1884 1968 2033 1999 ἀρχηγούς,
2071 1965 2245 1999 τοὐλάχιστόν

1329 2025 1403 2041 τινων
1421 2020 1473 2041 τῶν
1491 2015 1634 2048 κομμάτων
1652 2015 1697 2044 τῆς
1737 2010 1998 2039 ἀντιπολιτεύσεως.
2026 2008 2065 2033 Τὸ
2092 2008 2130 2032 ὅτι
2172 2007 2245 2039 εἶμαι

1329 2059 1493 2092 κυβερνήνης
1521 2057 1587 2082 καθ’
1602 2055 1667 2088 ὅλην
1696 2055 1743 2086 τὴν
1766 2054 1874 2078 ἔκτασιν
1891 2055 1937 2084 τῆς
1959 2049 2066 2079 λέξεως
2091 2049 2155 2073 αὐτὸ
2185 2049 2248 2072 θεω-

1329 2105 1411 2135 ρεῖται
1430 2101 1586 2132 ἁμάρτημα,
1611 2098 1675 2123 αὐτὸ
1694 2097 1835 2125 θεωρεῖται
1871 2092 2066 2126 ἀσυμβίβαστον
2104 2092 2169 2123 πρὸς
2200 2092 2245 2124 τὴν

1328 2144 1428 2167 ἔννοιαν
1453 2145 1496 2166 τοῦ
1511 2139 1788 2169 κοινοβουλευτισμοῦ,
1802 2138 1849 2161 καὶ
1877 2135 2013 2167 ἑπομένως
2041 2135 2071 2159 τὸ
2105 2135 2137 2158 νὰ
2176 2133 2244 2166 εἶμαι

1328 2186 1389 2214 ἕνας
1410 2185 1551 2217 ἄνθρωπος,
1566 2182 1577 2208 ὁ
1596 2182 1687 2211 ὁποῖος,
1711 2182 1778 2209 ἔχων
1801 2181 1849 2211 τὴν
1862 2177 2058 2209 ἐμπιστοσύνην
2080 2179 2128 2210 τῆς
2146 2175 2246 2209 χώρας,

1327 2234 1395 2265 ἔχων
1417 2232 1465 2263 τὴν
1482 2228 1678 2263 ἐμπιστοσύνην
1701 2230 1745 2250 τοῦ
1768 2225 1964 2251 Κοινοβουλίου,
1987 2224 2013 2248 ἐν
2031 2226 2068 2246 οῶ
2108 2223 2139 2246 νὰ
2173 2223 2246 2246 ἀσκῶ

1327 2275 1371 2307 τὴν
1394 2274 1484 2307 ἀρχήν
1506 2272 1651 2304 δεχόμενος
1666 2268 1812 2300 ἐλευθέρως
1831 2273 1918 2293 πᾶσαν
1957 2267 2104 2298 συζήτησιν
2141 2264 2248 2297 ἕτοιμος

1327 2319 1359 2342 νὰ
1381 2313 1538 2343 ἀνταλλάξω
1559 2313 1669 2344 σκέψεις
1688 2313 1719 2343 μὲ
1738 2311 1805 2336 κάθε
1821 2311 1893 2340 ἕναν,
1919 2309 2024 2342 ἕτοιμος
2042 2309 2072 2332 νὰ
2091 2305 2249 2338 προσπαθή-

1327 2369 1362 2384 σω
1384 2361 1413 2383 νὰ
1432 2357 1541 2385 πείσω
1559 2357 1603 2381 ἐὰν
1632 2355 1699 2380 εἶναι
1720 2353 1831 2378 δυνατὸν
1862 2354 1894 2378 νὰ
1938 2348 2097 2385 μεταβάλω
2130 2348 2248 2380 γνώμην,

1327 2401 1395 2428 ἀλλὰ
1420 2402 1464 2426 καὶ
1484 2397 1706 2430 ἀποφασισμένος
1732 2395 1780 2429 ἐφ'
1789 2396 1851 2421 ὃσον
1868 2395 1911 2419 δὲν
1927 2391 2115 2425 μεταπεισθῶ,
2132 2391 2163 2417 νὰ
2192 2390 2246 2414 ἐπι-

1326 2444 1415 2470 βάλλω
1438 2443 1482 2471 τὰς
1506 2440 1592 2471 ἰδικάς
1612 2449 1660 2471 μου
1692 2438 1858 2469 ἀντιλήψεις,
1896 2437 1959 2461 αὐτὸ
1994 2435 2064 2458 κατὰ
2087 2433 2148 2465 τοὺς
2181 2434 2247 2455 ἀντι-

1328 2486 1429 2514 πάλους
1450 2494 1499 2517 μου
1532 2482 1659 2508 ἀποτελεῖ
1702 2482 1750 2507 τὸν
1778 2477 1964 2511 αὐταρχισμόν,
2000 2477 2046 2500 καὶ
2087 2476 2151 2500 αὐτὸ
2188 2473 2248 2500 κατ’

1327 2529 1371 2561 ἐμὲ
1392 2526 1520 2551 ἀποτελεῖ
1544 2526 1573 2550 τὸ
1604 2523 1867 2552 κοινοβουλευτικὸν
1882 2520 2044 2552 πολίτευμα,
2080 2519 2132 2542 ἀπὸ
2163 2518 2191 2541 τὸ
2222 2517 2250 2542 ὁ-

1328 2575 1403 2595 ποῖον
1423 2568 1489 2594 κάθε
1513 2567 1678 2597 παρέκλυσις
1694 2565 1820 2589 ἀποτελεῖ
1842 2563 1968 2588 νόθευσιν
1987 2564 2033 2586 τοῦ
2064 2559 2252 2587 κοινοβουλευ-

1328 2616 1398 2636 τικοῦ
1416 2610 1622 2639 πολιτεύματος.

1385 2653 1450 2678 Ἐὰν
1467 2651 1580 2680 λείψουν
1598 2654 1712 2675 τοιοῦτοι
1729 2649 1846 2681 ἀρχηγοὶ
1884 2646 2083 2678 Κυβερνήσεων
2115 2645 2143 2668 τὸ
2173 2643 2249 2666 πολί-

1327 2706 1407 2729 τευμα
1430 2696 1462 2720 θὰ
1479 2694 1582 2727 ἐκπέσῃ
1610 2694 1644 2722 εἰς
1664 2693 1710 2726 τὴν
1724 2692 1819 2725 κοινὴν
1839 2688 1990 2722 συνείδησιν
2014 2688 2061 2714 καὶ
2077 2687 2109 2712 θὰ
2133 2687 2246 2718 ἀνοιχθῇ

1328 2740 1343 2772 ἡ
1366 2739 1426 2768 ὁδὸς
1449 2738 1514 2768 πρὸς
1536 2737 1583 2768 τὴν
1607 2733 1778 2767 δικτατορίαν
1793 2734 1881 2766 ὅπως
1889 2728 2010 2765 ἠνοίχθη
2037 2730 2084 2754 καὶ
2112 2730 2182 2754 κατὰ
2201 2728 2247 2757 τὴν

1328 2780 1456 2812 ἐπιβολὴν
1479 2782 1524 2812 τῆς
1543 2776 1716 2808 δικτατορίας
1735 2778 1781 2800 τοῦ
1804 2773 1892 2810 1926.
1921 2775 1969 2798 Διὰ
1990 2775 2022 2797 νὰ
2056 2773 2093 2806 μὴ
2122 2769 2248 2806 θεωρηθῇ
