2468 3500
38 252 166 298 ἐκάματε
195 249 248 287 τὴν
277 247 387 294 μάχην,
416 246 495 286 κατὰ
523 247 590 282 τῆς
606 244 910 289 ἀναπροσαρμογῆς,
933 243 988 282 τὴν
1006 243 1082 285 ἐκά-

32 309 108 349 ματε
123 296 161 339 μὲ
182 294 235 332 τὴν
244 292 359 332 ἐλπίδα
374 292 423 321 ὅτι
445 291 496 328 δὲν
515 291 557 321 θὰ
577 290 750 328 ἐκάμναμεν
767 290 821 328 τὴν
844 291 1095 343 ἀναπροσαρμο-

40 344 99 385 γὴν
118 341 166 372 διὰ
189 340 225 375 νὰ
239 338 287 378 μὴ
310 338 419 383 σταθῇ
427 337 444 375 ἡ
469 336 696 373 Κυβέρνησις.

114 401 304 445 Ἀκούσατε
323 399 406 437 τώρα
433 399 486 436 τὰς
514 397 682 437 μεταβολὰς
710 396 919 442 προσωπικοῦ
935 399 994 439 570
1024 397 1100 435 βιο-

34 448 210 506 μηχανικῶν
232 445 488 493 ἐπιχειρήσεων.
504 442 807 500 (Ἀναγινώσκει).

142 1946 220 1993 Ἐνῷ
244 1945 347 1975 λοιπὸν
366 1944 429 1985 ἀπὸ
454 1943 652 1987 Ἰανουαρίου
677 1946 770 1987 1952,
794 1944 808 1974 ὁ
834 1942 964 1980 ἀριθμὸς
990 1943 1047 1972 τῶν
1073 1942 1100 1970 ἀ-

52 1999 249 2042 πολυομένων
278 1998 358 2028 κατὰ
384 1999 468 2035 μῆνα
498 1998 640 2036 ἐργατῶν
671 1997 867 2041 ὑπερέβαινε
885 1996 936 2025 τὸν
969 1995 1099 2033 ἀριθμὸν

54 2054 114 2098 τῶν
131 2052 495 2107 προσλαμβανομένων,
500 2051 557 2080 ἀπὸ
583 2053 636 2080 τοῦ
661 2050 869 2087 παρελθόντος
895 2050 1026 2095 Ἰουλίου
1053 2061 1115 2087 ση-

60 2109 198 2146 μειοῦται
219 2106 251 2140 τὸ
278 2106 486 2150 ἀντίστροφον
514 2105 645 2145 ρεῦμα.

148 2157 316 2210 Ἔρχομαι
315 2167 384 2206 ἤδη
408 2168 449 2202 εἰς
475 2166 527 2206 τὴν
548 2166 731 2206 Γεωργικὴν
752 2165 978 2217 παραγωγήν.

206 2255 363 2301 ΣΧΕΔΙΑ
387 2255 644 2295 ΓΕΩΡΓΙΚΗΣ
673 2247 975 2296 ΠΑΡΑΓΩΓΗΣ

148 2344 258 2391 Καίτοι
276 2345 290 2374 ὁ
310 2345 351 2382 ἐκ
365 2346 417 2382 τῆς
440 2345 727 2396 ἀναπροσαρμογῆς
750 2344 932 2379 ἀντίκτυπος
954 2343 1030 2372 εἶναι
1053 2354 1118 2384 φυ-

64 2387 146 2428 σικὸν
165 2399 211 2443 νὰ
221 2398 391 2446 ἐκδηλωθῇ,
408 2397 612 2440 προκειμένου
629 2397 702 2437 περὶ
721 2397 903 2445 γεωργικῶν
923 2395 1115 2441 προϊόντων,

65 2452 145 2481 κατὰ
154 2452 192 2492 τὸ
210 2452 385 2490 ἀρξάμενον
401 2451 661 2497 καλλιεργητικὸν
680 2450 756 2494 ἔτος,
778 2451 816 2497 ἐν
827 2450 948 2499 τούτοις
966 2450 1039 2493 δίδω
1061 2448 1118 2487 με-

64 2506 179 2554 ρικοὺς
183 2505 394 2542 ἐνδεικτικοὺς
418 2505 569 2542 ἀριθμοὺς
593 2505 643 2533 διὰ
665 2504 695 2533 τὸ
718 2508 834 2545 1953.

151 2567 186 2595 Ὁ
209 2563 304 2606 ὄγκος
329 2568 381 2605 τῆς
406 2569 599 2605 παραγωγῆς
623 2568 680 2596 τῶν
704 2567 902 2604 κυριωτέρων
926 2563 1133 2608 γεωργικῶν

64 2612 232 2648 προϊόντων
255 2624 322 2649 μας,
370 2613 407 2642 τὰ
431 2613 521 2651 ὁποῖα
547 2611 837 2648 ἀντιπροσωπεύουν
861 2611 893 2641 τὸ
921 2611 1030 2646 80ο)ο
1052 2612 1108 2647 τοῦ

69 2658 193 2699 συνόλου
221 2658 277 2703 ἀπὸ
303 2661 336 2697 4
349 2657 566 2695 ἑκατομμύρια
589 2657 714 2693 τόννους
730 2657 773 2693 τὸ
802 2659 883 2700 1952
912 2655 1039 2701 ηὐξήθη
1066 2656 1117 2701 εἰς

56 2699 233 2742 5.281.000
254 2702 403 2744 τόννους
431 2702 530 2746 κατὰ
536 2701 575 2738 τὸ
605 2705 715 2742 1953.
715 2702 832 2731 Ὅσον
861 2702 968 2751 ἀφορᾷ
995 2701 1027 2743 δὲ
1055 2700 1123 2739 τὴν

68 2748 156 2782 ἀξίαν
181 2749 232 2785 τῆς
259 2749 434 2785 γεωργικῆς
458 2748 665 2790 παραγωγῆς,
687 2746 926 2785 ἐκφραζομένην
949 2746 992 2790 εἰς
1019 2747 1118 2790 δραχ-

67 2793 120 2831 μὰς
146 2795 196 2832 τοῦ
222 2796 327 2836 1948,
336 2791 397 2830 ἀπὸ
423 2792 551 2838 27.634
557 2792 781 2841 ἑκατομμύρια
801 2792 832 2830 τὸ
855 2794 964 2838 1952,
978 2791 1128 2842 ἀνῆλθεν

69 2839 107 2873 εἰς
132 2841 259 2876 37.551
276 2837 488 2876 ἑκατομμύρια
509 2838 592 2873 κατὰ
617 2837 648 2877 τὸ
675 2840 780 2877 1953.
794 2838 894 2882 Τοῦτο
921 2837 1126 2873 ἀντιπροσω-

63 2883 162 2924 πεύει
171 2883 240 2922 μίαν
251 2883 372 2927 μέσην
383 2883 516 2927 αὔξησιν
539 2882 699 2918 36,2ο)ο.

154 2945 203 2985 Ἐν
228 2945 328 2992 σχέσει
353 2945 436 2981 τέλος
446 2945 492 2983 μὲ
515 2944 567 2984 τὰς
591 2945 669 2973 κατὰ
691 2944 784 2990 μέρος
807 2945 895 2993 τιμὰς
921 2946 978 2982 τῶν
1004 2943 1125 2993 διαφό-

72 3002 128 3038 ρων
154 2992 324 3039 ἀγροτικῶν
348 2990 542 3028 προϊόντων,
552 2990 569 3028 ἡ
596 2990 756 3032 Ἑλληνικὴ
781 2990 934 3036 ὕπαιθρος
959 2989 1118 3031 ἀπέκτησε

63 3033 160 3083 σαφῆ
183 3036 356 3075 συνείδησιν
386 3038 437 3072 τοῦ
463 3035 488 3072 τί
519 3035 677 3079 ἐκέρδισεν
693 3035 783 3075 ἀπὸ
791 3035 846 3075 τὴν
874 3036 1115 3071 ἀναπροσαρμο-

74 3082 155 3123 γήν.
161 3080 357 3119 Ὁκαπνός,
366 3082 383 3119 ὁ
409 3082 499 3117 σῖτος,
521 3081 535 3110 ὁ
559 3080 692 3118 βάμβαξ,
708 3080 734 3118 ἡ
759 3080 881 3117 σταφίς,
904 3079 936 3109 τὸ
959 3079 1081 3121 ἔλαιον,
1094 3078 1118 3123 ἡ

70 3126 173 3173 ὄρυζα,
192 3125 312 3165 δηλαδὴ
333 3112 372 3164 οἱ
384 3126 490 3169 στῦλοι
508 3127 559 3166 τῆς
582 3126 757 3172 γεωργικῆς
769 3133 836 3175 μας
860 3125 1053 3161 παραγωγῆς
1076 3124 1118 3160 εἶ-

71 3172 121 3199 δον
152 3171 206 3217 τὰς
233 3170 336 3215 τιμάς
349 3175 408 3213 των
437 3171 491 3211 νὰ
505 3171 662 3218 αὐξάνουν
683 3171 771 3212 κατὰ
794 3170 964 3214 ποσοστὸν
983 3169 1122 3207 περίπου

72 3216 209 3252 50ο)ο.
222 3216 427 3254 Εἰδικώτερον
454 3217 483 3245 αἱ
507 3216 598 3253 μέσαι
624 3215 798 3253 σταθμικαὶ
813 3215 896 3253 τιμαὶ
923 3214 1119 3251 συγκεντρώ-

69 3274 148 3310 σεως
166 3261 225 3302 καὶ
244 3260 409 3310 ἐλευθέρας
436 3262 568 3307 ἀγορᾶς
579 3254 692 3303 εἶναι:

1250 898 1298 942 Κ.
1314 887 1654 942 ΜΗΤΣΟΤΑΚΗΣ.
1664 896 1739 935 Δὲν
1745 893 1844 938 εἶναι
1853 894 2003 944 ἀκριβεῖς
2036 894 2064 924 οἱ
2089 888 2243 942 ἀριθμοὶ

1164 944 1271 988 αὐτοί.

1254 1005 1303 1042 Σ.
1313 991 1614 1045 ΜΑΡΚΕΖΙΝΗΣ
1639 990 1749 1045 (Ὑπ.
1760 991 1939 1044 Συντον.).
1953 1001 2021 1041 Νὰ
2035 1000 2116 1041 τοὺς
2128 1000 2240 1037 ἀμφι-

1169 1051 1354 1098 σβητήσετε.
1369 1050 1573 1094 Εὑρίσκομαι,
1590 1047 1698 1086 κύριοι
1721 1048 1772 1084 εἰς
1786 1047 1819 1077 τὸ
1842 1047 1934 1084 βῆμα,
1954 1046 2006 1077 διὰ
2029 1045 2064 1075 νὰ
2086 1045 2140 1079 σᾶς
2163 1044 2230 1086 δώ-

1169 1107 1210 1137 σω
1234 1094 1375 1138 ψευδεῖς
1386 1095 1569 1137 ἀριθμούς:
1585 1094 1835 1130 Σοβαρολογεῖτε
1861 1090 1996 1136 λοιπόν;
2015 1091 2160 1134 (Φωναί,
2170 1090 2230 1129 θό-

1170 1142 1272 1186 ρυβος,
1303 1140 1633 1179 κωδωνοκρουσίαι).
1645 1138 1829 1178 Ἔρχομαι
1834 1137 1914 1176 ἤδη
1927 1137 1987 1179 εἰς
1999 1136 2053 1175 τὴν
2082 1129 2233 1190 ἐξέλιξιν

1171 1190 1218 1231 τοῦ
1242 1186 1410 1229 ἐμπορικοῦ
1433 1185 1594 1230 ἰσοζυγίου
1617 1184 1821 1237 πληρωμῶν.
1830 1180 2129 1230 (Ἀναγινώσκει).

1250 1260 1451 1335 ΕΞΕΛΙΞΙΣ
1460 1258 1770 1320 ΕΜΠΟΡΙΚΟΥ
1779 1262 2044 1321 ΙΣΟΖΥΓΙΟΥ
2057 1260 2161 1324 ΚΑΙ

1418 1343 1680 1385 ΙΣΟΖΥΓΙΟΥ
1681 1323 1975 1387 ΠΛΗΡΩΜΩΝ

1257 1441 1295 1475 1.
1304 1436 1416 1481 Κατὰ
1423 1436 1455 1475 τὸ
1482 1439 1621 1474 10μηνον
1646 1432 1710 1465 τοῦ
1726 1430 1824 1475 1952
1841 1430 1939 1478 (Ἰαν.
1937 1446 1987 1467 -
1976 1426 2091 1477 Ὀκτ.)
2121 1431 2151 1471 τὸ
2170 1431 2233 1469 ἔλ-

1169 1483 1284 1526 λειμμα
1294 1482 1356 1520 τοῦ
1362 1476 1551 1529 ἐμπορικοῦ
1558 1480 1718 1518 ἰσοζυγίου
1739 1480 1872 1519 ἀνῆλθεν
1893 1480 1953 1515 εἰς
1957 1479 2103 1522 δολλάρια
2126 1473 2239 1523 156,9

1170 1528 1308 1572 ἑκατομ.
1318 1527 1364 1567 Τὸ
1381 1526 1536 1565 ἔλλειμμα
1558 1528 1647 1558 τοῦτο
1668 1526 1883 1563 περιορίζεται
1900 1524 1988 1561 κατὰ
2004 1524 2046 1563 τὸ
2069 1523 2225 1567 ἀντίστοι-

1170 1584 1222 1619 χον
1247 1574 1392 1611 10μηνον
1406 1574 1465 1608 τοῦ
1482 1574 1562 1614 1953
1588 1572 1642 1607 εἰς
1651 1569 1800 1608 δολλάρια
1825 1573 1917 1605 103,5
1942 1569 2087 1624 ἑκατομ.,
2102 1561 2237 1616 δηλαδὴ

1171 1618 1333 1672 ἐπέρχεται
1340 1617 1519 1665 βελτίωσις
1528 1616 1622 1662 κατὰ
1631 1616 1720 1667 δολλ.
1734 1612 1816 1651 53,4
1830 1615 1969 1659 ἑκατομ.

1259 1684 1299 1719 2.
1308 1680 1352 1724 Τὸ
1363 1678 1524 1718 ἔλλειμμα
1536 1676 1603 1718 τοῦ
1610 1672 1793 1716 ἐμπορικοῦ
1800 1677 1959 1726 ἰσοζυγίου
1969 1676 2072 1725 μετὰ
2077 1676 2130 1716 τὴν
2153 1675 2237 1721 ἀνα-

1173 1725 1418 1770 προσαρμογήν,
1428 1725 1548 1763 δηλαδὴ
1572 1724 1629 1753 ἀπὸ
1652 1725 1708 1754 τοῦ
1730 1723 1893 1762 Ἀπριλίου
1916 1722 2018 1771 μέχρι
2027 1722 2099 1763 τοῦ
2104 1718 2232 1763 Ὀκτω-

1172 1769 1266 1809 βρίου
1278 1764 1381 1799 1953
1393 1770 1528 1808 ἀνἡλθεν
1554 1769 1596 1805 εἰς
1624 1769 1719 1804 δολλ.
1734 1771 1804 1804 78,2
1825 1768 1971 1806 ἑκατομ.
1973 1767 2089 1796 ἔναντι
2103 1764 2238 1806 ἐλλείμ-

1170 1819 1276 1859 ματος
1289 1817 1321 1845 ἐκ
1347 1816 1445 1854 δολλ.
1453 1810 1559 1858 120,7
1574 1815 1711 1863 ἑκατομ.
1727 1815 1786 1844 τοῦ
1806 1811 2002 1851 ἀντιστοίχου
2023 1806 2144 1850 7μήνου
2171 1808 2238 1854 τοῦ

1168 1861 1267 1909 ἔτους
1281 1864 1384 1900 1952,
1393 1860 1465 1898 ἤτοι
1488 1860 1507 1898 ἡ
1532 1860 1691 1896 βελτίωσις
1715 1861 1769 1889 τοῦ
1790 1855 1961 1896 ἐμπορικοῦ
1983 1869 2041 1895 μας
2065 1857 2221 1894 ἰσοζυγίου

1172 1907 1256 1945 μετὰ
1272 1907 1334 1945 τὴν
1353 1905 1660 1952 ἀναπροσαρμογὴν
1671 1904 1848 1947 ἀνέρχεται
1860 1906 1915 1946 εἰς
1930 1904 2027 1951 δολλ.
2037 1905 2124 1944 42,4
2136 1902 2240 1942 ἑκατ.

1259 1977 1296 2009 3.
1310 1972 1518 2017 Εἰδικώτερον
1540 1972 1793 2019 ὑποσημειοῦται
1804 1972 1854 2011 ὅτι
1871 1970 1905 2009 τὸ
1928 1971 2017 2000 κατὰ
2028 1970 2083 2008 τὴν
2108 1967 2232 2015 7μηνον

1171 2019 1255 2069 μετὰ
1270 2018 1325 2057 τὴν
1350 2017 1640 2068 ἀναπροσαρμογὴν
1666 2016 1818 2060 περίοδον
1837 2016 1868 2051 αἱ
1892 2015 2066 2059 πληρωμαὶ
2080 2013 2125 2048 δι’
2136 2015 2239 2057 εἰσα-

1174 2064 1286 2111 γωγὰς
1300 2063 1548 2112 περιορίζονται
1561 2064 1617 2103 εἰς
1627 2063 1732 2102 δολλ.
1736 2056 1843 2106 140,7
1860 2061 1999 2100 ἑκατομ.
2001 2060 2128 2102 ἔναντι
2143 2055 2236 2098 δολλ.

1174 2114 1277 2157 171,1
1291 2109 1425 2147 ἑκατομ.
1438 2110 1506 2151 τῆς
1518 2107 1714 2151 ἀντιστοίχου
1734 2107 1885 2145 περιόδου
1911 2105 1973 2136 τοῦ
1987 2105 2233 2148 προηγουμένου

1168 2151 1272 2196 ἔτους
1284 2176 1327 2177 ‒
1351 2155 1486 2200 μείωσις
1496 2153 1594 2195 κατὰ
1604 2154 1703 2193 δολλ.
1717 2145 1802 2198 30,4
1815 2152 1965 2190 ἑκατομ.
1968 2167 2011 2172 ‒
2026 2148 2109 2193 ἐνῷ
2119 2151 2241 2184 ταὐτο-

1174 2201 1292 2247 χρόνως
1325 2201 1355 2229 αἱ
1385 2198 1547 2240 ἐξαγωγαὶ
1581 2198 1773 2237 αὐξάνονται
1806 2199 1846 2232 εἰς
1879 2198 1975 2233 δολλ.
1995 2199 2079 2233 62,5
2100 2196 2237 2240 ἑκατομ.

1174 2246 1286 2292 ἔναντι
1295 2246 1384 2282 δολλ.
1395 2241 1478 2291 50,4
1486 2244 1621 2287 ἑκατομ.
1625 2244 1702 2282 τοῦ
1706 2243 1899 2286 ἀντιστοίχου
1921 2242 2040 2280 7μήνου
2059 2239 2122 2281 τοῦ
2132 2252 2241 2279 προη-

1174 2290 1338 2336 γουμένου
1355 2286 1469 2334 ἔτους,
1481 2285 1572 2328 ἤτοι
1587 2288 1782 2334 σημειοῦται
1799 2288 1942 2333 αὔξησις
1957 2288 2036 2324 τῶν
2049 2284 2247 2326 ἐξαγωγῶν

1175 2337 1266 2378 κατὰ
1278 2336 1374 2376 δολλ.
1388 2339 1470 2377 12,1
1490 2335 1631 2382 ἑκατομ.
1633 2329 1729 2379 Ἂς
1738 2330 1909 2372 σημειωθῇ
1923 2333 1980 2372 ὅτι
1996 2333 2036 2370 οἱ
2048 2329 2164 2374 μῆνες
2163 2333 2239 2378 τῆς

1173 2381 1508 2426 πραγματοποιήσεως
1527 2381 1595 2421 τῆς
1614 2378 1888 2418 σημαντικωτέρας
1912 2378 2058 2426 εἰσροῆς
2068 2375 2239 2421 ἐξαγωγι-

1173 2427 1241 2466 κοῦ
1256 2426 1521 2472 συναλλάγματος
1535 2425 1690 2472 ἀρχίζουν
1707 2424 1769 2463 τὸν
1784 2423 1984 2461 Ὀκτώβριον
2008 2422 2059 2462 καὶ
2077 2423 2239 2463 φθάνουν

1174 2473 1231 2518 εἰς
1246 2472 1302 2512 τὸν
1325 2471 1485 2509 Μάρτιον.
1510 2471 1624 2512 Τοῦτο
1638 2469 1822 2508 προκύπτει
1833 2469 1909 2508 ἀπὸ
1912 2469 1975 2506 τὰ
1989 2465 2153 2505 δεδομένα
2166 2467 2237 2506 τῶν

1176 2512 1419 2555 προηγουμένων
1445 2517 1536 2552 ἐτῶν.
1556 2516 1620 2558 Εἰς
1636 2515 1707 2551 τοὺς
1734 2514 1879 2556 ἀνωτέρω
1906 2513 2068 2551 ἀριθμοὺς
2085 2513 2239 2555 περιλαμ-

1178 2563 1307 2609 βάνεται
1324 2562 1419 2611 μόνον
1442 2561 1483 2606 εἷς
1506 2561 1575 2603 μὴν
1579 2560 1708 2603 μόνον,
1721 2560 1753 2590 ὁ
1765 2559 1971 2596 Ὀκτώβριος,
1999 2559 2040 2593 ἐκ
2055 2560 2121 2599 τῆς
2133 2569 2236 2606 χειμε-

1179 2609 1272 2653 ρινῆς
1291 2607 1447 2644 περιόδου,
1477 2608 1542 2648 τῆς
1560 2603 1754 2652 ηὐξημένης
1771 2604 1903 2643 δηλαδὴ
1920 2605 2059 2646 εἰσροῆς
2070 2600 2239 2646 ἐξαγωγι-

1179 2653 1241 2696 κοῦ
1253 2652 1523 2698 συναλλάγματος.
1540 2651 1648 2690 Κατὰ
1652 2650 1702 2689 τὸν
1722 2650 1878 2698 λήξαντα
1885 2649 2088 2691 Ὀκτώβριον
2102 2648 2148 2681 τὸ
2157 2649 2241 2687 ἀπο-

1179 2698 1298 2739 κτηθὲν
1312 2696 1524 2745 ἐξαγωγικὸν
1534 2696 1751 2734 συνάλλαγμα
1759 2695 1899 2738 ἀνῆλθεν
1915 2695 1969 2737 εἰς
1981 2694 2073 2735 δολλ.
2082 2697 2130 2733 18
2142 2694 2243 2734 ἑκατ.

1177 2742 1290 2781 ἔναντι
1294 2743 1388 2780 δολλ.
1402 2745 1484 2777 10,3
1497 2741 1590 2779 ἑκατ.
1603 2743 1666 2780 τοῦ
1678 2740 1880 2787 Ὀκτωβρίου
1894 2739 2121 2778 παρελθόντος
2129 2738 2237 2781 ἔτους,

1180 2788 1254 2839 ἤτοι
1268 2788 1456 2833 ἐσημείωσεν
1481 2787 1614 2833 αὔξησιν
1639 2785 1771 2824 80ο)ο
1784 2785 1936 2831 περίπου.
1950 2784 1991 2822 Ἡ
2015 2783 2145 2827 εἴσοδος
2157 2784 2239 2823 ὅθεν

1180 2833 1246 2877 τοῦ
1251 2827 1450 2880 ἐξαγωγικοῦ
1476 2831 1754 2877 συναλλάγματος,
1764 2832 1793 2869 ἡ
1808 2830 1909 2859 ὁποία
1924 2830 1984 2872 καὶ
1997 2829 2051 2868 θὰ
2061 2821 2247 2866 παρουσιά-

1182 2891 1228 2927 σῃ
1243 2878 1453 2922 πληρέστερον
1480 2877 1530 2922 τὰ
1543 2877 1690 2922 εὐνοϊκὰ
1696 2875 1924 2918 ἀποτελέσματα
1951 2875 2018 2920 τῆς
2031 2875 2227 2918 ἀναπροσαρ-

1179 2925 1297 2965 μογῆς,
1314 2923 1367 2959 θὰ
1384 2923 1544 2969 ἐκδηλωθῇ
1571 2922 1623 2961 καὶ
1652 2921 1732 2960 κατὰ
1759 2920 1829 2955 τοὺς
1859 2921 2021 2957 προσεχεῖς
2051 2922 2088 2955 5
2120 2917 2242 2958 μῆνας.

1180 2969 1335 3013 Συνεπῶς
1345 2968 1410 3006 καὶ
1421 2968 1458 3007 ἡ
1467 2967 1643 3010 βελτίωσις
1654 2968 1707 3005 τοῦ
1732 2963 1915 3006 ἐμπορικοῦ
1923 2976 1998 3012 μας
2003 2964 2163 3007 ἰσοζυγίου
2188 2964 2239 3002 θὰ

1180 3014 1263 3055 εἶναι
1271 3011 1332 3052 ἔτι
1342 3013 1547 3060 ἐντονωτέρα
1542 3012 1635 3050 κατὰ
1656 3012 1726 3048 τοὺς
1747 3012 1909 3055 προσεχεῖς
1927 3012 2060 3060 μῆνας.

1254 3073 1310 3120 4.
1323 3069 1467 3121 Ἰσχυρὰ
1479 3075 1706 3117 διαπιστοῦται
1718 3067 1746 3112 ἡ
1763 3072 1946 3116 βελτίωσις,
1962 3072 2035 3112 ἀπὸ
2046 3073 2105 3114 τῆς
2125 3071 2236 3112 συναλ-

1175 3122 1372 3170 λαγματικῆς
1397 3121 1695 3165 ἀναπροσαρμογῆς
1712 3118 1779 3157 καὶ
1793 3118 1964 3156 ἐντεῦθεν,
1975 3118 2032 3156 εἰς
2054 3117 2110 3157 τὴν
2140 3116 2243 3160 ἐξέλι-

1182 3168 1241 3207 ξιν
1256 3168 1315 3196 τῶν
1337 3166 1464 3217 ἀδήλων
1485 3165 1598 3210 πόρων
1618 3164 1686 3200 καὶ
1701 3156 1893 3203 πληρωμῶν.
1931 3162 1979 3192 Οἱ
2006 3163 2114 3201 ἄδηλοι
2141 3158 2244 3206 πόροι

1183 3213 1316 3262 ἀνῆλθον
1345 3211 1518 3253 συνολικῶς
1539 3211 1605 3250 ἀπὸ
1627 3210 1689 3245 τοῦ
1709 3208 1884 3255 Ἀπριλίου
1893 3208 2003 3254 μέχρι
2016 3207 2069 3245 καὶ
2096 3209 2163 3248 τοῦ
2171 3206 2239 3248 Ὀ-

1175 3251 1335 3305 κτωβρίου
1371 3260 1465 3297 1953
1484 3257 1549 3299 εἰς
1563 3256 1655 3299 δολλ.
1680 3253 1761 3297 79,9
1785 3256 1877 3292 ἑκατ.
1898 3253 2015 3292 ἔναντι
2030 3248 2126 3305 54,7
2143 3252 2245 3293 ἑκατ.
