2504 3500
81 201 179 240 σμοῦ.
191 200 252 230 Καὶ
278 197 355 230 οὕτω
384 202 573 241 σκεπτομένη
598 204 617 242 ἡ
642 204 842 244 Κυβέρνησις
867 209 921 237 τοῦ
946 207 1140 252 Ἑλληνικοῦ

74 246 291 283 Συναγερμοῦ,
314 245 372 290 ὄχι
388 246 480 283 μόνον
506 248 557 287 δὲν
583 249 787 293 ἀπέκρυψεν,
797 252 873 291 ἀλλὰ
892 253 974 290 κατὰ
998 253 1050 281 τὸν
1071 265 1132 290 κα-

72 290 409 334 τηγορηματικώτερον
442 292 553 329 τρόπον
583 294 687 324 πάντα
712 296 847 326 ἐτόνισεν
876 297 922 327 ὅτι
950 297 1021 340 ἦτο,
1044 298 1129 335 εἶναι

77 336 127 366 καὶ
152 336 194 366 θὰ
220 336 394 374 παραμείνῃ
420 337 455 366 τὸ
481 339 605 372 πρῶτον
632 340 819 379 ἐνδιαφέρον
846 353 901 381 της
929 343 945 381 ἡ
974 343 1131 382 εὐημερία

74 383 134 411 τῶν
160 382 303 419 ἀγροτῶν
328 382 381 420 τῆς
407 382 573 420 Ἑλλάδος.
589 384 697 423 Αὐτὴν
722 387 858 423 ἀκριβῶς
885 388 939 427 τὴν
964 388 1055 424 τάξιν
1080 390 1120 424 εἰς

76 427 129 465 τὴν
152 426 261 456 ὁποίαν
285 427 343 464 ἐνῷ
367 427 399 457 τὸ
424 428 542 464 Ἔθνος
567 430 687 464 ὀφείλει
703 431 755 468 ὄχι
779 432 872 470 μόνον
896 433 952 472 τὴν
977 434 1126 472 διατήρη-

75 484 125 509 σιν
145 473 197 509 τῆς
220 472 364 508 ἑνότητός
387 484 448 510 του
461 473 538 506 ἀλλὰ
557 475 610 505 καὶ
630 475 685 514 τὴν
707 477 878 507 ἀνανέωσίν
898 489 962 518 του,
981 479 1038 517 τὴν
1059 480 1122 518 εὐε-

73 518 146 562 ξίαν
169 517 221 553 καὶ
247 517 303 556 τὴν
329 517 495 556 εὐημερίαν
521 531 583 554 του,
613 522 818 559 συνηθίζομεν
842 523 880 554 νὰ
906 524 1125 563 ἐνθυμούμεθα

73 563 302 603 προεκλογικῶς
328 562 380 597 καὶ
405 563 443 593 νὰ
467 564 670 598 λησμονῶμεν
692 568 935 605 μετεκλογικῶς.
952 568 991 600 Ὁ
1020 569 1128 608 Ἑλλη-

76 607 156 642 νικὸς
183 607 389 645 Συναγερμὸς
414 612 590 648 καινοτομεῖ
613 611 667 643 καὶ
693 612 889 643 ἀποδεικνύει
912 614 962 644 διὰ
988 615 1048 644 τῶν
1073 615 1131 652 ἔρ-

76 664 137 698 γων
164 664 224 687 του,
253 653 298 683 ὅτι
325 653 377 683 δὲν
402 654 579 690 ὑπόσχεται,
608 656 683 687 ἀλλὰ
708 657 759 686 καὶ
786 658 932 691 πράττει.
950 659 1010 689 Δὲν
1034 661 1129 698 κολα-

74 697 180 734 κεύει,
185 697 259 727 ἀλλὰ
282 698 465 734 ἐργάζεται.
475 699 540 736 Δὲν
561 702 838 740 μεγαλορρημονεῖ,
865 704 941 735 ἀλλὰ
963 705 1121 743 πράγματι

75 742 212 773 πιστεύει
231 743 280 773 ὅτι
304 743 377 773 ὅταν
406 745 445 785 οἱ
458 744 609 784 Ἕλληνες
637 747 769 784 ἀγρόται
797 749 993 790 εὐημεροῦν,
1006 750 1039 781 τὸ
1065 750 1118 791 Ἔ-

73 789 146 824 θνος
169 788 334 828 εὐημερεῖ.

160 849 316 885 Ἀκριβῶς
346 850 377 880 δὲ
408 851 484 888 πρὸς
512 852 693 887 θεμελίωσιν
722 856 776 893 τῆς
806 856 961 894 ἐπιτυχίας
990 858 1044 894 τῆς
1072 870 1128 893 με-

74 895 170 931 γάλης
198 895 292 931 αὐτῆς
319 896 484 934 πολιτικῆς,
512 897 641 936 ἐζήτησε
669 899 817 930 πίστωσιν
843 901 957 939 χρόνου
986 902 1044 932 ἀπὸ
1071 904 1130 931 ἄλ-

74 940 126 977 λην
152 939 262 981 τάξιν,
278 941 331 976 τῆς
355 941 465 978 ὁποίας
491 942 640 976 ὡσαύτως
664 945 682 982 ἡ
710 945 858 982 εὐημερία
886 946 963 977 εἶναι
987 948 1117 985 ἀπαραί-

71 996 160 1022 τητος
179 985 229 1014 διὰ
248 985 305 1020 τὴν
324 986 509 1022 ἰσορροπίαν
528 988 577 1022 καὶ
601 989 653 1019 διὰ
670 989 729 1023 τὴν
748 991 919 1023 ἀνάπτυξιν
940 994 994 1023 τοῦ
1012 993 1128 1027 τόπου.

72 1029 149 1058 Ἀπὸ
171 1029 241 1063 τοὺς
263 1030 418 1066 Ἕλληνας
442 1032 600 1067 ἐργάτας.
612 1033 672 1064 Δὲν
693 1035 747 1068 ἦτο
772 1036 902 1066 δυνατὸν
925 1038 964 1067 νὰ
987 1038 1126 1075 ἀρχίσω-

69 1086 135 1118 μεν
146 1074 206 1112 ἀπὸ
226 1075 360 1114 αὐτοὺς.
371 1076 464 1106 Ἀλλὰ
485 1078 526 1107 θὰ
547 1078 685 1117 ἔλθωμεν
705 1081 828 1118 ἀμέσως
845 1082 889 1117 εἰς
912 1083 1043 1129 αὐτούς.
1055 1084 1117 1113 Καὶ

72 1121 113 1155 δι’
133 1120 215 1159 αὐτὸ
231 1120 400 1157 ἐξήγγειλα
424 1122 466 1158 εἰς
491 1123 566 1165 τοὺς
589 1124 773 1162 ἐργατικοὺς
801 1127 1030 1163 ἐκπροσώπους,
1053 1130 1123 1171 τῶν

69 1165 182 1206 ὁποίων
210 1166 285 1203 τιμῶ
314 1165 369 1203 τὴν
396 1167 587 1201 κατανόησιν
612 1170 665 1200 καὶ
690 1170 748 1201 τὴν
765 1171 928 1213 πρόθεσιν
955 1174 1114 1218 ἐργασίας,

70 1210 120 1246 ὅτι
140 1210 222 1244 ὅπως
248 1210 279 1240 τὸ
307 1214 388 1242 1953
414 1212 457 1242 θὰ
480 1213 577 1252 μείνῃ
599 1214 650 1244 διὰ
674 1215 745 1249 τοὺς
772 1216 929 1252 Ἕλληνας
979 1219 1115 1255 ἀγρότας

64 1255 215 1293 σταθμός,
242 1255 317 1285 διότι
344 1258 412 1286 κατ’
436 1257 510 1287 αὐτὸ
536 1259 725 1299 ἐθεμελιώθη
752 1261 787 1291 τὸ
811 1263 934 1299 πρῶτον
958 1263 1115 1306 πράγματι

72 1299 231 1340 Ἑλληνικὴ
258 1300 413 1337 ἀγροτικὴ
443 1303 592 1338 πολιτική,
623 1306 868 1343 τοιουτοτρόπως
899 1308 931 1339 τὸ
961 1311 1045 1339 1954
1074 1310 1115 1339 θὰ

73 1345 239 1383 θεμελιώσῃ
266 1346 320 1384 τὴν
342 1347 499 1386 πολιτικὴν
521 1349 576 1379 διὰ
598 1349 668 1384 τοὺς
693 1351 849 1388 ἐργάτας.

156 1407 199 1445 Τὸ
228 1407 374 1452 δεύτερον
402 1409 529 1444 βασικὸν
553 1411 690 1457 κέντρον
718 1415 788 1452 περὶ
819 1415 851 1445 τὸ
881 1416 987 1446 ὁποῖον
1015 1425 1122 1453 περιε-

72 1452 193 1495 στράφη
212 1453 294 1492 κατὰ
311 1454 352 1492 τὸ
366 1455 466 1492 λῆξαν
485 1455 554 1492 ἔτος
574 1457 592 1495 ἡ
615 1459 794 1498 οἰκονομικὴ
816 1462 953 1501 πολιτικὴ
976 1464 1030 1492 τοῦ
1053 1463 1122 1502 Ἑλ-

65 1496 193 1535 ληνικοῦ
223 1498 438 1536 Συναγερμοῦ,
469 1501 603 1543 ὑπῆρξε,
635 1503 737 1541 κύριοι
769 1505 938 1541 βουλευταί,
970 1508 1003 1538 τὸ
1034 1509 1113 1547 θέμα

71 1545 129 1582 τοῦ
144 1546 325 1589 πενταετοῦς
348 1546 594 1583 προγράμματος
616 1552 850 1586 παραγωγικῶν
871 1552 1084 1590 ἐπενδύσεων.

155 1603 229 1641 Ἐὰν
254 1603 442 1642 ἐπιτύχωμεν
467 1608 539 1637 καθ’
565 1603 751 1647 ὁλοκληρίαν
777 1612 819 1647 εἰς
844 1612 876 1641 τὸ
902 1613 940 1642 νὰ
967 1613 1125 1665 ἀποδώσῃ

69 1648 189 1685 πλήρως
209 1649 227 1685 ἡ
249 1650 386 1688 πολιτική
408 1662 474 1688 μας,
498 1652 553 1691 τὴν
572 1653 682 1685 ὁποίαν
705 1657 759 1691 σᾶς
782 1656 938 1692 ἀνέπτυξα
960 1669 1122 1697 προηγου-

59 1692 171 1730 μένως,
199 1693 241 1723 θὰ
267 1693 384 1738 ἔχωμεν
410 1696 569 1735 πράγματι
598 1699 762 1731 ἐπιτελέσει
790 1701 887 1731 ἆθλον
911 1703 964 1733 καὶ
989 1704 1005 1742 ἡ
1035 1705 1111 1733 οἰκο-

64 1738 173 1781 νομικὴ
200 1739 334 1775 πρόοδος
363 1741 414 1770 διὰ
441 1741 494 1780 τὴν
518 1742 657 1776 Ἑλλάδα
685 1745 726 1775 θὰ
754 1746 830 1776 εἶναι
859 1747 953 1785 χωρὶς
982 1749 1121 1786 ἀμφιβο-

68 1783 132 1812 λίαν
156 1783 338 1820 ἀξιόλογος.
357 1785 452 1816 Ἀλλὰ
478 1788 549 1825 παρ’
578 1789 635 1819 ὅλα
658 1792 764 1827 ταῦτα,
791 1791 823 1821 τὸ
846 1784 943 1829 ἔργον
967 1794 1009 1823 θὰ
1036 1794 1118 1836 εἶναι

69 1828 221 1868 ἡμιτελές.
234 1829 326 1864 Διότι,
348 1831 385 1860 ἂν
406 1832 622 1870 ταὐτοχρόνως
645 1835 697 1865 δὲν
718 1837 971 1874 προχωρήσωμεν
994 1839 1035 1873 εἰς
1059 1840 1123 1878 τὴν

64 1875 402 1914 προγραμματισμένην
428 1877 600 1913 ἀνάπτυξιν
625 1881 678 1916 τῆς
703 1881 881 1920 οἰκονομίας
906 1884 959 1921 τῆς
984 1884 1125 1923 Χώρας,

63 1919 297 1956 ἐκμετάλλευσιν
323 1921 440 1960 δηλαδὴ
467 1924 522 1953 τοῦ
547 1924 678 1956 πλούτου
705 1937 770 1964 της,
798 1927 863 1957 τότε
893 1928 946 1966 ἀφ’
975 1928 1044 1965 ἑνὸς
1068 1930 1125 1966 θὰ

65 1964 309 2003 κινδυνεύσωμεν
330 1966 368 1996 νὰ
392 1967 590 2004 ἀπολέσωμεν
613 1969 706 2007 μέρος
728 1972 788 2001 τῶν
810 1974 937 2009 καρπῶν
961 1974 1014 2010 τῆς
1039 1974 1122 2018 ἀνα-

65 2010 250 2049 πτυχθείσης
274 2011 412 2053 μεγάλης
438 2023 494 2050 μας
522 2015 735 2050 προσπαθείας
783 2018 826 2050 εἰς
852 2018 908 2057 τὴν
933 2019 1109 2058 οἰκονομίαν

69 2056 117 2082 τοῦ
141 2055 263 2093 Τόπου,
279 2055 330 2085 καὶ
355 2056 409 2094 ἀφ’
436 2057 573 2101 ἑτέρου,
580 2059 614 2089 τὸ
637 2060 689 2096 καὶ
715 2062 981 2107 σπουδαιότερον,
994 2064 1045 2093 δὲν
1069 2065 1110 2093 θὰ

65 2099 220 2130 δυνάμεθα
246 2099 389 2138 σοβαρῶς
417 2102 453 2131 νὰ
482 2103 649 2150 ἐλπίζωμεν
674 2106 741 2136 οὔτε
770 2107 811 2142 εἰς
840 2107 873 2137 τὸ
899 2108 1029 2146 μόνιμον
1056 2111 1108 2146 τῆς

66 2145 257 2183 οἰκονομικῆς
280 2156 340 2182 μας
366 2147 602 2186 αὐτοδυναμίας,
631 2150 700 2180 οὔτε
725 2152 823 2190 πολλῷ
850 2154 962 2190 μᾶλλον
988 2155 1029 2190 εἰς
1054 2155 1108 2194 τὴν

64 2189 221 2226 ὁριστικὴν
245 2191 296 2226 καὶ
324 2193 437 2230 συνεχῆ
462 2193 624 2230 βελτίωσιν
648 2197 701 2226 τοῦ
726 2197 864 2231 βιοτικοῦ
888 2199 1033 2229 ἐπιπέδου
1058 2202 1111 2230 τοῦ

64 2235 137 2272 λαοῦ
162 2246 218 2273 μας
244 2236 276 2266 τὸ
301 2237 408 2266 ὁποῖον
434 2238 485 2269 δὲν
509 2239 595 2269 εἶναι
614 2241 744 2271 δυνατὸν
766 2243 856 2280 παρὰ
880 2244 921 2275 νὰ
946 2245 1110 2284 παραμένῃ

64 2280 200 2312 πάντοτε
211 2281 226 2310 ὁ
249 2281 374 2324 τελικός
386 2293 447 2320 μας
468 2284 709 2322 ἀντικειμενικὸς
733 2287 865 2324 σκοπός.

136 2342 206 2379 Διὰ
228 2343 288 2382 τὴν
311 2344 495 2385 ἐπιτυχίαν,
507 2346 621 2382 λοιπόν,
650 2351 706 2379 τοῦ
732 2352 849 2380 σκοποῦ
873 2351 977 2387 αὐτοῦ,
995 2352 1028 2396 ἡ
1047 2353 1112 2393 Κυ-

63 2386 207 2425 βέρνησις
236 2388 293 2426 ἦτο
324 2389 543 2427 ὑποχρεωμένη
579 2392 637 2423 ἀπὸ
669 2394 720 2431 τῆς
751 2395 876 2434 πρώτης
911 2398 1038 2433 στιγμῆς
1071 2398 1118 2434 νὰ

66 2432 287 2471 ἀντιμετωπίσῃ
308 2435 510 2478 παραλλήλως
531 2437 583 2467 καὶ
606 2437 638 2468 τὸ
660 2438 740 2472 θέμα
760 2442 871 2475 τοῦτο.
881 2442 944 2471 Καὶ
964 2442 996 2472 τὸ
1016 2442 1118 2480 ἔπρα-

64 2477 136 2519 ξεν.
147 2477 222 2515 Ἀφ’
244 2478 314 2514 ἑνὸς
337 2479 391 2515 μὲν
410 2481 608 2518 κατέστρωσε
634 2483 663 2512 τὸ
686 2486 810 2520 πρῶτον
829 2487 989 2521 πενταετὲς
1013 2488 1106 2526 αὐτῆς

65 2522 182 2559 σχέδιον
213 2526 445 2561 παραγωγικῶν
476 2526 669 2568 ἐπενδύσεων
697 2530 750 2568 καὶ
780 2531 834 2564 ἀφ’
865 2531 972 2568 ἑτέρου
1003 2533 1112 2578 ἀνεζή-

61 2579 131 2615 τησε
150 2568 205 2612 τὴν
223 2568 385 2611 ἐξεύρεσιν
402 2572 462 2600 τῶν
477 2572 581 2607 μέσων
601 2574 654 2606 τῆς
675 2574 860 2612 ἐφαρμογῆς
880 2579 934 2607 τοῦ
950 2578 1118 2624 προγράμ-

57 2622 153 2654 ματος
174 2614 284 2655 αὐτοῦ.
303 2614 354 2651 Ἡ
365 2616 439 2658 ἀξία
461 2618 514 2647 τοῦ
533 2617 659 2653 πρώτου
677 2619 755 2648 εἶναι
777 2621 912 2657 κυρίως,
924 2621 1000 2652 διότι
1020 2634 1118 2659 κατε-

62 2658 159 2697 βλήθη
181 2659 256 2688 κάθε
279 2660 475 2696 προσπάθεια
495 2662 534 2692 νὰ
555 2662 739 2699 εὑρίσκεται
754 2665 839 2701 ἐντὸς
862 2668 913 2704 τῆς
938 2670 1105 2705 σημερινῆς

57 2704 347 2747 πραγματικότητος
370 2706 421 2734 καὶ
445 2707 503 2735 τῶν
527 2708 745 2756 δυνατοτήτων
767 2711 888 2748 αὐτῆς.
896 2711 937 2750 Ἡ
958 2712 1032 2756 ἀξία
1054 2715 1116 2746 τοῦ

62 2748 204 2793 δευτέρου
225 2749 307 2789 εἶναι
331 2751 516 2792 προφανής,
536 2752 612 2782 διότι
638 2753 712 2784 ἄνευ
738 2755 832 2794 αὐτῆς
859 2757 1039 2795 οἱονδήποτε
1067 2759 1117 2795 οἰ-

60 2793 219 2835 κονομικὸν
244 2795 434 2840 πρόγραμμα
458 2796 547 2827 παύει
572 2797 609 2827 νὰ
633 2799 718 2828 εἶναι
735 2800 890 2837 πολιτικὸν
914 2802 1115 2846 πρόγραμμα

61 2838 119 2875 καὶ
128 2839 344 2882 μεταβάλλεται
371 2841 416 2883 εἰς
434 2841 533 2875 καλὴν
555 2843 574 2881 ἢ
598 2843 699 2881 κακὴν
724 2845 942 2883 ἀκαδημαϊκὴν
967 2848 1113 2886 μελέτην.

53 2881 147 2920 Ἀλλ’
163 2884 249 2921 ἡμεῖς
271 2885 323 2914 δὲν
347 2885 476 2921 ρέπομεν
500 2888 541 2921 εἰς
564 2887 704 2919 τοιούτου
727 2890 828 2924 εἴδους
850 2892 1003 2927 μελέτας.
1015 2893 1112 2931 Προ-

59 2930 198 2965 σωπικῶς
221 2929 361 2966 μάλιστα
371 2931 441 2970 ἐγώ,
462 2932 479 2961 ὁ
501 2932 609 2972 ὁποῖος
627 2932 688 2977 ἔχω
709 2934 763 2973 τὴν
785 2936 874 2973 τιμὴν
897 2938 950 2974 τῆς
972 2937 1114 2981 εὐθύνης

64 2974 111 3010 τῆς
133 2975 326 3011 οἰκονομικῆς
343 2976 501 3014 πολιτικῆς
522 2979 578 3007 τοῦ
603 2977 783 3011 Ἑλληνικοῦ
804 2981 1021 3025 Συναγερμοῦ,
1044 2982 1118 3025 ἔχω

62 3018 259 3056 ἀντιπάθειαν
282 3020 367 3067 πρὸς
398 3021 452 3056 τὰς
484 3022 641 3065 θεωρίας.
661 3023 754 3061 Εἶμαι
785 3025 999 3063 ὑπερήφανος,
1058 3029 1112 3063 ὅτι

61 3063 134 3110 εἶμαι
163 3064 336 3108 πολιτικός.
357 3065 430 3102 Καὶ
447 3066 461 3095 ὁ
490 3067 655 3103 πολιτικός,
685 3069 758 3099 αὐτὸ
787 3071 988 3109 τοὐλάχιστον
1042 3072 1102 3109 ἐγὼ

60 3104 198 3151 φρονῶ,
199 3109 307 3148 πρέπει
331 3110 369 3139 νὰ
390 3111 429 3149 μὴ
451 3112 590 3160 λησμονῇ
612 3113 669 3152 ὅτι
681 3114 699 3148 ἡ
724 3114 905 3153 ὑψηλοτέρα
948 3117 1102 3155 ἔκφρασις

59 3154 110 3191 τῆς
133 3155 298 3191 πολιτικῆς,
325 3154 402 3184 εἶναι
425 3156 443 3193 ἡ
470 3157 632 3195 ἀντίληψις
658 3160 710 3197 τῆς
736 3161 1048 3199 πραγματικότητος.

1192 210 1393 252 λαιπώρησα,
1410 211 1453 241 θὰ
1479 212 1534 247 σᾶς
1556 212 1769 252 παρακαλέσω
1793 215 1832 243 νὰ
1857 216 1929 251 μοῦ
1938 216 2112 253 παράσχετε
2139 216 2238 255 ἀκόμη

1191 255 1338 299 πίστωσιν
1364 256 1504 294 χρόνου.
1516 256 1602 286 Διότι
1628 256 1707 287 εἶναι
1733 258 1868 297 ἀνάγκη
1881 260 1920 290 νὰ
1944 261 2074 299 λεχθοῦν
2102 261 2159 299 ἀπὸ
2186 264 2250 301 τοῦ

1188 301 1328 345 βήματος
1357 301 1466 330 τούτου
1496 302 1657 339 ὡρισμένα
1684 303 1859 342 πράγματα
1907 305 1955 336 ἐπὶ
1984 308 2039 336 τοῦ
2065 307 2237 344 κεφαλαίου

1196 346 1310 382 τούτου,
1332 347 1373 376 ἐκ
1386 347 1439 384 τῆς
1461 347 1618 385 ἐπιτυχίας
1636 350 1691 384 τοῦ
1711 348 1817 378 ὁποίου
1841 349 2009 387 ἐξαρτᾶται
2031 352 2049 390 ἡ
2072 352 2242 391 ἐξασφάλι-

1192 402 1236 425 σις
1256 393 1309 421 τοῦ
1328 391 1486 427 μέλλοντος
1507 394 1560 431 τῆς
1581 393 1746 430 Ἑλλάδος.
1757 394 1849 430 Διότι,
1868 396 1934 436 ὅ,τι
1945 397 2000 432 σᾶς
2021 397 2175 432 ἀνέπτυξα
2194 398 2250 443 εἰς

1194 436 1244 474 τὴν
1267 437 1388 478 ἀρχήν,
1400 438 1553 475 ἀφεώρων
1577 439 1631 477 τὴν
1653 440 1856 478 διασφάλισιν
1876 437 1937 471 τοῦ
1950 442 2120 480 παρόντος.

1277 496 1334 525 Διὰ
1357 496 1391 525 τὸ
1414 497 1607 536 πρόγραμμα
1632 499 1684 529 δὲν
1706 500 1749 529 θὰ
1775 502 1829 536 σᾶς
1855 501 2090 541 ἀπασχολήσω.
2099 503 2235 541 Νομίζω,

1191 540 1246 569 ὅτι
1258 541 1389 580 κατέστη
1418 542 1509 571 πλέον
1536 545 1638 581 κτῆμα
1664 545 1836 584 ὁλοκλήρου
1862 549 1916 577 τοῦ
1944 546 2136 587 Ἑλληνικοῦ
2149 549 2243 585 λαοῦ.

1189 586 1257 624 Καὶ
1284 586 1394 623 πρέπει
1424 587 1461 617 νὰ
1496 589 1667 626 σημειώσω,
1702 590 1747 620 ὅτι
1781 591 1871 620 εἶναι
1890 593 1979 621 τοῦτο
2013 593 2116 630 ἄκρως
2149 594 2246 632 εὐχά-

1191 642 1314 667 ριστον.
1322 631 1413 667 Διότι
1430 633 1447 671 ἡ
1466 633 1590 671 πλήρης
1613 636 1899 674 συνειδητοποίησις
1919 637 1976 667 ὑπὸ
1998 640 2053 669 τοῦ
2071 639 2148 669 λαοῦ
2168 639 2234 675 ἑνὸς

1190 674 1415 714 παραγωγικοῦ
1439 679 1695 717 προγράμματος,
1723 681 1801 713 εἶναι
1827 682 1885 712 ἀπὸ
1909 683 1963 717 τὰς
1989 684 2128 720 βασικὰς
2146 690 2247 721 προϋ-

1190 721 1330 757 ποθέσεις
1355 724 1406 760 τῆς
1434 725 1757 762 πραγματοποιήσεώς
1782 738 1843 762 του,
1867 729 1941 764 καθ’
1968 729 2042 759 ὅσον
2068 729 2248 766 ἐξασφαλί-

1191 767 1229 802 ζει
1257 767 1312 806 τὴν
1340 762 1498 806 ὁμόθυμον
1527 771 1785 808 συμπαράστασιν
1814 773 1865 810 τῆς
1893 775 1998 811 κοινῆς
2028 775 2174 817 γνώμης.
2192 775 2240 811 Τὸ

1189 813 1412 849 παραγωγικὸν
1433 814 1630 853 πρόγραμμα
1662 816 1715 846 δὲν
1743 816 1820 846 εἶναι
1847 817 1994 853 ὑπόθεσις
2025 819 2093 853 ἑνὸς
2121 819 2240 858 κόμμα-

1192 868 1247 892 τος,
1277 858 1466 896 ὁσονδήποτε
1498 860 1621 896 εὐρεῖαν
1649 860 1764 903 λαϊκὴν
1786 861 1880 897 βάσιν
1907 863 1959 896 καὶ
1986 864 2022 892 ἂν
2050 864 2127 901 ἔχῃ.
2146 865 2241 896 Εἶναι

1190 903 1333 937 ὑπόθεσις
1360 904 1496 942 ἐθνική.

146 3215 207 3245 Καὶ
234 3216 327 3253 τώρα,
357 3217 459 3263 κύριοι
488 3219 660 3255 βουλευταί,
689 3221 763 3251 ὅσον
791 3222 842 3251 καὶ
872 3222 925 3253 ἐὰν
954 3224 1008 3259 σᾶς
1038 3224 1115 3260 ἐτα-

1274 965 1333 994 Δὲν
1357 966 1406 1005 θὰ
1426 967 1571 1006 ἐπιμείνω
1596 969 1695 1007 ἀκόμη
1724 970 1793 1000 οὔτε
1823 971 1877 1007 εἰς
1893 971 1948 1010 τὴν
1977 972 2129 1009 ἐξήγησιν
2180 975 2231 1011 τῆς

1190 1011 1456 1048 ρεαλιστικότητος
1480 1014 1533 1042 τοῦ
1557 1014 1823 1051 προγράμματος.
1838 1015 1926 1055 Εἶναι
1951 1017 2074 1055 ἀληθές,
2099 1018 2143 1048 ὅτι
2167 1019 2239 1056 ἐχα-

1189 1056 1384 1095 ρακτηρίσθη
1411 1057 1568 1095 ἑκάστοτε,
1595 1058 1680 1104 ἰδίως
1707 1060 1756 1103 εἰς
1777 1060 1809 1090 τὸ
1833 1061 2031 1099 ἐξωτερικόν,
2059 1063 2100 1099 ὡς
2126 1064 2240 1109 τολμη-

1190 1101 1265 1140 ρόν,
1273 1102 1347 1131 ἀλλὰ
1364 1103 1382 1132 ὁ
1401 1105 1658 1142 χαρακτηρισμὸς
1679 1105 1827 1143 ὠφείλετο
1849 1107 1905 1137 εἴτε
1926 1108 1968 1149 εἰς
1987 1107 2122 1146 ἔλλειψιν
2142 1109 2232 1148 ἐπαρ-

1187 1148 1256 1187 κοῦς
1284 1147 1506 1185 ἐνημερώσεως
1527 1148 1601 1184 εἴτε,
1631 1150 1760 1188 ἀτυχῶς,
1787 1152 1838 1185 καὶ
1865 1153 1907 1186 εἰς
1936 1153 2106 1192 σφάλματα
2125 1155 2246 1185 ἰδικῶν

1185 1199 1255 1230 μας,
1281 1193 1329 1230 ἐφ’
1357 1194 1430 1223 ὅσον
1454 1194 1508 1228 καὶ
1531 1195 1651 1231 μεταξύ
1675 1207 1734 1234 μας
1761 1197 1937 1234 εὑρέθησαν
1966 1198 2054 1236 τινές,
2078 1211 2244 1238 χαρακτη-

1189 1237 1328 1273 ρίσαντες
1358 1238 1432 1269 αὐτὸ
1461 1239 1503 1274 ὡς
1532 1240 1613 1275 εἶδος
1641 1252 1681 1275 τι
1697 1241 1869 1277 φιλοδόξου
1897 1244 2082 1281 νοοτροπίας
2111 1245 2162 1275 καὶ
2192 1246 2245 1289 ὡς

1186 1283 1397 1320 ἀνεδαφικόν.
1411 1283 1471 1314 Δὲν
1495 1285 1680 1323 χρειάζεται,
1707 1282 1800 1323 ὅμως,
1826 1288 1900 1318 αὐτό
1925 1288 1957 1326 μὲ
1984 1289 2102 1320 ἔπεισεν
2127 1291 2146 1328 ἡ
2172 1293 2243 1320 πεῖ-

1188 1339 1225 1365 ρα
1250 1339 1316 1365 μου,
1343 1329 1380 1358 νὰ
1404 1330 1586 1368 καταβληθῇ
1612 1331 1704 1367 πολὺς
1728 1332 1850 1375 κόπος,
1857 1333 1934 1363 ὅταν
1959 1335 2121 1374 συνομιλῇ
2127 1346 2173 1373 τις
2194 1336 2231 1374 μὲ

1181 1374 1389 1415 καλοπίστους
1412 1375 1465 1405 καὶ
1495 1376 1756 1422 ἀντικειμενικοὺς
1787 1379 2000 1416 συνομιλητάς,
2029 1380 2080 1410 διὰ
2107 1381 2156 1418 νὰ
2170 1393 2243 1418 πει-

1184 1419 1305 1459 σθοῦν,
1318 1418 1361 1448 ὅτι
1388 1420 1434 1456 τὸ
1450 1421 1653 1459 πρόγραμμα,
1681 1421 1730 1461 ὄχι
1756 1422 1854 1469 μόνον
1882 1424 1932 1455 δὲν
1959 1425 2037 1466 εἶναι
2065 1426 2246 1471 τολμηρόν,

1183 1464 1261 1500 ἀλλὰ
1289 1464 1454 1506 ἀντιθέτως
1483 1466 1633 1509 λογικόν,
1647 1467 1723 1502 ἴσως
1749 1468 1891 1507 μάλιστα
1935 1470 1986 1512 καὶ
2015 1472 2245 1517 μετριοπαθές.

1184 1508 1368 1544 Ὡρισμένα
1381 1511 1670 1547 ἐγγειοβελτιωτικὰ
1694 1513 1783 1551 ἔργα,
1811 1515 1943 1552 αὔξησις
1968 1517 2021 1554 τῆς
2046 1517 2238 1559 ἠλεκτρικῆς

1184 1555 1341 1596 ἐνεργείας
1367 1555 1426 1591 καὶ
1443 1557 1460 1595 ἡ
1489 1557 1681 1595 δημιουργία
1707 1558 1845 1596 βασικῶν
1870 1570 1961 1591 τινων
2009 1559 2245 1608 βιομηχανιῶν,

1178 1600 1288 1644 σχέσιν
1310 1601 1448 1642 ἐχουσῶν
1473 1602 1506 1639 μὲ
1531 1603 1589 1641 τὴν
1614 1603 1811 1643 ἀξιοποίησιν
1834 1607 1890 1636 τοῦ
1915 1606 2145 1645 μεταλλευτικοῦ
2171 1619 2227 1646 μας

1178 1643 1319 1681 πλούτου,
1345 1646 1382 1676 τὰ
1404 1647 1494 1677 ὁποῖα
1517 1647 1575 1684 καὶ
1593 1650 1757 1679 συνιστοῦν
1780 1650 1813 1679 τὸ
1834 1651 1905 1681 ὅλον
1928 1651 2131 1690 πρόγραμμα,
2152 1653 2236 1693 εἶναι

1177 1691 1223 1728 εἰς
1253 1690 1310 1729 τὴν
1339 1692 1621 1730 πραγματικότητα
1646 1693 1681 1723 τὸ
1711 1696 1912 1733 στοιχειῶδες,
1943 1696 1979 1727 τὸ
2010 1697 2116 1728 ὁποῖον
2145 1700 2238 1734 πᾶσα

1184 1736 1343 1774 Ἑλληνικὴ
1368 1737 1568 1775 Κυβέρνησις
1591 1738 1633 1768 θὰ
1657 1739 1768 1775 ἔπρεπε
1794 1741 1833 1771 νὰ
1854 1742 2099 1784 ἀντιμετωπίσῃ,
2116 1743 2153 1773 ἂν
2177 1744 2226 1774 δὲν

1183 1781 1269 1818 ἤθελε
1298 1781 1340 1822 νὰ
1364 1782 1460 1828 βλέπῃ
1488 1783 1549 1820 τὴν
1573 1783 1712 1821 Ἑλλάδα
1733 1784 1998 1830 ἠναγκασμένην,
2014 1789 2160 1828 συνεχῶς,
2188 1793 2246 1827 νὰ

1183 1826 1293 1871 ἐπαιτῇ
1312 1826 1434 1866 ἔξωθεν
1458 1828 1628 1867 βοήθειαν.

1270 1886 1406 1930 Ἐκεῖνο,
1430 1888 1472 1921 εἰς
1506 1888 1539 1917 τὸ
1572 1889 1679 1918 ὁποῖον
1711 1890 1753 1919 θὰ
1787 1889 1965 1931 ἐπεκταθῶ,
1989 1892 2068 1922 εἶναι
2100 1893 2137 1923 νὰ
2171 1894 2235 1936 σᾶς

1180 1930 1327 1971 ἐξηγήσω
1353 1932 1409 1970 τὴν
1437 1933 1580 1970 μέθοδον,
1608 1934 1665 1972 τὴν
1690 1935 1801 1965 ὁποίαν
1822 1936 2083 1974 ἠκολουθήσαμεν
2112 1938 2162 1968 διὰ
2189 1939 2238 1978 νὰ

1180 1977 1350 2011 φθάσωμεν
1379 1977 1422 2021 εἰς
1450 1978 1482 2008 τὸ
1511 1979 1679 2016 σημερινὸν
1706 1980 1893 2017 εὐχάριστον
1922 1984 2068 2028 σημεῖον,
2086 1983 2172 2019 κατὰ
2193 1982 2237 2020 τὸ

1179 2022 1284 2050 ὁποῖον
1309 2022 1331 2060 ἡ
1361 2023 1654 2061 πραγματοποίησις
1681 2025 1774 2062 πλέον
1805 2028 1859 2056 τοῦ
1915 2027 2159 2065 προγράμματος
2187 2030 2241 2068 νὰ

1180 2067 1309 2105 ἀποτελῇ
1329 2078 1356 2097 τι
1377 2067 1410 2098 τὸ
1429 2068 1577 2106 θετικόν.

1271 2129 1477 2167 Πρωτίστως,
1502 2130 1602 2167 κύριοι
1627 2132 1797 2169 βουλευταί,
1820 2133 1950 2170 ἔπρεπεν
1974 2134 1993 2173 ἡ
2019 2134 2225 2169 Οὐάσιγκτων

1182 2173 1215 2202 νὰ
1239 2174 1441 2213 ἀναγνωρίσῃ
1464 2176 1520 2213 τὴν
1543 2177 1691 2215 ἀλήθειαν
1716 2178 1812 2217 αὐτὴν
1831 2179 1883 2213 καὶ
1905 2180 1945 2215 ὡς
1966 2180 2045 2218 πρὸς
2071 2181 2125 2220 τὴν
2145 2184 2236 2225 λογι-

1176 2219 1291 2257 κότητα
1318 2221 1372 2251 τοῦ
1398 2222 1645 2259 προγράμματος
1668 2223 1729 2264 καὶ
1747 2223 1789 2258 ὡς
1816 2224 1891 2261 πρὸς
1918 2225 1974 2264 τὴν
2003 2225 2143 2264 ἀνάγκην
2173 2229 2223 2264 τῆς

1179 2264 1359 2300 ἐκτελέσεως
1387 2266 1509 2299 αὐτοῦ.

1259 2324 1371 2366 Αὐτὸς
1387 2325 1442 2363 ἦτο
1466 2326 1507 2363 εἷς
1531 2327 1573 2356 ἐκ
1587 2328 1647 2357 τῶν
1670 2328 1808 2373 βασικῶν
1829 2328 1932 2373 λόγων
1953 2331 2005 2368 τῆς
2027 2331 2222 2369 μεταβάσεώς

1173 2380 1233 2415 μου
1259 2370 1301 2413 εἰς
1327 2370 1380 2412 τὰς
1408 2371 1591 2407 Ἡνωμένας
1622 2373 1815 2409 Πολιτείας.
1827 2374 2000 2412 Γνωρίζετε
2026 2377 2071 2406 ὅτι
2097 2377 2139 2411 εἰς
2167 2389 2237 2414 στι-

1181 2415 1254 2451 γμὰς
1287 2415 1439 2453 εὐφορίας
1468 2418 1521 2454 τῆς
1553 2418 1796 2456 Ἀμερικανικῆς
1827 2420 1975 2456 βοηθείας
2004 2421 2044 2455 εἰς
2076 2421 2131 2460 τὴν
2162 2421 2239 2462 Ἑλ-

1173 2460 1264 2498 λάδα
1276 2460 1337 2496 καὶ
1349 2461 1407 2500 ὑπὸ
1431 2461 1486 2506 τὴν
1510 2462 1625 2500 ἄμεσον
1648 2463 1820 2493 ἐντύπωσιν
1841 2462 1900 2494 τοῦ
1916 2466 2091 2503 νικηφόρου
2116 2478 2240 2506 τερμα-

1181 2507 1283 2542 τισμοῦ
1305 2507 1358 2536 τοῦ
1385 2507 1664 2545 ἀνταρτοπολέμου,
1687 2508 1706 2546 ἡ
1732 2508 1941 2543 Οὐάσιγκτων
1966 2511 2157 2549 ἐνεφανίσθη
2182 2513 2221 2546 ὡς

1180 2551 1451 2594 συμπαραστάτις.
1474 2552 1557 2582 Ἀλλ’
1590 2553 1709 2590 ἀτυχῶς
1740 2555 1772 2583 αἱ
1805 2556 1956 2585 πολιτικαὶ
1988 2556 2137 2591 ἐξελίξεις
2169 2559 2220 2593 τῆς

1177 2595 1286 2633 ἐποχῆς
1309 2596 1428 2634 ἐκείνης
1450 2597 1502 2627 δὲν
1522 2591 1698 2636 ἐπέτρεψαν
1717 2600 1773 2637 τὴν
1795 2600 2027 2634 ἐκμετάλλευσιν
2049 2603 2101 2639 τῆς
2125 2604 2225 2635 εὐκαι-

1179 2639 1253 2676 ρίας,
1281 2641 1299 2676 ἡ
1325 2641 1415 2670 ὁποία
1441 2641 1573 2672 ἄλλωστε
1601 2643 1653 2681 δὲν
1678 2644 1844 2682 διήρκεσεν
1870 2645 1915 2675 ἐπὶ
1939 2646 2037 2681 πολύ.
2050 2646 2140 2683 Διότι
2160 2646 2236 2685 μετ’

1177 2685 1301 2722 ὀλίγον,
1322 2685 1453 2723 ἤρχισεν
1484 2688 1502 2725 ἡ
1536 2688 1680 2724 περίοδος
1714 2690 1773 2719 τῶν
1808 2690 1919 2728 ἰσχνῶν
1955 2691 2116 2725 ἀγελάδων
2148 2693 2221 2722 ὅσον

1177 2731 1280 2768 ἀφορᾷ
1307 2731 1363 2770 τὴν
1389 2732 1634 2771 Ἀμερικανικὴν
1661 2734 1834 2771 βοήθειαν.
1848 2735 1931 2765 Αὐτὸ
1959 2736 2139 2768 ἐπεδείνωσε
2167 2738 2221 2776 τὴν

1171 2776 1368 2815 κατάστασιν
1386 2778 1439 2805 καὶ
1467 2779 1652 2816 διαδοχικῶς
1680 2779 1739 2808 ἀπὸ
1767 2780 1921 2817 μειώσεως
1951 2781 1991 2816 εἰς
2019 2782 2146 2820 μείωσιν
2169 2783 2222 2821 καὶ

1171 2820 1234 2857 ἀπὸ
1257 2824 1465 2863 περιορισμοῦ
1493 2824 1536 2859 εἰς
1564 2824 1794 2865 περιορισμόν,
1808 2825 1991 2863 ἐφθάσαμεν
2017 2827 2058 2862 εἰς
2089 2827 2142 2866 τὴν
2168 2839 2226 2859 κα-

1179 2866 1322 2907 τάστασιν
1354 2867 1409 2905 τὴν
1440 2868 1551 2897 ὁποίαν
1584 2868 1906 2912 ἐκληρονομήσαμεν.
1917 2871 2057 2909 Δηλαδή,
2092 2873 2133 2908 εἰς
2168 2873 2232 2911 τὴν

1175 2911 1229 2941 ὑπὸ
1256 2913 1389 2949 σωρείαν
1409 2915 1624 2952 περιορισμῶν
1652 2915 1809 2953 συνέχισιν
1835 2916 1934 2951 ἁπλῶς
1960 2917 2012 2954 τῆς
2039 2916 2220 2954 ἐκτελέσεως

1174 2955 1242 3000 ἑνὸς
1262 2959 1374 3000 μικροῦ
1396 2957 1509 2995 μέρους
1532 2960 1586 2988 τοῦ
1609 2959 1863 2996 προγράμματος,
1887 2963 1942 2992 τοῦ
1962 2961 2069 2994 ὁποίου
2090 2962 2108 3000 ἡ
2132 2962 2219 3000 ἔναρ-

1172 3001 1220 3042 ξις
1249 3003 1302 3037 τῆς
1333 3002 1518 3044 ἐκτελέσεως
1545 3003 1627 3046 εἶχεν
1653 3003 1900 3043 ἀναγνωρισθῇ.
1918 3006 2089 3043 Γνωρίζετε
2120 3007 2217 3046 ἀκόμη

1175 3047 1244 3075 ὅλοι
1263 3047 1317 3076 ὅτι
1334 3048 1408 3077 ὅταν
1435 3048 1449 3076 ὁ
1479 3048 1656 3086 Ἑλληνικὸς
1683 3049 1889 3087 Συναγερμὸς
1917 3050 2048 3081 ἀνέλαβε
2075 3052 2128 3091 τὴν
2152 3054 2228 3089 δια-

1172 3092 1360 3134 κυβέρνησιν
1379 3093 1432 3131 τῆς
1452 3093 1568 3129 Χώρας
1585 3093 1637 3124 καὶ
1656 3094 1731 3124 αὐτὸ
1751 3094 1784 3125 τὸ
1802 3095 1909 3133 μικρὸν
1930 3095 2129 3142 πρόγραμμα
2140 3098 2218 3136 εἶχεν

1174 3137 1287 3175 ὑποστῆ
1310 3138 1497 3175 περικοπήν.
1510 3138 1581 3168 Καὶ
1594 3139 1792 3178 ἀναφέρομαι
1813 3141 1854 3175 εἰς
1876 3140 1930 3175 τὴν
1950 3141 2127 3180 περίφημον
2148 3143 2218 3181 ἑνω-

1175 3182 1258 3220 τικὴν
1284 3183 1431 3220 γραμμὴν
1458 3185 1509 3214 τοῦ
1535 3184 1660 3225 βορείου
1682 3184 1735 3217 καὶ
1761 3184 1861 3224 νοτίου
1887 3184 2075 3223 ἠλεκτρικοῦ
2095 3188 2228 3221 δικτύου

1172 3226 1244 3255 ἄνευ
1269 3228 1322 3265 τῆς
1350 3228 1531 3264 ἐκτελέσεως
1558 3230 1612 3268 τῆς
1634 3229 1750 3267 ὁποίας
1772 3229 1807 3260 τὸ
1835 3230 2033 3265 ἐνεργειακὸν
2060 3232 2225 3271 πρόγραμ-
