2476 3500
65 223 153 256 οὐδὲν
185 223 390 264 Ὑπουργεῖον
422 223 573 265 ἐγνώριζε
600 226 632 258 τὸ
663 227 878 269 παραμικρόν.
902 229 969 262 Καὶ
995 229 1120 272 φυσικὰ

65 269 205 307 ἐτηρεῖτο
257 268 312 302 διὰ
330 263 438 303 πᾶσαν
467 270 685 314 λεπτομέρειαν
713 272 868 316 ἐνήμερος
890 275 909 308 ὁ
941 274 1121 317 Πρόεδρος

67 316 121 357 τῆς
143 314 390 356 Κυβερνήσεως.
407 314 651 357 Ἐμνημόνευσα
666 318 704 346 τὰ
729 318 869 361 ὀνόματα
891 319 943 353 διὰ
966 321 1011 353 νὰ
1030 321 1117 359 τιμή-

67 372 119 400 σω,
146 360 197 392 διὰ
223 359 277 397 τὴν
303 359 469 402 πολύτιμον
498 361 655 407 συμβολήν
681 374 752 404 των,
779 364 831 395 καὶ
858 364 892 400 τὸ
916 365 1118 404 κατώρθωσα

66 405 105 440 νὰ
128 404 304 442 διατηρηθῇ
329 404 363 437 τὸ
385 405 539 442 μυστικὸν
561 406 611 439 ἐπὶ
634 407 744 444 τόσους
768 408 874 452 μῆνας
895 411 978 443 κατὰ
998 411 1119 451 τρόπον

65 451 80 485 ὁ
101 451 207 490 ὁποῖος
227 450 418 492 προὐκάλεσε
441 451 499 485 καὶ
510 451 566 484 τὸν
587 452 650 493 ἔξω
671 454 722 490 τῆς
749 454 899 497 Ἑλλάδος
917 457 1119 501 θαυμασμόν.

71 495 404 533 (Χειροκροτήματα).

149 540 210 573 Δὲν
222 540 397 576 πρόκειται
413 541 451 574 νὰ
473 542 699 583 ταλαιπωρήσω
724 543 781 581 τὴν
801 541 930 589 Βουλὴν
954 547 997 585 εἰς
1017 558 1117 590 τεχνι-

63 586 121 624 κὰς
143 583 369 627 λεπτομερείας,
397 585 469 620 ὅσον
491 585 608 629 ἀφορᾷ
625 588 712 624 ἰδίως
732 590 812 621 διατὶ
836 589 1055 635 ἀπερρίψαμεν
1079 592 1113 626 τὸ

66 630 186 673 σχέδιον
202 630 468 675 Τάννενμπάουμ,
486 632 517 665 τὸ
540 632 644 668 ὁποῖον
667 633 721 673 ἦτο
743 635 822 673 ἄλλη
843 636 1040 678 ἐπανάληψις
1054 639 1118 680 τῆς

63 675 278 717 περιπτώσεως
303 676 437 709 Σβώλου
456 677 553 719 χωρὶς
573 678 637 711 κἂν
649 679 712 722 τὴν
729 679 804 714 τότε
821 682 1033 725 δικαιολογίαν
1058 683 1117 726 τῆς

62 721 302 760 προηγηθείσης
320 721 459 763 πλήρους
477 722 701 760 ἐκμηδενίσεως
723 723 782 759 τοῦ
798 727 1000 769 νομίσματος.
1015 728 1119 763 Ἀλλὰ

61 767 108 800 θὰ
128 765 209 800 ἔλθω
231 766 354 809 ἀμέσως
376 767 421 805 εἰς
445 767 498 809 τὴν
523 768 617 810 ἄλλην
641 767 839 810 κατηγορίαν
854 772 914 814 τὴν
937 773 1117 816 ἀφορῶσαν

61 811 119 849 τὴν
137 812 383 851 καθορισθεῖσαν
405 812 509 853 τιμήν.
525 812 622 855 Διότι,
642 814 714 848 ὅταν
737 815 753 853 ἡ
779 816 1045 858 Ἀντιπολίτευσις
1062 820 1118 851 ἀν-

64 856 204 899 τελήφθη
226 856 273 889 ὅτι
294 855 349 894 ἦτο
375 856 477 897 ἄκρως
499 859 722 897 ριψοκίνδυνον
746 860 787 895 νὰ
808 860 935 902 στρέψῃ
953 858 1009 901 τὴν
1031 864 1117 897 πολι-

66 901 154 939 τικήν
181 912 233 939 της
264 901 407 935 ἐναντίον
436 902 490 936 τοῦ
517 903 644 943 μέτρου,
673 904 832 941 ἐνετόπισε
859 907 918 945 τὰς
943 906 1117 949 ἐπικρίσεις

65 957 119 987 της
140 947 184 986 εἰς
203 946 239 980 τὸ
253 946 336 984 θέμα
360 947 411 990 τῆς
436 948 537 989 τιμῆς.
556 945 693 988 Λοιπόν,
709 947 783 985 αὐτὸ
802 951 857 983 διὰ
878 952 911 985 τὸ
931 952 1039 989 ὁποῖον
1060 963 1114 989 κα-

66 991 292 1036 τηγορήθημεν
305 992 387 1025 εἶναι
408 992 548 1033 ἀκριβῶς
570 994 667 1028 ἐκεῖνο
692 995 747 1025 διὰ
766 996 797 1030 τὸ
821 997 927 1032 ὁποῖον
954 998 1120 1041 ὑπερηφα-

65 1036 231 1075 νευόμεθα.
255 1036 323 1074 Τὴν
356 1037 648 1076 ἀναπροσαρμογὴν
678 1040 732 1079 τὴν
762 1041 1006 1084 ἀντελήφθησαν
1036 1044 1116 1086 ἴσως

61 1081 172 1115 πολλοὶ
188 1081 248 1114 καὶ
265 1081 313 1115 ἂν
336 1082 369 1114 αἱ
388 1083 593 1124 περιστάσεις
617 1084 648 1115 τὸ
679 1085 845 1124 ἐπέτρεπον
877 1087 919 1122 θὰ
944 1088 1003 1124 τὴν
1028 1087 1119 1130 εἶχον

61 1126 134 1166 ἴσως
159 1126 334 1168 ἐφαρμόσει
351 1122 446 1167 ,ἀλλὰ
462 1128 500 1162 τὸ
523 1129 647 1170 θάρρος
670 1130 709 1164 νὰ
731 1131 902 1175 φθάσωμεν
926 1135 969 1173 εἰς
994 1134 1049 1172 τὴν
1074 1146 1118 1168 τι-

64 1172 121 1209 μὴν
147 1172 209 1204 τῶν
229 1176 345 1205 30.000
373 1173 527 1210 δραχμῶν
545 1175 631 1209 κατὰ
651 1176 820 1215 δολλάριον
839 1177 894 1211 δὲν
912 1178 948 1212 τὸ
974 1178 1039 1216 εἶχε
1060 1191 1118 1214 κα-

63 1217 178 1253 κανείς.
197 1217 260 1246 Καὶ
280 1217 378 1260 ὅμως,
398 1218 414 1255 ἡ
435 1218 488 1256 ὅλη
511 1219 651 1250 ἐπιτυχία
672 1221 732 1255 τοῦ
745 1221 861 1263 μέτρου
883 1221 1063 1263 στηρίζεται
1082 1225 1116 1255 ἀ-

64 1262 183 1302 κριβῶς
203 1263 251 1300 εἰς
270 1262 301 1294 τὸ
324 1262 448 1305 θάρρος
475 1262 566 1297 αὐτό.
588 1265 922 1309 (Χειροκροτήματα).
943 1269 1049 1304 Καλὸν
1074 1267 1114 1305 εἶ-

65 1319 111 1339 ναι
130 1307 169 1340 νὰ
181 1307 230 1346 μὴ
243 1305 361 1342 εὑρεθῆ
373 1308 482 1348 κανεὶς
497 1309 543 1343 εἰς
557 1309 612 1342 τὴν
632 1310 774 1354 ἀνάγκην
791 1312 834 1345 νὰ
846 1312 969 1353 ὑποστῇ
980 1315 1115 1357 βαρεῖαν

64 1351 253 1393 ἐγχείρησιν,
276 1353 353 1387 ἀλλὰ
375 1353 412 1388 ἂν
437 1354 554 1396 εὑρεθῇ
574 1354 754 1397 ἀλλοίμονον
779 1357 822 1390 ἂν
838 1359 852 1388 ὁ
877 1359 983 1401 ἰατρὸς
1009 1359 1115 1395 διστά-

66 1409 99 1431 σῃ
122 1397 165 1430 νὰ
178 1397 375 1441 προχωρήσῃ
397 1398 439 1434 εἰς
458 1399 535 1432 ὅσον
559 1400 591 1430 τὸ
615 1401 746 1434 δυνατὸν
770 1402 978 1445 μεγαλύτερον
1002 1404 1116 1448 βάθος.

60 1442 166 1477 Μόνον
187 1443 439 1483 τοιουτοτρόπως
454 1444 535 1478 εἶναι
553 1446 690 1479 δυνατὸν
707 1447 745 1477 νὰ
767 1448 990 1492 ἀποφευχθοῦν
1011 1450 1116 1485 ἑστίαι

59 1488 253 1532 ὑποτροπῆς.
266 1488 336 1522 Καὶ
343 1489 475 1532 ἀτυχῶς
489 1490 512 1532 ἡ
528 1492 624 1526 πεῖρα
641 1492 680 1524 τῦ
697 1491 884 1536 Ἑλληνικοῦ
897 1495 1114 1540 παρελθόντος

63 1533 118 1566 δὲν
137 1532 203 1573 εἶχε
227 1533 349 1573 διδάξει
373 1533 448 1572 τοὺς
472 1535 724 1578 ἀντιδικοῦντας,
764 1537 883 1580 μεταξὺ
911 1539 971 1575 τῶν
995 1540 1108 1575 ὁποίων

64 1579 343 1620 συμπεριλαμβάνω
355 1579 409 1614 καὶ
427 1579 482 1613 τὸν
496 1582 686 1622 καθηγητὴν
702 1591 732 1618 κ.
751 1583 1002 1625 Βαρβαρέσσον.
1018 1586 1114 1622 Προ-

64 1623 239 1666 σεφύγαμεν
270 1622 424 1661 ἑκάστοτε
441 1621 517 1660 κατ’
537 1626 730 1672 ἐπανάληψιν
757 1628 799 1662 εἰς
827 1628 881 1674 τὴν
911 1632 1116 1672 ἀναπροσαρ-

61 1668 175 1711 μογήν,
196 1666 272 1702 ἀλλὰ
300 1669 436 1701 πάντοτε
463 1670 497 1705 ἐκ
523 1670 578 1704 τοῦ
605 1671 726 1714 τρόμου
751 1673 796 1707 νὰ
820 1674 1113 1719 ἀντιμετωπίσωμεν

61 1713 102 1746 τὰ
119 1713 238 1756 μεγάλα
263 1714 482 1756 προβλήματα,
504 1715 543 1749 τὰ
565 1716 661 1750 ὁποῖα
682 1718 874 1753 συνοδεύουν
893 1720 948 1761 τὴν
975 1721 1115 1764 ἀναπρο-

63 1759 226 1802 σαρμογήν,
254 1759 474 1801 κατεφύγαμεν
507 1761 551 1799 εἰς
582 1761 677 1799 αὐτὴν
708 1764 773 1807 μετ’
804 1764 954 1799 ἀπολύτου
988 1777 1115 1807 προχει-

61 1803 207 1845 ρότητος.
226 1803 345 1840 Σχεδὸν
368 1805 547 1848 κατήντησε
567 1806 611 1840 νὰ
630 1809 893 1851 νομιμοποιοῦμεν
914 1810 1019 1851 ἁπλῶς
1040 1811 1117 1853 ὑφι-

63 1849 215 1890 σταμένην
239 1849 285 1884 εἰς
303 1849 344 1882 τὰ
367 1850 542 1893 πράγματα
558 1850 765 1887 κατάστασιν.
785 1854 851 1887 Καὶ
873 1855 917 1896 ὡς
941 1855 975 1887 ἐκ
998 1855 1112 1889 τούτου

62 1893 263 1937 ὑφιστάμεθα
283 1894 478 1934 ὀλιγώτερον
492 1896 549 1937 μὲν
573 1897 739 1933 κλονισμὸν
767 1900 805 1933 ἐκ
824 1897 884 1940 τῆς
910 1900 1115 1943 ἀναπροσαρ-

60 1939 157 1982 μογῆς
189 1939 269 1973 ἀλλὰ
296 1939 348 1970 καὶ
380 1940 597 1977 ταὐτοχρόνως
631 1942 720 1975 οὐδὲν
743 1944 965 1985 μονιμώτερον
996 1945 1113 1988 ὄφελος

61 1983 93 2018 ἐκ
117 1983 245 2021 ταύτης.
266 1983 486 2023 Μετεβάλομεν
512 1986 687 2023 δραστικὸν
705 1988 900 2026 οἰκονομικὸν
926 1989 1038 2036 μέτρον
1066 1992 1112 2033 εἰς

61 2026 158 2061 ἁπλῆν
178 2029 405 2067 νομισματικὴν
423 2030 603 2072 ἀσπιρίνη.
621 2032 690 2066 Καὶ
708 2032 764 2075 ἦτο
786 2033 935 2076 ἑπόμενον
956 2035 997 2068 νὰ
1016 2035 1113 2077 ἀναγ-

60 2071 229 2112 καζώμεθα
252 2074 293 2108 νὰ
321 2074 549 2118 ἐπανέλθωμεν.
575 2076 699 2106 Κάποτε
731 2078 866 2125 μάλιστα
896 2079 1014 2121 συνέβη
1037 2078 1117 2116 ἀντὶ

60 2118 97 2150 ἐκ
107 2119 168 2158 τῆς
184 2119 472 2161 ἀναπροσαρμογῆς
488 2120 531 2155 νὰ
548 2120 676 2160 αὐξηθῇ
692 2123 722 2157 τὸ
745 2124 1038 2165 συναλλαγματικόν
1051 2134 1111 2165 μας

61 2163 217 2205 ἀπόθεμα,
234 2164 270 2193 νὰ
298 2164 495 2203 ἀπολέσωμεν
519 2166 576 2199 καὶ
600 2167 629 2197 τὸ
656 2167 810 2211 ὑπάρχον.
834 2169 879 2202 Δι’
907 2169 944 2202 ἓν
965 2168 1046 2212 ἴσως
1066 2171 1113 2206 θὰ

63 2208 248 2250 ἠδυνάμεθα
273 2209 317 2244 νὰ
343 2212 630 2252 κατηγορηθῶμεν,
659 2212 708 2247 ὅτι
738 2212 818 2253 ἴσως
849 2214 893 2248 θὰ
922 2214 1039 2257 ἔπρεπε
1070 2216 1110 2250 νὰ

61 2254 311 2298 προχωρήσωμεν
336 2254 395 2288 καὶ
410 2256 651 2299 περισσότερον.
668 2257 759 2291 Ἀλλ’
783 2255 869 2296 αὐτοὶ
895 2260 926 2292 οἱ
946 2272 1113 2306 προχειρο-

60 2298 152 2333 λόγοι
168 2299 240 2333 ὅταν
265 2300 534 2343 ἐδημοσιεύθησαν
560 2302 589 2335 αἱ
614 2303 753 2343 ἐκθέσεις
776 2304 834 2343 τὰς
853 2305 966 2343 ὁποίας
984 2305 1112 2346 εἴχαμεν

62 2343 106 2376 ὑπ’
135 2341 213 2385 ὄψει
229 2355 294 2383 μας
315 2345 374 2377 καὶ
394 2345 446 2379 τὰς
475 2346 585 2385 ὁποίας
608 2347 674 2386 εἶχε
695 2349 884 2382 καταρτίσει
901 2350 1022 2391 μικρὸν
1043 2351 1111 2387 ἱκα-

62 2388 111 2421 νὸν
137 2389 301 2423 ἐπιτελεῖον
327 2390 386 2423 ὑπὸ
412 2390 462 2421 τὸν
489 2392 678 2433 καθηγητὴν
700 2393 860 2432 Ζολώταν,
883 2395 955 2425 τότε
979 2395 1114 2433 ἐσιώπη-

63 2444 135 2468 σαν,
151 2433 229 2466 διότι
245 2434 282 2468 οἱ
298 2435 446 2476 ἀψευδεῖς
470 2437 601 2480 ἀριθμοὶ
619 2438 837 2475 ἀπεδείκνυον,
855 2440 902 2474 ὅτι
924 2438 965 2472 ἂν
983 2439 1115 2479 εἴχαμεν

60 2479 225 2520 καθορίσει
249 2479 338 2522 τιμὴν
366 2478 529 2523 δολλαρίου
560 2486 677 2513 23.000
705 2484 801 2527 δραχ.
825 2481 913 2521 πάλιν
942 2486 959 2523 ἡ
988 2486 1113 2523 ἐξαγω-

62 2520 97 2562 γή
125 2536 183 2561 μας
214 2525 379 2568 σταφίδος,
404 2526 526 2560 καπνοῦ
550 2526 605 2560 καὶ
630 2528 781 2562 πλείστων
806 2530 910 2563 ἄλλων
934 2530 1112 2571 προϊόντων

60 2568 100 2603 θὰ
117 2568 173 2611 ἦτο
197 2570 365 2610 δυσχερής.
386 2571 453 2604 Καὶ
469 2571 560 2605 πλέον
584 2572 692 2603 τούτου
714 2574 804 2616 ἡμεῖς
824 2575 879 2604 δὲν
899 2576 1053 2621 ἐκάμαμεν
1078 2577 1111 2610 ἀ-

61 2615 342 2658 ναπροσαρμογήν,
373 2616 602 2658 ἀποβλέποντες
622 2618 658 2651 νὰ
683 2619 909 2656 ξανακάμωμεν
951 2621 1029 2663 μετὰ
1048 2621 1111 2655 ἀπὸ

58 2657 128 2694 μίαν
154 2660 330 2700 τετραετίαν
353 2661 378 2697 ἢ
402 2662 582 2698 πενταετίαν
610 2663 686 2695 ἀλλὰ
712 2664 766 2696 διὰ
788 2664 829 2698 νὰ
853 2665 1110 2708 διασφαλίσωμεν

60 2700 225 2744 ὁριστικῶς
242 2705 300 2741 τὴν
320 2704 538 2746 σταθερότητα
555 2706 615 2742 τοῦ
629 2707 811 2751 Ἑλληνικοῦ
826 2719 893 2750 μας
907 2707 1109 2753 νομίσματος.

61 2748 126 2783 Καὶ
144 2751 190 2790 εἰς
209 2749 296 2785 τοῦτο
318 2751 339 2793 ἡ
366 2751 562 2792 στοιχειώδης
588 2753 722 2797 πρόνοια
742 2753 875 2791 ἐπέβαλε
897 2755 937 2789 νὰ
959 2756 1110 2798 διατηρή-

63 2806 157 2832 σωμεν
182 2795 260 2835 ὅριά
286 2804 354 2824 τινα
383 2796 569 2839 ἀσφαλείας.

152 2836 248 2870 Πολὺ
268 2840 332 2883 μᾶς
354 2841 532 2879 ἀπησχόησε
565 2842 597 2876 τὸ
622 2843 745 2886 ζήτημα
771 2845 824 2876 τοῦ
847 2845 983 2887 χρόνου,
1006 2845 1052 2875 θὰ
1074 2846 1104 2883 ἠ-

58 2879 190 2927 θέλαμεν
210 2885 285 2919 ὅσον
311 2885 343 2919 τὸ
367 2886 496 2920 δυνατὸν
522 2887 553 2916 τὸ
579 2887 762 2930 ταχύτερον,
783 2889 864 2923 ἀλλὰ
881 2890 934 2923 δὲν
957 2890 1110 2936 ἠδυνάμε-

60 2929 115 2961 θα.
131 2929 221 2962 Διότι
246 2930 381 2970 ἅπασαι,
401 2931 448 2971 ὡς
468 2931 596 2965 ἐτόνισα
620 2932 696 2975 ἤδη,
720 2934 758 2969 αἱ
778 2935 944 2977 ἀναγκαῖαι
971 2938 1110 2980 προϋπο-

59 2974 160 3013 θέσεις
185 2975 238 3008 διὰ
260 2975 315 3012 τὴν
338 2976 465 3014 ἐπιτυχῆ
488 2977 684 3020 ἐφαρμογὴν
697 2978 761 3012 τοῦ
778 2978 908 3020 μέτρου,
924 2980 1006 3022 πλὴν
1030 2980 1109 3013 ὅσον

61 3018 171 3063 ἀφορᾷ
191 3019 245 3057 τὴν
272 3021 499 3058 νομισματικὴν
522 3022 736 3061 κυκλοφορίαν
762 3023 812 3056 δὲν
840 3024 1027 3066 ὑφίσταντο.
1051 3023 1110 3059 Ἔ-

61 3075 151 3101 πρεπε
174 3064 276 3098 λοιπὸν
299 3065 345 3098 νὰ
361 3066 576 3109 ἀναβάλωμεν,
597 3064 673 3100 ἀλλὰ
694 3065 751 3100 καὶ
767 3065 856 3100 τοῦτο
880 3067 930 3110 ὄχι
951 3068 1110 3112 ἀπεριορί-

63 3119 151 3148 στως.
170 3109 256 3142 Διότι
270 3110 292 3147 ἡ
318 3110 480 3150 γοργότης
499 3113 556 3152 τῆς
575 3112 729 3151 κάμψεως
745 3114 800 3156 τῆς
811 3116 1028 3156 παραγωγῆς,
1053 3116 1108 3148 τοῦ

60 3153 339 3196 προϋπολογισμοῦ,
361 3155 419 3187 καὶ
434 3156 456 3197 ἡ
480 3156 623 3199 ἀσφυξία
647 3158 684 3188 ἐκ
704 3159 762 3189 τῶν
788 3159 978 3192 πιστωτικῶν
1004 3170 1109 3200 περιο-

62 3199 175 3242 ρισμῶν
196 3201 260 3240 μᾶς
278 3200 429 3242 ἀνησύχει
447 3201 552 3239 μήπως
573 3203 722 3244 προλάβῃ
738 3203 791 3242 τὴν
817 3204 1109 3247 ἀναπροσαρμογήν

60 3242 91 3277 τὸ
113 3244 207 3288 κράχ.
226 3245 484 3285 Ἀπεφασίσαμεν
506 3248 630 3287 τελικῶς
652 3248 689 3279 νὰ
712 3248 823 3286 εἴμεθα
843 3249 963 3288 ἕτοιμοι
979 3250 1037 3284 διὰ
1046 3249 1111 3283 τὸν

1186 229 1360 270 Ἀπρίλιον,
1392 234 1669 275 προεξοφλοῦντες
1694 237 1775 281 ὑπὲρ
1809 239 1899 280 ἡμῶν
1930 239 1984 278 τὴν
2020 240 2143 270 εὔνοιαν
2178 240 2237 277 τῆς

1186 278 1315 321 θερινῆς
1327 278 1488 315 περιόδου,
1507 278 1582 315 ὅσον
1606 281 1718 320 ἀφορᾷ
1733 283 1788 321 τὴν
1809 283 1971 320 ἐπίδρασιν
1989 285 2048 313 τῶν
2069 284 2161 323 τιμῶν
2183 284 2238 317 καὶ

1187 323 1235 363 τὰς
1261 324 1478 366 πληροφορίας
1504 337 1576 366 μας,
1597 327 1626 356 αἱ
1650 326 1757 362 ὁποῖαι
1777 329 1828 357 καὶ
1853 329 1886 358 ἐκ
1910 330 1968 361 τῶν
1990 330 2185 370 πραγμάτων
2207 330 2238 361 ἐ-

1183 369 1416 409 βεβαιώθησαν,
1443 371 1652 413 γενικώτερας
1682 373 1878 411 παγκοσμίου
1909 376 2161 415 κατευναστικῆς
2183 387 2239 408 πε-

1186 414 1291 455 ριόδου
1310 414 1347 455 μὲ
1372 416 1535 451 ἐπίδρασιν
1557 418 1711 459 πτωτικὴν
1735 418 1787 451 ἐπὶ
1803 419 1866 453 τῶν
1885 420 2021 453 διεθνῶν
2037 421 2148 463 τιμῶν.
2166 420 2242 454 Ἐπὶ

1183 459 1282 495 πλέον,
1308 460 1412 498 ἐπειδὴ
1438 461 1465 495 οἱ
1487 461 1646 499 Ἕλληνες
1666 462 1748 494 εἶναι
1769 464 1887 507 εὐφυὴς
1912 465 1984 503 λαὸς
2008 465 2059 498 καὶ
2081 466 2168 505 παρὰ
2192 465 2236 500 οἱ-

1184 505 1336 542 ανδήποτε
1360 506 1572 544 μυστικότητα
1590 508 1643 545 ἦτο
1664 509 1809 544 κίνδυνος
1832 509 1869 538 νὰ
1892 510 2152 548 προεξοφλήσουν
2174 521 2239 544 τοι-

1183 550 1283 587 αύτην
1301 551 1459 589 πολιτικὴν
1486 553 1545 589 τῆς
1565 553 1805 590 Κυβερνήσεως,
1831 552 1942 591 ἔπρεπε
1970 556 2008 584 νὰ
2033 556 2239 594 ἐπιχειρήσω-

1182 607 1234 633 μεν
1262 592 1457 629 συσκότισιν.
1498 597 1566 631 Καὶ
1586 599 1626 637 εἰς
1651 598 1739 629 τοῦτο
1766 601 1823 637 μᾶς
1850 600 2048 642 διηυκόλυνε,
2065 602 2145 633 κατὰ
2169 603 2228 634 ἰδα-

1184 640 1266 674 νικὸν
1291 641 1415 679 τρόπον,
1440 642 1458 679 ἡ
1485 643 1717 684 ἀναγγελθεῖσα
1739 645 1942 687 ἀναχώρησίς
1961 652 2019 689 μας
2045 647 2083 678 δι’
2110 646 2235 685 Ἀμερι-

1183 686 1238 724 κὴν
1267 687 1350 717 κατὰ
1376 684 1497 721 Μάϊον.
1521 688 1583 717 Καὶ
1613 687 1668 730 ἦτο
1697 689 1830 728 φυσικὸν
1860 690 1949 720 πλέον
1980 691 2097 733 πάντες
2121 692 2161 726 νὰ
2188 703 2236 726 πι-

1184 731 1321 770 στεύουν,
1344 732 1388 765 ὅτι
1411 732 1466 766 καὶ
1485 731 1523 765 ἂν
1545 734 1674 773 τελικῶς
1693 734 1747 771 ἦτο
1770 735 1921 765 ἀδύνατον
1945 737 1981 766 νὰ
2006 735 2193 778 ἀποφευχθῇ
2215 736 2236 778 ἡ

1183 777 1459 819 ἀναπροσαρμογὴ
1480 778 1568 820 αὕτη,
1589 780 1654 814 κατ’
1682 780 1801 809 οὐδένα
1819 781 1933 818 τρόπον
1957 782 2002 811 θὰ
2024 782 2232 821 ἀπεφασίζετο

1180 822 1239 858 πρὸ
1262 821 1312 859 τῆς
1334 823 1528 866 ἐπιστροφῆς
1546 835 1604 861 μου
1624 825 1656 860 ἐξ
1681 825 1859 865 Ἀμερικῆς,
1880 826 1932 858 καὶ
1950 827 2003 865 τὴν
2025 827 2242 869 ἐξασφάλισιν

1184 868 1239 906 τῆς
1266 868 1529 908 συγκαταθέσεως
1550 869 1621 903 τῶν
1645 866 1876 908 Ἀμερικανῶν.
1903 872 2157 909 Τοιουτοτόπως
2211 873 2232 914 ἡ

1183 913 1355 954 ἀναγγελία
1382 911 1498 947 εἴκοσιν
1525 914 1654 956 ἡμέρας
1675 915 1733 952 πρὸ
1764 917 1817 953 τῆς
1848 916 2076 957 ἀναχωρήσεώς
2107 929 2162 956 μου
2191 916 2240 951 δι’

1182 957 1363 999 Ἀμερικήν,
1396 959 1523 996 ὑπῆρξε
1553 960 1720 1001 πράγματι
1744 961 1984 1003 αἰφνιδιασμός.
2012 962 2124 1000 Ἀφοῦ
2150 962 2238 1000 ἦσαν

1182 1003 1239 1035 ὅλα
1256 1003 1392 1043 περίπου
1413 1003 1529 1042 ἕτοιμα,
1555 1004 1616 1038 εἴτε
1639 1003 1721 1045 εἶχον
1745 1005 1852 1047 ληφθῆ
1876 1006 1914 1036 τὰ
1937 1007 2042 1049 μέτρα,
2068 1007 2126 1038 εἴτε
2150 1006 2240 1045 ἦσαν

1180 1046 1286 1088 ἕτοιμα
1306 1048 1360 1081 διὰ
1383 1049 1418 1082 νὰ
1435 1050 1594 1089 ληφθοῦν,
1614 1049 1701 1092 ἔμενε
1721 1050 1767 1084 νὰ
1782 1051 2026 1094 ἐνημερώσωμεν
2048 1050 2080 1087 τὸ
2104 1053 2233 1092 Διεθνὲς

1183 1093 1421 1135 Νομισματικὸν
1439 1095 1591 1136 Ταμεῖον.
1606 1095 1696 1130 Διότι
1713 1096 1728 1126 ὁ
1751 1105 1783 1130 κ.
1801 1096 1965 1140 Διοικητὴς
1988 1098 2041 1135 τῆς
2066 1098 2235 1139 Τραπέζης

1184 1140 1240 1179 τῆς
1258 1139 1412 1180 Ἑλλάδος,
1436 1138 1516 1182 εἶχεν
1539 1137 1716 1181 ἐπισκεφθῆ
1735 1142 1817 1175 κατὰ
1835 1142 1888 1175 τὸν
1912 1143 2111 1185 παρελθόντα
2131 1143 2234 1186 Νοέμ-

1181 1184 1269 1223 βριον
1296 1184 1356 1228 τὴν
1377 1185 1547 1224 Ἀμερικὴν
1572 1185 1630 1221 καὶ
1651 1186 1711 1224 εἶχε
1739 1187 1801 1228 τὴν
1820 1187 1982 1232 εὐκαιρίαν
2009 1188 2047 1220 νὰ
2074 1189 2234 1232 συζητήσῃ

1178 1230 1233 1264 ἐπὶ
1253 1228 1311 1265 τῶν
1337 1230 1479 1272 θεμάτων
1507 1231 1606 1266 αὐτῶν
1628 1231 1682 1265 καὶ
1707 1232 1750 1266 νὰ
1771 1231 1909 1275 γνωρίζῃ
1934 1233 1986 1269 τὰς
2014 1231 2150 1276 ἀπόψεις
2174 1235 2243 1272 τῶν

1180 1275 1419 1309 διευθυνόντων.
1442 1275 1595 1317 Συνεπῶς
1616 1273 1828 1319 ἐγνωρίζαμεν
1851 1278 1897 1311 ὅτι
1924 1278 1957 1312 τὸ
1978 1278 2107 1318 Διεθνὲς
2135 1279 2235 1317 Νομι-

1180 1320 1330 1362 σματικὸν
1352 1320 1487 1360 Ταμεῖον
1510 1318 1627 1363 ἔπρεπε
1647 1322 1689 1355 νὰ
1707 1322 1845 1365 ἐγκρίνῃ
1861 1323 1916 1361 τὴν
1941 1323 2080 1367 ἀνάγκην
2103 1324 2161 1358 τοῦ
2182 1325 2235 1362 μέ-

1180 1376 1268 1406 τρου.
1292 1365 1346 1399 Θὰ
1365 1366 1552 1408 ἠδυνάμεθα
1575 1366 1651 1401 ἴσως
1679 1367 1720 1397 νὰ
1746 1368 1999 1409 προχωρήσωμεν
2028 1370 2069 1405 εἰς
2097 1369 2153 1408 τὴν
2181 1370 2237 1408 λῆ-

1179 1413 1233 1452 ψιν
1258 1408 1316 1440 τοῦ
1335 1411 1455 1452 μέτρου
1476 1411 1548 1447 ἄνευ
1574 1413 1629 1450 τῆς
1655 1412 1786 1454 γνώμης
1828 1413 1889 1444 τοῦ
1903 1414 2150 1455 Νομισματικοῦ
2170 1414 2235 1448 Τα-

1179 1456 1268 1498 μείου
1284 1456 1361 1490 ἀλλὰ
1379 1456 1396 1492 ἡ
1419 1456 1618 1499 Κυβέρνησις
1640 1457 1691 1491 δὲν
1711 1457 1836 1500 ἤθελεν,
1851 1458 1893 1492 ἐπ’
1918 1459 2020 1492 οὐδενὶ
2039 1459 2120 1502 λόγῳ
2141 1460 2184 1494 νὰ
2198 1461 2235 1491 ἀ-

1180 1501 1302 1545 γνοήσῃ
1322 1501 1380 1535 ἕνα
1403 1501 1644 1544 Ὀργανισμόν,
1661 1504 1716 1536 τοῦ
1738 1502 1844 1538 ὁποίου
1871 1504 1902 1535 τὸ
1928 1502 2022 1541 ἔργον
2049 1505 2161 1548 ἐκτιμᾷ
2179 1506 2233 1539 καὶ

1179 1548 1219 1581 εἰς
1247 1546 1299 1577 τὸν
1324 1547 1431 1581 ὁποῖον
1456 1547 1649 1585 ὀργανισμὸν
1678 1548 1886 1589 συμμετέχουν
1912 1549 2071 1592 πράγματι
2098 1550 2228 1594 μεγάλαι

1179 1591 1374 1634 οἰκονομικαὶ
1401 1592 1689 1629 προσωπικότητες.
1714 1593 1867 1629 Ἔπρεπε,
1894 1594 2018 1634 λοιπόν,
2045 1595 2085 1629 νὰ
2112 1595 2235 1633 ἔχωμεν

1179 1636 1233 1675 τὴν
1254 1637 1379 1678 γνώμην
1403 1637 1460 1671 τοῦ
1481 1638 1718 1682 Νομισματικοῦ
1743 1639 1889 1676 Ταμείου,
1915 1639 1981 1668 ἀλλ’
2002 1640 2163 1682 ἐννοεῖται,
2182 1638 2232 1676 ὅτι

1179 1682 1248 1715 ὅλαι
1268 1682 1358 1715 αὐταὶ
1403 1682 1433 1716 αἱ
1458 1682 1640 1724 συζητήσεις
1684 1683 1906 1720 προσέκρουον
1944 1684 1996 1718 καὶ
2019 1685 2060 1721 εἰς
2083 1685 2153 1715 ἄλλο
2179 1698 2233 1723 ση-

1175 1727 1276 1770 μεῖον,
1293 1727 1341 1767 εἰς
1361 1727 1415 1764 τὴν
1438 1727 1579 1764 ἀνάγκην
1604 1729 1655 1763 τῆς
1678 1728 1821 1770 πλήρους
1840 1729 2056 1769 συσκοτίσεως,
2079 1730 2163 1763 διότι
2180 1731 2234 1764 ἀν-

1179 1771 1400 1809 τιλαμβάνεσθε
1426 1772 1452 1801 τί
1473 1772 1520 1806 θὰ
1532 1770 1591 1815 ἦτο
1617 1773 1675 1803 ἐὰν
1692 1773 1709 1811 ἡ
1735 1774 2005 1817 ἀναπροσαρμογὴ
2028 1775 2145 1813 ἐγίνετο
2168 1788 2232 1809 κοι-

1179 1817 1235 1849 νὸν
1247 1817 1413 1852 μυστικόν.
1426 1817 1576 1858 Ἔπρεπε
1590 1818 1629 1848 νὰ
1651 1819 1874 1860 συνεργάζεται
1893 1820 2002 1860 κανεὶς
2035 1821 2162 1863 πρῶτον
2173 1820 2233 1853 καὶ

1178 1862 1216 1895 νὰ
1235 1862 1383 1905 λαμβάνῃ
1403 1863 1624 1903 ταὐτοχρόνως
1645 1864 1703 1898 ὅλα
1725 1864 1761 1894 τὰ
1785 1863 1889 1901 μέτρα
1909 1865 2098 1911 ἀσφαλείας,
2114 1865 2169 1901 διὰ
2189 1867 2233 1898 νὰ

1178 1907 1221 1947 μὴ
1246 1907 1319 1949 γίνῃ
1345 1907 1471 1954 καμμία
1489 1908 1632 1950 διαφυγὴ
1658 1908 1717 1943 καὶ
1739 1907 1876 1946 μάλιστα
1899 1910 1940 1944 εἰς
1970 1910 2074 1952 χώραν
2103 1911 2185 1945 ὅπου
2207 1911 2226 1950 ἡ

1176 1950 1315 1990 διαφυγὴ
1343 1952 1427 1986 εἶναι
1447 1952 1539 1989 τόσον
1568 1953 1727 1995 ἀγαπητὸς
1755 1954 1873 1990 κανών.
1901 1955 2147 2001 Περιωρίσαμεν
2172 1956 2230 1990 τὸν

1177 1997 1287 2032 κύκλον
1311 1998 1371 2033 τῶν
1395 1998 1614 2039 ἐργαζομένων
1657 1998 1740 2041 πρὸς
1760 1999 1812 2034 τὸν
1838 1999 1952 2032 σκοπὸν
1976 2001 2082 2030 τοῦτον
2127 2001 2168 2036 εἰς
2193 2001 2225 2037 τὸ

1179 2042 1372 2080 στενώτατον
1398 2043 1529 2077 δυνατὸν
1558 2042 1664 2081 ὅριον.
