2472 3500
47 236 142 275 σιώδη
169 224 464 264 συναλλαγματικὴν
489 222 689 269 ἐπιβάρυνσιν
720 223 773 259 τῆς
804 220 941 257 Χώρας.
984 218 1100 265 Χωρὶς

49 279 184 319 καμμίαν
193 271 391 312 ἀμφιβολίαν
412 269 471 302 καὶ
482 267 573 309 ἡμεῖς
589 267 809 308 ἀποβλέπομεν
834 267 875 302 εἰς
901 266 933 296 τὸ
958 266 1000 298 νὰ
1019 275 1094 303 προ-

50 325 204 369 χωροῦμεν
222 319 265 357 εἰς
286 314 462 349 ἐπενδύσεις
484 314 516 345 αἱ
538 313 641 346 ὁποῖαι
661 312 681 355 ἢ
697 312 747 345 θὰ
763 311 931 353 αὐξήσουν
951 310 1022 350 τοὺς
1038 319 1095 344 συ-

52 361 308 408 ναλλαγματικούς
321 369 385 399 μας
398 356 531 400 πόρους,
545 357 569 400 ἢ
584 360 630 392 θὰ
643 357 766 398 κάμουν
782 356 963 393 οἰκονομίαν
979 355 1025 397 εἰς
1037 355 1096 395 τὰς

49 406 332 452 συναλλαγματικάς
352 416 417 448 μας
442 402 598 441 δαπάνας.
622 402 718 432 Ἀλλὰ
741 403 765 437 ὁ
787 401 895 436 κανὼν
918 400 1015 441 αὐτὸς
1040 400 1094 436 δὲν

47 459 122 496 εἶναι
146 453 278 490 δυνατὸν
301 451 342 485 νὰ
361 449 445 484 εἶναι
464 449 545 482 ἄνευ
567 447 762 489 ἐξαιρέσεως
779 447 836 480 καὶ
858 446 1011 488 ἀσφαλῶς
1028 446 1096 482 ἐπι-

49 500 219 545 βεβλημένη
239 496 404 537 ἐξαίρεσις
426 494 512 529 εἶναι
534 493 578 529 τὰ
602 493 714 530 δίκτυα
739 490 927 534 μεταφορᾶς
949 491 1004 527 καὶ
1024 490 1095 526 δια-

47 547 153 590 νομῆς.
172 544 284 585 Ἡμεῖς
305 542 363 575 δὲν
380 539 585 582 συνεχίζομεν
597 537 646 573 τὰ
665 537 830 578 βαρύτατα
848 537 889 571 ἐκ
901 536 965 573 τοῦ
985 534 1099 579 παρελ-

46 594 160 634 θόντος
173 586 349 631 σφάλματα.
366 584 535 627 Ἐξήγησα
548 582 799 625 προηγουμένως
816 581 854 615 τὸ
869 581 1100 619 ἀσύγγνωστον

49 639 141 677 λάθος
162 635 205 668 νὰ
221 632 360 675 δεχθοῦν
383 631 431 670 εἰς
451 629 492 663 τὸ
508 628 673 672 παρελθὸν
695 627 751 666 τὴν
778 626 953 668 περικοπὴν
970 626 1039 663 ἀπὸ
1058 626 1099 661 τὸ

49 682 238 724 πρόγραμμα
253 678 312 717 τῆς
329 675 475 715 ἑνώσεως
492 675 553 711 τῶν
569 673 633 710 δύο
649 673 843 715 ἠλεκτρικῶν
863 673 1014 709 δικτύων.
1026 671 1098 707 Ἀλ-

49 729 87 766 λὰ
100 727 141 760 ἂν
156 725 260 758 ἐκεῖνο
280 720 339 758 ἦτο
354 719 465 760 λάθος,
481 720 551 760 πῶς
566 719 612 751 νὰ
626 717 774 758 ὀνομάσῃ
790 717 900 760 κανεὶς
918 717 954 750 τὸ
974 717 1026 753 ὅτι
1041 727 1099 750 κα-

48 769 264 812 τεσκευάζοντο
282 767 317 800 αἱ
338 765 438 805 πηγαὶ
457 764 644 807 ἠλεκτρικῆς
665 763 831 807 ἐνεργείας
851 763 900 803 εἰς
917 762 1098 803 διαφόρους

49 813 247 856 περιφερείας
266 812 325 850 τῆς
344 809 505 849 Ἑλλάδος,
522 809 564 853 μὲ
581 809 644 848 τὴν
662 807 880 850 δικαιολογίαν
900 806 1100 848 ἀποκεντρώ-

49 869 139 903 σεως,
145 859 208 891 ἵνα
228 854 353 895 δηλαδὴ
364 856 403 890 ἐκ
425 855 539 887 τούτου
555 854 749 894 ὠφεληθοῦν
767 852 991 895 περισσότεραι
1007 851 1100 886 ἀστι-

49 907 101 940 καὶ
119 903 173 940 καὶ
196 902 365 946 ἀγροτικαὶ
383 897 582 942 περιφέρειαι
609 900 671 938 τῆς
688 896 844 936 Ἑλλάδος
864 898 923 932 καὶ
944 897 1056 939 παύσῃ
1075 897 1096 937 ἡ

50 949 180 991 συνεχὴς
196 945 414 987 μονοπώλησις
434 945 502 978 τῶν
522 943 686 983 Ἀθηνῶν.
705 941 774 978 Καὶ
792 942 883 983 ὅμως
902 942 940 977 ἐν
960 941 1003 983 τῇ
1018 941 1101 984 πρά-

49 998 98 1039 ξει
107 994 196 1030 πᾶσα
207 990 411 1033 παραγομένη
428 989 585 1032 ἐνέργεια
599 988 656 1023 δὲν
671 988 721 1021 θὰ
734 987 789 1025 ἦτο
806 986 951 1021 δυνατὸν
960 987 1007 1025 νὰ
1018 992 1100 1028 χρη-

49 1037 239 1083 σιμοποιηθῇ
248 1033 341 1078 παρὰ
353 1035 457 1078 μόνον
471 1035 521 1074 εἰς
532 1033 595 1074 τὰς
612 1033 769 1073 Ἀθήνας.
787 1031 857 1069 Καὶ
871 1032 970 1070 μόνον
988 1031 1096 1069 λοιπὸν

44 1087 92 1123 ὅτι
109 1084 125 1121 ἡ
150 1081 314 1124 συμφωνία
323 1080 387 1123 τῆς
402 1079 545 1121 Γαλλίας
559 1078 642 1117 αἴρει
659 1077 764 1117 αὐτὴν
779 1078 833 1117 τὴν
856 1076 1022 1115 ἀνισότητα
1042 1076 1101 1112 καὶ

41 1127 172 1165 ἀδικίαν
181 1127 238 1161 καὶ
247 1126 408 1166 ἐπιτρέπει
422 1124 481 1160 καὶ
490 1126 542 1165 εἰς
550 1124 673 1165 ἄλλους
686 1121 847 1163 Ἕλληνας
862 1122 920 1157 καὶ
930 1119 988 1165 ὄχι
999 1122 1100 1168 μόνον

45 1176 92 1215 εἰς
105 1173 178 1212 τοὺς
191 1172 381 1206 Ἀθηναίους
400 1171 447 1206 νὰ
457 1170 653 1199 ἀπολαύσουν
666 1166 758 1204 ἔστω
769 1168 857 1205 κατὰ
868 1168 909 1205 ἕν
921 1168 1024 1210 μέρος
1032 1167 1097 1202 τῶν

43 1220 176 1260 ἀγαθῶν
190 1218 253 1251 τοῦ
264 1212 528 1256 ἐξηλεκτρισμοῦ,
544 1214 625 1248 εἶναι
642 1213 821 1257 πρωτίστης
835 1213 966 1253 τάξεως
977 1213 1099 1250 ὑπηρε-

43 1265 107 1300 σία
117 1262 204 1306 πρὸς
224 1261 278 1304 τὴν
304 1260 458 1296 ὕπαιθρον
482 1261 535 1297 τῆς
565 1258 733 1298 Ἑλλάδος.
752 1253 880 1301 Ἀφίνω
890 1257 953 1295 ὅτι
970 1253 1032 1292 καὶ
1048 1258 1098 1301 εἰς

47 1309 109 1345 τὸν
117 1307 218 1347 τομέα
230 1306 335 1339 αὐτὸν
350 1305 510 1345 ὑπάρχουν
537 1303 827 1347 συναλλαγματικαὶ
846 1302 1026 1344 οἰκονομίαι
1042 1303 1104 1337 καὶ

49 1349 68 1392 ὁ
86 1353 193 1390 τρόπος
220 1351 253 1390 μὲ
278 1351 333 1389 τὸν
358 1351 463 1380 ὁποῖον
487 1349 698 1391 προβλέπεται
718 1348 746 1387 ἡ
764 1348 916 1383 ἐκτέλεσις
943 1347 1004 1383 τοῦ
1019 1354 1098 1391 προ-

46 1399 231 1439 γράμματος
247 1395 309 1429 καὶ
321 1396 347 1434 ἡ
363 1395 532 1436 κατανομὴ
548 1394 683 1429 δύναται
700 1395 750 1434 εἰς
769 1393 824 1431 τὴν
847 1393 964 1429 οὐσίαν
980 1393 1027 1431 νὰ
1041 1402 1105 1430 κα-

44 1443 163 1486 ταλήξῃ
179 1442 238 1479 καὶ
259 1442 305 1484 εἰς
325 1440 562 1477 ἐξοικονόμησιν
588 1438 852 1482 συναλλάγματος,
878 1438 1023 1477 ἀσχέτως
1040 1440 1093 1467 τοῦ

48 1488 218 1529 γεγονότος,
244 1488 295 1520 ὅτι
316 1486 448 1522 Κράτος
472 1485 638 1523 σεβόμενον
667 1484 721 1518 τὴν
749 1483 922 1522 ἀποστολήν
951 1495 1025 1521 του,
1041 1483 1092 1512 δὲν

49 1534 84 1562 θὰ
110 1533 221 1575 πρέπει
238 1532 283 1566 νὰ
303 1531 438 1575 διστάζῃ
456 1530 501 1560 νὰ
521 1529 750 1574 ἀντιμετωπίσῃ
773 1528 824 1563 καὶ
852 1529 1105 1570 συναλλαγματι-

45 1579 100 1615 κὴν
125 1578 223 1619 ἀκόμη
245 1577 463 1613 ἐπιβάρυνσιν,
484 1575 564 1613 πρὸς
584 1574 822 1613 ἐξυπηρέτησιν
838 1574 983 1621 βασικῶν
1001 1574 1101 1615 ἀναγ-

45 1625 105 1659 κῶν
123 1624 180 1661 τοῦ
204 1623 393 1667 πληθυσμοῦ.
420 1620 545 1661 Ὅπως
562 1620 605 1650 θὰ
625 1619 659 1653 τὸ
684 1619 852 1663 πράξωμεν
876 1620 910 1655 λ.
927 1627 963 1658 χ.
981 1618 1039 1653 διὰ
1054 1619 1102 1658 νὰ

50 1667 295 1712 διασφαλίσωμεν
321 1665 529 1705 ἐνδεχομένως
555 1665 615 1701 τὴν
634 1665 782 1703 ὕδρευσιν
809 1665 867 1694 τῶν
892 1664 1051 1702 Ἀθηνῶν,
1075 1663 1101 1701 ἢ

50 1714 107 1757 τὰς
124 1711 334 1748 τηλεφωνικὰς
363 1711 541 1747 συνδέσεις.
580 1709 686 1745 Ἐκτὸς
716 1708 836 1749 τούτου,
862 1709 936 1739 ὅταν
964 1708 995 1738 τὸ
1022 1708 1097 1746 πρό-

50 1758 172 1796 γραμμά
197 1768 253 1794 μας
281 1756 492 1798 προχωρήσῃ,
509 1755 551 1785 θὰ
574 1756 633 1798 μᾶς
662 1754 746 1792 δώσῃ
773 1754 867 1784 τόσον
894 1754 1092 1790 συνάλλαγμα

49 1803 120 1833 ὥστε
141 1803 177 1832 νὰ
200 1803 259 1840 μὴν
282 1801 406 1839 ὑπάρξῃ
428 1801 571 1837 κίνδυνος
593 1800 636 1839 νὰ
654 1799 805 1839 μείνωμεν
827 1799 921 1842 χωρὶς
948 1799 1101 1827 συνάλλα-

49 1860 128 1886 γμα.
137 1848 198 1878 Καὶ
217 1849 272 1883 σᾶς
291 1847 370 1888 λέγω
391 1847 440 1876 διὰ
462 1846 493 1876 τὸ
515 1846 614 1885 νίκελ,
628 1845 677 1875 διὰ
698 1845 729 1874 τὸ
749 1845 856 1874 ὁποῖον
877 1844 957 1873 εἶναι
976 1843 1101 1880 ἐνδεχό-

49 1905 134 1939 μενον
158 1893 196 1923 νὰ
221 1893 324 1922 εἴπουν
350 1893 401 1922 ὅτι
421 1891 474 1932 ἦτο
501 1890 558 1921 ἀπὸ
585 1890 641 1925 τὴν
666 1889 907 1935 προηγουμένην
932 1888 1101 1928 Κυβέρνη-

51 1949 111 1974 σιν.
122 1937 177 1967 Διὰ
198 1937 230 1967 τὸ
251 1937 330 1967 νίκελ
353 1937 406 1966 ἐὰν
427 1936 502 1980 γίνῃ
519 1936 590 1970 ἕνας
613 1937 762 1971 φοῦρνος,
784 1934 825 1965 θὰ
849 1933 956 1970 ἀφήνῃ
977 1933 1019 1967 εἰς
1038 1933 1104 1970 τὴν

48 1983 166 2024 Χώραν
184 1982 276 2020 μόνος
303 1993 354 2011 του
382 1985 551 2019 7.000.000
580 1980 727 2017 δολλάρια
755 1979 786 2009 τὸ
813 1979 905 2014 ἔτος.
920 1978 980 2008 Δὲν
1005 1978 1097 2019 ἠξεύ-

50 2038 121 2062 ρετε,
151 2028 303 2069 ἀκριβῶς,
323 2028 384 2062 πῶς
413 2026 526 2066 γίνεται
559 2025 650 2062 αὐτὸς
680 2025 694 2055 ὁ
724 2027 880 2062 φοῦρνος;
908 2023 968 2055 Ἔ,
988 2023 1101 2053 λοιπὸν

49 2073 219 2111 συμμετέχει
247 2073 261 2102 ὁ
290 2071 422 2115 Κρούπ.
440 2071 531 2101 Κατὰ
558 2073 645 2104 ποῖον
674 2070 804 2108 τρόπον;
834 2068 922 2097 Δίδει
946 2068 1097 2097 πίστωσιν

49 2118 100 2149 ἐπὶ
116 2120 167 2146 τοῦ
197 2117 303 2150 60%
330 2118 388 2147 τῶν
412 2116 646 2160 μηχανημάτων
671 2115 726 2152 καὶ
749 2115 843 2156 μόνον
869 2114 902 2143 τὸ
930 2113 1031 2152 πολύ,
1043 2114 1093 2141 διὰ

49 2162 99 2190 δύο
118 2162 191 2200 ἔτη.
200 2162 308 2192 Ὅταν
324 2162 409 2200 ἡμεῖς
432 2162 594 2207 ἐρχώμεθα
617 2160 675 2190 ἀπὸ
696 2161 750 2194 τὴν
771 2159 951 2203 Γερμανίαν
970 2158 1020 2187 καὶ
1042 2170 1101 2187 πα-

51 2208 180 2245 ρέχωμεν
201 2208 255 2246 τὴν
277 2207 468 2240 δυνατότητα
490 2206 670 2236 πιστώσεων
692 2209 707 2236 8
729 2205 747 2242 ἢ
771 2209 808 2235 10
831 2205 849 2241 ἢ
871 2204 924 2243 καῖ
946 2207 982 2234 12
1008 2204 1099 2240 ἐτῶν,

48 2253 216 2290 ἐρωτῶμεν,
237 2252 498 2297 ἀντιλαμβάνεσθε
523 2252 556 2289 τί
570 2251 713 2293 σημαίνει
734 2250 822 2296 αὐτό,
841 2251 915 2280 ὅταν
937 2248 1011 2282 ἀντὶ
1025 2248 1101 2285 ἑνὸς

48 2296 160 2342 ἔχωμεν
185 2298 238 2328 δύο
265 2298 316 2332 καὶ
345 2299 425 2338 τρεῖς
455 2297 628 2333 φούρνους;
660 2295 821 2332 Σημαίνει,
851 2295 892 2325 ὅτι
924 2305 1102 2338 πραγματι-

45 2343 103 2377 κῶς
135 2343 263 2381 ἠμπορεῖ
288 2343 327 2373 νὰ
356 2342 472 2380 ἀλλάξῃ
502 2342 533 2371 τὸ
564 2341 731 2380 ἐμπορικὸν
759 2340 917 2384 ἰσοζύγιον
947 2340 1000 2375 τῆς
1031 2339 1091 2377 Ἑλ-

40 2387 149 2423 λάδος.

130 2449 170 2481 Γ.
190 2448 477 2479 ΓΡΗΓΟΡΙΟΥ.
492 2447 655 2493 Εὑρήκατε
685 2447 738 2483 τὴν
767 2446 870 2483 βάσιν,
891 2445 978 2483 κύριε
1005 2444 1091 2486 Μαρ-

47 2493 154 2536 κεζίνη,
179 2494 230 2529 καὶ
254 2493 495 2540 ἐπροχωρήσατε
519 2492 606 2532 παρὰ
629 2492 726 2530 πέρα.

132 2554 176 2593 Σ.
193 2554 490 2582 ΜΑΡΚΕΖΙΝΗΣ
523 2553 615 2586 (Ὑπ.
635 2551 802 2590 Συντον.).
827 2552 891 2587 Σᾶς
921 2551 1097 2596 ἀπήντησα.

48 2597 101 2636 Μὲ
113 2599 168 2633 ὅ,τι
190 2599 319 2638 ἐκάματε
343 2598 394 2627 καὶ
417 2598 511 2636 χωρὶς
535 2598 573 2627 νὰ
596 2597 772 2635 παράσχετε
786 2597 851 2637 τὰς
873 2596 1095 2641 δυνατότητας,

49 2642 178 2671 ἐδώσατε
204 2644 305 2678 ἁπλῶς
332 2644 383 2672 ἕνα
408 2644 593 2680 προνόμιον.
616 2642 698 2671 Ἀλλ’
727 2642 804 2680 αὐτὴ
830 2642 848 2679 ἡ
876 2641 1036 2680 σύμβασις
1053 2640 1094 2669 θὰ

49 2687 208 2723 ἐξετελεῖτο
231 2689 266 2727 μὲ
289 2688 341 2718 τὸν
366 2688 482 2726 ρυθμὸν
505 2687 683 2717 πιστώσεων
707 2688 746 2716 δι’
771 2687 824 2716 ἕνα
850 2688 988 2723 φοῦρνον
1011 2685 1092 2720 κάτω

52 2734 105 2761 τῶν
128 2734 180 2762 δύο
204 2734 286 2762 ἐτῶν
300 2734 350 2762 καὶ
369 2733 403 2778 μὲ
427 2732 608 2771 γοργότητα
630 2732 779 2770 χελώνης.
801 2731 896 2769 Τώρα
920 2731 1093 2771 παρέχομεν

51 2777 100 2815 τὴν
127 2779 318 2814 δυνάτοτητα
344 2778 522 2808 πιστώσεων
547 2778 647 2817 πέραν
676 2777 846 2812 ὀκταετίας,
876 2774 1096 2814 ἐνδεχομένως,

47 2823 101 2857 καὶ
119 2824 151 2860 μὲ
176 2825 227 2854 ὅλα
252 2824 288 2853 τὰ
313 2824 429 2852 δυνατὰ
451 2823 539 2871 μέσα,
564 2822 653 2851 ὑλικὰ
679 2822 751 2858 δηλ.
770 2822 819 2851 διὰ
845 2820 899 2852 δύο
925 2820 1096 2857 φούρνους,

47 2867 249 2906 ἐνδεχομένως
275 2869 332 2908 καὶ
349 2869 446 2908 τρεῖς.
466 2867 583 2897 Λοιπὸν
610 2867 679 2897 ἰδοὺ
703 2867 720 2905 ἡ
749 2866 901 2905 διαφορά.
926 2866 963 2895 Τί
990 2865 1092 2905 σχέσιν

48 2911 103 2949 ἔχει
129 2914 176 2943 ὅτι
192 2914 321 2953 ἐκάματε
343 2913 397 2944 τὴν
422 2913 618 2963 συμφωνίαν;

134 2966 195 2998 Ἐπὶ
221 2966 311 3006 πλέον
336 2966 387 2995 δὲν
411 2965 516 3003 πρέπει
543 2965 643 3001 οὐδεὶς
671 2965 706 2994 νὰ
729 2965 861 3002 ὑποτιμᾷ
886 2964 928 2993 ὅτι
955 2963 1094 2998 τοιούτου

49 3010 144 3047 εἴδους
170 3011 347 3049 συμφωνίαι
368 3011 533 3048 ἀποτελοῦν
559 3011 589 3039 ἐν
614 3010 773 3056 τελευταίᾳ
796 3009 943 3038 ἀναλύσει
965 3009 1015 3044 καὶ
1040 3008 1094 3048 τὴν

49 3056 222 3094 καλύτεραν
237 3056 367 3092 μέθοδον
391 3055 601 3092 προωθήσεως
625 3054 807 3096 ὡρισμένων
830 3055 1002 3091 ἐξαγωγῶν
1026 3065 1097 3091 μας,

49 3099 126 3136 ὅπως
149 3101 394 3143 συγκεκριμένως
413 3102 467 3130 τοῦ
488 3102 629 3139 καπνοῦ.
638 3099 680 3139 Τὸ
705 3099 826 3135 βλέπετε
849 3099 909 3136 ἤδη
934 3099 966 3136 μὲ
990 3099 1041 3135 τὴν
1065 3100 1104 3129 ἀ-

45 3147 270 3185 ναγγελθεῖσαν
292 3145 415 3183 πρώτην
436 3145 558 3182 ἀγορὰν
580 3145 634 3174 ὑπὸ
657 3146 709 3174 τοῦ
729 3144 882 3174 Γαλλικοῦ
902 3144 1094 3182 μονοπωλίου

49 3193 168 3222 καπνῶν
196 3192 284 3229 ἀξίας
310 3192 402 3232 τριῶν
432 3190 665 3227 ἑκατομμυρίων
693 3190 879 3232 δολλαρίων,
901 3189 960 3225 πρὸ
987 3190 1038 3226 τῆς
1065 3190 1105 3221 ὑ-

48 3238 211 3275 πογραφῆς
236 3238 286 3275 τῆς
312 3236 382 3272 νέας
408 3236 575 3274 ἐμπορικῆς
602 3234 811 3281 συμβάσεως.

1255 219 1343 255 Πρὶν
1367 218 1491 256 κλείσω
1511 218 1541 247 τὸ
1569 218 1738 255 κεφάλαιον
1767 218 1819 252 τῆς
1847 217 1980 252 Γαλλίας
2009 218 2158 255 ἐπιθυθῶ
2174 219 2209 246 νὰ

1162 265 1293 300 τονίσω,
1307 264 1356 294 ὅτι
1378 264 1394 302 ἡ
1418 264 1666 301 μνημονευθεῖσα
1695 263 1856 301 συμφωνία
1883 263 1968 298 εἶναι
1986 263 2036 300 μὲν
2062 263 2088 300 ἡ
2105 263 2209 306 πρώτη

1163 311 1235 338 ἀλλὰ
1260 311 1312 338 δὲν
1339 312 1482 345 σημαίνει
1508 309 1557 338 ὅτι
1581 307 1622 337 θὰ
1649 307 1735 346 μείνῃ
1762 307 1814 342 καὶ
1843 308 1860 346 ἡ
1886 308 1983 346 μόνη.
2002 308 2036 336 Αἱ
2066 309 2213 345 δημιουρ-

1162 354 1309 393 γηθεῖσαι
1330 355 1388 393 ἤδη
1416 355 1567 392 συνθῆκαι
1594 354 1834 390 ἐνδιαφέροντος
1860 353 1932 382 εἶναι
1961 354 2107 387 τοιαῦται,
2132 353 2216 383 ὥστε

1162 400 1294 434 οὐδόλως
1329 400 1366 430 νὰ
1400 399 1591 429 ἀποκλείεται
1626 398 1775 434 σύντομος
1811 398 1968 437 συνέχεια.
1997 398 2058 427 Καὶ
2121 398 2208 437 πλέον

1162 445 1267 473 τούτου
1299 446 1484 478 μελετῶνται
1516 445 1567 482 τὴν
1599 443 1728 482 στιγμὴν
1759 443 1873 481 ταύτην
1904 444 2107 485 περιπτώσεις
2133 443 2216 473 Γαλ-

1161 491 1243 519 λικοῦ
1267 490 1516 528 ἐνδιαφέροντος
1536 489 1572 519 δι’
1598 489 1773 524 ἐπενδύσεις
1801 489 1837 518 ἐκ
1856 489 2033 530 κεφαλαίων
2059 489 2103 521 τὰ
2120 489 2212 529 ὁποῖα

1162 535 1210 564 δὲν
1234 535 1272 564 θὰ
1294 536 1483 573 χρειασθοῦν
1507 535 1544 564 νὰ
1567 534 1707 563 διέλθουν
1729 534 1787 564 ἀπὸ
1810 534 1863 572 τὴν
1888 534 2124 572 Νομισματικὴν
2147 535 2219 562 δια-

1161 581 1319 610 δικασίαν.
1343 579 1403 609 Καὶ
1435 575 1549 616 ἐρωτῶ,
1578 579 1678 616 κύριοι
1713 579 1885 617 βουλευταί,
1913 581 1995 613 ποῖος
2023 579 2208 612 καλόπιστος

1163 626 1325 662 ἄνθρωπος
1356 625 1398 654 θὰ
1429 625 1565 661 ἠδύνατο
1597 625 1634 653 νὰ
1666 625 1822 667 διανοηθῇ
1847 624 1903 660 κἂν
1933 625 1992 661 πρὸ
2024 624 2093 655 ἑνὸς
2122 623 2207 653 ἔτους

1160 671 1207 699 ὅτι
1231 671 1244 708 ἡ
1268 670 1403 709 Γαλλικὴ
1430 671 1533 707 ἀγορὰ
1557 670 1598 699 θὰ
1620 669 1672 703 ἦτο
1700 669 1857 707 πρόθυμος
1883 669 1920 699 νὰ
1945 666 2136 707 ἐμπιστευθῇ
2154 669 2213 707 τὴν

1163 716 1342 756 Ἑλληνικὴν
1368 716 1560 751 οἰκονομίαν;
1588 715 1674 753 Αὐτὴ
1723 714 1827 744 λοιπὸν
1875 715 1892 749 ἡ
1919 714 2011 744 τόσον
2060 715 2207 747 ἀπίθανος

1161 762 1313 801 μεταβολὴ
1345 761 1358 798 ἡ
1387 760 1477 789 ὁποία
1507 760 1546 790 θὰ
1574 760 1685 793 ἔπρεπε
1713 760 1750 789 νὰ
1780 761 1908 797 συγκινῇ
1935 760 2032 788 πάντα
2061 759 2209 797 Ἕλληνα,

1163 807 1276 845 συνέβη
1302 806 1386 840 ἐντὸς
1414 805 1482 841 ἑνὸς
1510 805 1593 843 μόλις
1618 805 1715 841 ἔτους,
1743 806 1796 843 ἀφ’
1819 805 1855 843 ἧς
1883 806 2010 842 στιγμῆς
2035 806 2049 833 ὁ
2079 804 2216 842 Ἑλληνι-

1159 851 1212 887 κὸς
1245 851 1331 887 Λαὸς
1365 850 1564 888 ἐνεπιστεύθη
1601 851 1640 884 εἰς
1677 850 1724 880 τὸν
1758 849 1967 887 Στρατάρχην
2029 850 2083 888 τὴν
2117 849 2208 887 τύχην

1164 895 1246 936 του..

1249 956 1310 985 Καὶ
1333 955 1462 994 ἔρχομαι
1487 955 1572 992 τώρα
1598 956 1643 991 εἰς
1665 955 1696 984 τὸ
1721 954 1913 1001 πρόσφατόν
1923 966 1981 997 μου
2007 955 2144 989 ταξίδιον
2167 954 2219 993 εἰς

1160 1010 1214 1050 τὴν
1236 1009 1435 1047 Γερμανίαν.

1248 1071 1296 1108 Τὰ
1318 1070 1486 1109 πράγματα
1510 1070 1748 1107 προοιωνίζοντο
1772 1071 1833 1100 ἐκεῖ
1855 1069 1939 1104 καλά,
1966 1070 2038 1098 ἀλλὰ
2063 1069 2134 1097 αὐτὸ
2159 1069 2207 1098 δὲν

1164 1117 1304 1155 σημαίνει
1330 1116 1381 1146 ὅτι
1401 1116 1418 1153 ἡ
1445 1116 1499 1153 ὅλη
1528 1115 1711 1154 διαχείρισις
1739 1115 1782 1144 θὰ
1803 1115 1912 1151 ἔπρεπε
1963 1115 2008 1150 νὰ
2027 1114 2216 1153 ἀναμένεται

1162 1163 1260 1200 ἁπλῆ.
1275 1161 1503 1199 Ἐγνωρίζομεν
1527 1161 1575 1190 ὅτι
1595 1161 1684 1198 παρὰ
1704 1160 1755 1199 τὴν
1778 1162 1924 1198 προφανῆ
1948 1160 2044 1200 καλὴν
2070 1160 2208 1188 διάθεσιν

1166 1209 1212 1245 τῆς
1235 1207 1431 1243 Γερμανικῆς
1454 1205 1697 1242 Κυβερνήσεως,
1717 1206 1857 1243 ὑπῆρχον
1880 1205 2037 1234 δυσκολίαι
2057 1205 2083 1233 αἱ
2108 1205 2205 1232 ὁποῖαι

1160 1251 1271 1288 ἔπρεπε
1300 1252 1338 1280 νὰ
1363 1252 1616 1288 παρακαμφθοῦν
1645 1250 1694 1280 διὰ
1722 1250 1758 1280 νὰ
1786 1250 1982 1290 καταλήξουν
2011 1250 2040 1279 αἱ
2071 1261 2210 1279 συνεννο-

1163 1297 1246 1336 ήσεις
1279 1297 1334 1334 ὄχι
1361 1297 1461 1330 ἁπλῶς
1497 1297 1537 1330 εἰς
1573 1296 1756 1324 οὐσιαστικὰ
1789 1295 2022 1324 ἀποτελέσματα
2050 1295 2087 1323 τὰ
2120 1295 2216 1324 ὁποῖα

1159 1342 1432 1378 προεξωφλοῦντο,
1465 1341 1540 1371 ἀλλὰ
1569 1342 1610 1376 εἰς
1640 1341 1764 1379 λαμπρὰ
1796 1340 2027 1381 ἀποτελέσματα
2056 1340 2091 1369 τὰ
2119 1340 2217 1375 ὁποῖα

1162 1388 1404 1425 ἐφιλοδοξοῦμεν
1426 1386 1481 1420 καὶ
1499 1386 1536 1415 τὰ
1557 1387 1655 1416 ὁποῖα
1670 1385 1870 1425 ἐπετύχομεν.
1892 1386 2016 1423 Πρέπει
2040 1385 2072 1415 δὲ
2094 1385 2131 1414 νὰ
2154 1385 2206 1420 σᾶς

1160 1432 1353 1472 ὁμολογήσω,
1376 1432 1426 1462 ὅτι
1450 1431 1468 1470 ἡ
1496 1430 1635 1468 ἐπιτυχία
1660 1432 1712 1468 τῆς
1737 1430 1869 1467 Γαλλίας
1895 1430 1952 1467 μᾶς
1981 1430 2154 1468 ἐβοήθησεν
2179 1430 2206 1458 ἐν

1163 1478 1335 1515 Γερμανίᾳ.
1355 1477 1468 1513 Ὅπως
1493 1476 1545 1510 καὶ
1571 1477 1587 1515 ἡ
1614 1476 1786 1514 προσδοκία
1812 1477 1862 1514 τῆς
1888 1476 2064 1514 Γερμανίας
2088 1476 2146 1513 μᾶς
2173 1476 2216 1510 εἶ-

1161 1535 1211 1563 χεν
1235 1523 1294 1562 ἤδη
1319 1522 1470 1561 βοηθήσει
1496 1522 1537 1558 εἰς
1563 1522 1618 1561 τὴν
1641 1521 1794 1559 Γαλλίαν.
1810 1521 1863 1560 Μὴ
1890 1521 2023 1560 νομισθῇ
2046 1521 2096 1550 ὅτι
2113 1521 2210 1559 ὁμιλῶ

1162 1568 1233 1605 περὶ
1258 1569 1506 1604 ἀνταγωνισμοῦ,
1537 1567 1611 1597 ἀλλὰ
1640 1567 1708 1604 περὶ
1738 1567 1870 1605 φυσικῆς
1901 1566 2016 1605 ἀμύνης
2046 1567 2216 1603 ζωντανῶν

1162 1614 1341 1651 οἰκονομιῶν
1367 1613 1397 1642 αἱ
1421 1613 1523 1641 ὁποῖαι
1549 1612 1601 1642 δὲν
1625 1611 1755 1650 βλέπουν
1779 1612 1819 1647 ὡς
1844 1611 1979 1644 ἅπαντόν
2008 1622 2062 1641 των
2089 1611 2140 1650 τὴν
2166 1609 2206 1640 εὐ-

1163 1658 1322 1696 δοκίμησιν
1351 1659 1393 1693 εἰς
1424 1658 1453 1687 τὸ
1484 1657 1689 1700 ἐσωτερικόν.
