2476 3500
45 256 88 289 εἰς
102 252 159 290 τὴν
180 251 352 284 Βασιλείαν
374 252 470 290 δῆθεν
492 252 543 288 διὰ
566 252 597 284 τὸ
620 252 739 293 ζήτημα
763 254 821 291 τῆς
841 253 992 295 Ἐθνικῆς
1011 253 1097 295 Τρα-

44 299 131 339 πέζης
158 296 214 327 καὶ
234 297 355 335 ἐπῆγαν
382 298 427 335 εἰς
446 297 506 336 τὴν
532 297 672 338 Γενεύην
699 298 773 330 ὅπου
802 298 987 339 εὑρίσκοντο
1015 298 1097 331 ἀντι-

46 344 198 382 πρόσωποι
220 343 277 376 τοῦ
295 342 449 385 Ταμείου,
471 340 596 384 ἐγένετο
621 341 642 381 ἡ
667 345 870 385 συνεργασία,
897 343 1096 387 ἐπέστρεψαν

43 392 61 426 ὁ
81 399 110 422 κ.
131 385 368 428 Μαντζαβῖνος,
389 387 406 420 ὁ
429 399 462 420 κ.
485 385 668 427 Κοστάντζο
695 386 750 420 καὶ
772 389 789 420 ὁ
814 399 844 421 κ.
867 389 1019 429 Ζολώτας
1041 388 1096 420 καὶ

43 429 269 476 προσεκόμισαν
296 430 349 475 ὄχι
368 433 461 471 μόνον
487 434 549 472 τὴν
567 433 670 472 πλήρη
700 434 938 472 συγκατάθεσιν
956 436 1020 467 τῶν
1043 435 1102 475 ἁρ-

43 479 158 525 μοδίων
184 478 482 522 ἐμπειρογνωμόνων
512 478 569 510 τοῦ
591 476 730 517 Ταμείου
760 478 800 517 ὡς
831 480 912 517 πρὸς
934 480 993 518 τὴν
1022 478 1098 511 ἀνα-

46 523 278 563 προσαρμογήν,
308 524 383 557 ἀλλὰ
410 522 472 562 μᾶς
495 524 678 562 ἐφωδίασαν
705 524 743 562 μὲ
770 525 1013 568 πολυτιμότατον
1035 522 1101 559 ὑλι-

45 569 96 604 κὸν
124 569 192 609 περὶ
222 573 273 600 τὸν
298 569 373 604 ὅλον
396 569 569 611 χειρισμόν,
600 565 783 610 φθάσαντες
838 570 943 615 ἀκόμη
965 570 1018 605 καὶ
1045 570 1097 614 μέ-

45 623 96 658 χρι
118 615 176 645 τοῦ
199 614 335 652 σημείου,
385 614 470 648 κατὰ
488 614 575 648 ποῖον
602 615 718 653 τρόπον
765 615 881 653 ἔπρεπε
911 615 950 645 νὰ
998 623 1098 658 παρα-

48 658 203 700 σκευασθῇ
221 666 254 688 τὸ
277 659 359 703 θέμα
377 659 422 699 εἰς
445 660 683 702 ραδιοφωνικὴν
702 660 826 702 ὁμιλίαν
846 661 905 702 τὴν
925 661 1034 692 ὁποίαν
1057 670 1098 692 τι-

50 705 92 745 νὲς
114 701 369 748 ἐχαρακτήρισαν
387 705 432 744 ὡς
453 705 553 744 ἀτυχῆ
573 706 613 741 εἰς
640 708 671 738 τὸ
692 703 787 743 ὕφος.
806 705 913 744 Ἀφοῦ
934 698 970 738 δὲ
989 707 1049 741 ὅλα
1062 704 1099 747 ἦ-

49 759 107 784 σαν
127 752 234 790 ἕτοιμα
260 752 329 779 τότε
356 750 627 791 ἐπροχωρήσαμεν
650 751 693 789 εἰς
719 751 779 794 τὴν
805 751 1016 784 ἀνακοίνωσιν
1042 750 1098 793 τῆς

47 793 333 836 ἀναπροσαρμογῆς
353 795 409 835 τὴν
434 798 493 837 9ην
513 796 696 837 Ἀπριλίου.
719 794 850 835 Πρέπει
869 797 909 827 νὰ
932 796 992 837 σᾶς
1011 793 1098 835 εἴπω,

48 841 92 874 ὅτι
109 839 185 872 πολὺ
210 841 400 872 διασκέδασα
421 840 503 873 διότι
520 841 640 873 κάποτε
657 839 865 881 ἠκούσθησαν
890 835 946 872 καὶ
963 851 1103 884 κατηγο-

49 886 108 927 ρίαι
129 885 179 915 καὶ
202 885 241 917 δι’
265 884 350 923 αὐτό,
371 884 420 918 ὅτι
440 884 598 928 ἐτόλμησα
616 885 686 919 τότε
707 886 805 918 τόσον
824 886 960 928 σοβαρὸν
983 887 1106 928 μέτρον

45 930 128 972 παρὰ
140 930 202 974 τὴν
214 933 340 973 γνώμην
357 931 415 962 τοῦ
428 931 582 970 Διεθνοῦς
598 931 841 969 Νομισματικοῦ
853 932 1007 975 Ταμείου.
1022 931 1106 965 Ἐὰν

49 976 101 1008 δὲν
119 974 240 1016 ἤρκουν
261 978 302 1010 τὰ
322 974 460 1017 ἐπίσημα
479 976 609 1020 κείμενα
630 976 693 1009 ποὺ
710 977 777 1018 ἔχω
796 978 843 1015 εἰς
865 975 902 1011 τὰ
925 977 1020 1019 χέρια
1040 988 1103 1020 μου

47 1028 99 1054 καὶ
115 1021 220 1055 ἐκεῖνα
237 1020 298 1052 ποὺ
318 1021 520 1056 ἀνεκοίνωσα,
543 1021 595 1054 καὶ
620 1020 729 1054 ἐκεῖνα
740 1022 785 1054 τὰ
805 1020 900 1055 ὁποῖα
917 1023 1104 1065 ἐδημοσίευ-

50 1077 80 1100 σε
100 1064 134 1098 τὸ
158 1065 292 1109 Ταμεῖον
317 1068 356 1101 εἰς
381 1067 441 1104 τὴν
456 1065 643 1101 τελευταίαν
663 1076 721 1099 του
739 1065 867 1102 ἔκθεσιν
886 1065 948 1098 τοῦ
962 1065 1099 1109 Σεπτεμ-

49 1110 144 1152 βρίου,
167 1112 221 1146 δὲν
239 1112 378 1154 γνωρίζω
400 1111 491 1145 πλέον
512 1112 546 1145 τί
561 1112 632 1144 ἄλλο
653 1112 699 1146 θὰ
713 1111 908 1155 ἐχρειάζετο,
930 1110 1005 1145 ἀλλὰ
1023 1111 1101 1144 ἐπει-

49 1154 89 1199 δὴ
111 1157 189 1194 θέλω
218 1157 255 1189 νὰ
281 1157 365 1195 εἶμαι
388 1157 526 1197 δίκαιος,
548 1156 672 1200 νομίζω,
699 1158 754 1190 ὅτι
776 1157 855 1196 αὐτὴ
878 1159 907 1200 ἡ
933 1157 1102 1198 συμπαθὴς

48 1200 148 1243 πλάνη
163 1203 323 1243 προῆλθεν
345 1202 384 1235 ἐκ
400 1202 479 1245 μιᾶς
494 1199 724 1244 πληροφορίας
745 1202 805 1246 τὴν
825 1203 935 1235 ὁποίαν
960 1201 1017 1236 καὶ
1035 1200 1102 1245 ἐγὼ

45 1244 147 1289 εἶχον,
158 1247 233 1279 ἀλλὰ
248 1247 305 1280 δὲν
322 1247 461 1285 δύναμαι
473 1248 512 1279 νὰ
531 1251 583 1285 τὴν
604 1248 778 1285 βεβαιώσω,
799 1248 845 1277 ὅτι
864 1248 1025 1291 πράγματι
1043 1248 1101 1281 δύο

46 1291 124 1334 μέλη
142 1291 197 1321 τοῦ
220 1292 459 1330 Νομισματικοῦ
480 1293 616 1335 Ταμείου
639 1293 721 1327 κατὰ
744 1294 799 1336 τὴν
825 1293 945 1331 ἡμέραν
970 1295 1027 1334 τῆς
1050 1301 1101 1325 συ-

46 1337 207 1379 ζητήσεως
225 1338 280 1371 τοῦ
293 1339 412 1379 μέτρου
437 1336 518 1376 εἶχον
544 1334 745 1379 ἀντιρρήσεις
770 1339 872 1374 τινάς.
887 1338 1102 1381 Ἐπιτρέψατε

50 1382 87 1414 νὰ
108 1385 228 1424 φρονῶ,
249 1383 298 1414 ὅτι
318 1382 429 1423 ὀλίγον
449 1384 717 1421 αἰφνιδιάσθησαν
742 1384 800 1417 ἀπὸ
826 1385 858 1416 τὸ
881 1384 1004 1426 μέτρον
1025 1382 1102 1417 αὐτὸ

50 1428 100 1461 διὰ
125 1428 327 1466 συμφέροντα
350 1429 413 1460 τῶν
432 1430 545 1469 χωρῶν
573 1440 632 1458 των
656 1429 715 1463 καὶ
739 1429 788 1462 ὅτι
810 1429 905 1461 οὐδὲν
930 1430 1038 1463 πλέον.
1060 1430 1106 1463 Αἱ

50 1473 243 1515 ἀντιρρήσεις
262 1473 422 1516 ἤρθησαν,
436 1474 470 1507 τὸ
490 1474 604 1516 μέτρον
623 1475 748 1516 ἐλήφθη
768 1475 797 1505 ἐν
818 1475 987 1516 ὁμοφωνίᾳ
1000 1475 1054 1508 καὶ
1064 1475 1102 1517 ἡ-

50 1518 109 1557 μεῖς
135 1518 357 1556 ἐφηρμόσαμεν
382 1520 543 1561 πολιτικὴν
565 1519 599 1557 μὲ
627 1521 729 1557 πλήρη
755 1519 897 1563 ἔγκρισιν
924 1520 982 1554 τοῦ
1002 1520 1104 1558 Νομι-

50 1564 197 1606 σματικοῦ
223 1564 376 1605 Ταμείου.
402 1564 464 1593 Καὶ
492 1565 542 1598 δὲν
569 1563 627 1606 ἦτο
659 1565 793 1598 δυνατὸν
823 1565 862 1595 νὰ
889 1565 962 1603 γίνῃ
991 1566 1103 1605 ἄλλως,

52 1604 124 1640 διότι
150 1605 204 1641 καὶ
225 1609 298 1641 αὐτὸ
324 1609 405 1641 εἶναι
430 1608 536 1650 σχῆμα
559 1610 741 1648 ὀξύμωρον.
764 1607 842 1652 Ἀφ’
867 1611 939 1646 ἑνὸς
961 1612 1027 1653 μᾶς
1048 1622 1106 1646 κα-

51 1654 229 1695 τελόγισαν,
246 1652 296 1689 ὅτι
317 1655 367 1687 δὲν
396 1655 616 1699 ἐσεβάσθημεν
638 1655 672 1688 τὸ
694 1653 935 1698 Νομισματικὸν
963 1656 1108 1700 Ταμεῖον

50 1699 105 1734 καὶ
128 1700 181 1737 ἀφ’
213 1699 320 1737 ἑτέρου
348 1699 393 1732 ὅτι
421 1700 547 1742 ἤραμεν
572 1700 605 1732 τὸ
634 1700 795 1739 καθεστὼς
827 1700 888 1734 τοῦ
911 1700 1107 1739 διαφορικοῦ

52 1745 316 1786 συναλλάγματος.
334 1746 411 1778 Κατ’
437 1746 578 1788 ἀνάγκην
602 1746 636 1779 τὸ
660 1746 835 1784 ἐκάμαμεν,
853 1746 936 1780 διότι
953 1747 1008 1781 ἐὰν
1031 1745 1106 1785 ἐξα-

47 1790 296 1828 κολουθούσαμεν
317 1790 355 1827 νὰ
372 1786 599 1829 ἐφαρμόζωμεν
622 1791 655 1826 τὸ
675 1791 824 1834 σύστημα
836 1792 894 1826 τοῦ
911 1793 1109 1835 διαφορικοῦ

53 1835 308 1877 συναλλάγματος,
333 1836 376 1866 θὰ
392 1835 496 1878 ἤμεθα
517 1836 718 1878 παγκοσμίως
741 1836 954 1880 ἐκτεθειμένοι
973 1836 1107 1871 ἀπέναν-

54 1886 79 1913 τι
97 1877 159 1913 τῶν
175 1881 311 1918 διεθνῶν
325 1881 567 1925 ὑποχρεώσεων.

131 1925 307 1966 Λυποῦμαι,
332 1926 436 1970 κύριοι
458 1922 637 1966 βουλευταί,
656 1927 694 1956 ἂν
720 1928 767 1959 ἐπὶ
793 1927 883 1957 τόσον
909 1928 1024 1965 χρόνον
1047 1936 1103 1961 πα-

54 1971 220 2010 ρατείνεται
244 1971 266 2008 ἡ
294 1971 397 2009 ὁμιλία
425 1982 482 2009 μου
510 1972 564 2004 καὶ
592 1972 639 2001 θὰ
664 1973 836 2014 παραταθῇ
863 1974 979 2016 ἀκόμη.
1006 1971 1107 2005 Ἀλλὰ

52 2016 153 2057 φρονῶ
173 2016 223 2045 ὅτι
247 2017 264 2053 ἡ
290 2017 394 2053 εὐρεῖα
418 2017 606 2054 διαφώτισις
628 2017 715 2054 τώρα
735 2018 795 2047 ποὺ
819 2015 902 2050 εἶναι
922 2019 1038 2057 δυνατὴ
1063 2018 1105 2050 εἶ-

55 2070 103 2094 ναι
125 2062 280 2100 ἀπολύτως
309 2062 467 2103 ἀναγκαία
489 2062 547 2093 καὶ
568 2062 735 2100 χρήσιμος.
761 2058 830 2097 Ἐπὶ
855 2063 946 2093 πλέον
974 2064 1013 2102 μὲ
1038 2061 1105 2101 βλέ-

50 2116 121 2138 πετε
138 2106 229 2139 τόσον
252 2107 386 2146 σπανίως
406 2108 450 2146 εἰς
471 2107 524 2145 τὴν
543 2108 699 2141 αἴθουσαν
722 2108 858 2148 ταύτην,
867 2109 956 2148 παρὰ
975 2109 1037 2152 τὴν
1055 2121 1106 2146 με-

51 2151 146 2192 γάλην
173 2152 335 2194 ἐπιθυμίαν
362 2164 416 2191 σας
443 2153 483 2185 νὰ
509 2153 669 2196 συμβαίνῃ
689 2153 722 2187 τὸ
749 2154 925 2198 ἀντίθετον,
946 2150 1029 2187 ὥστε
1052 2165 1106 2187 σο-

53 2197 160 2235 βαρῶς
183 2197 225 2230 νὰ
249 2197 358 2236 ἐλπίζω
389 2197 437 2231 ὅτι
465 2199 527 2242 μοῦ
555 2197 708 2239 παρέχετε
763 2198 819 2243 τὴν
848 2198 999 2233 πίστωσιν
1031 2199 1108 2241 χρό-

52 2252 119 2276 νου.

137 2287 188 2319 Θὰ
209 2288 262 2323 σᾶς
288 2288 434 2328 ἐξηγήσω
455 2288 569 2323 λοιπὸν
589 2289 674 2326 τώρα
700 2289 757 2327 τὴν
778 2289 937 2327 πολιτικήν
960 2301 1018 2326 μας
1042 2289 1106 2329 πρὸ

56 2331 108 2373 τῆς
127 2330 418 2375 ἀναπροσαρμογῆς
438 2333 481 2375 μὲ
503 2334 622 2367 σκοπὸν
645 2334 688 2365 νὰ
710 2334 966 2375 διασφαλίσωμεν
994 2335 1048 2373 τὴν
1074 2335 1106 2369 ἐ-

52 2378 191 2417 πιτυχίαν
210 2389 280 2419 της.
299 2378 366 2411 Καὶ
385 2379 463 2416 μετὰ
483 2381 582 2413 ταῦτα
602 2379 657 2422 τὴν
681 2380 845 2417 πολιτικήν
863 2391 925 2424 μας
948 2380 1025 2420 μετὰ
1046 2380 1104 2417 τὴν

53 2423 340 2462 ἀναπροσαρμογὴν
361 2424 415 2454 διὰ
433 2424 475 2455 νὰ
492 2425 737 2463 καταστήσωμεν
760 2425 875 2463 ταύτην
900 2425 1028 2468 μόνιμον
1051 2433 1108 2458 κα-

54 2468 213 2506 τάκτησιν.
230 2469 488 2511 Τοιουτοτρόπως
507 2469 555 2499 θὰ
573 2470 803 2511 ἀπαντήσωμεν
821 2471 872 2505 εἰς
886 2470 961 2506 τοὺς
980 2478 1110 2511 προχει-

55 2511 198 2555 ρολόγους
230 2514 375 2553 ἐκείνους,
405 2515 436 2543 οἱ
460 2515 561 2547 ὁποῖοι
588 2517 653 2557 μᾶς
676 2515 903 2556 κατηγόρησαν
934 2516 977 2548 δι’
1003 2512 1103 2550 ἐκεῖνο

54 2559 190 2595 ἀκριβῶς
218 2555 276 2588 ποὺ
308 2559 554 2597 ἐχαρακτήριζεν
587 2560 703 2598 αὐτοὺς
729 2560 804 2591 ὅταν
839 2560 1014 2600 ἐκυβέρνων
1043 2560 1107 2597 τὴν

54 2603 183 2644 Χώραν,
205 2604 252 2638 ὅτι
280 2604 402 2648 δηλαδὴ
427 2604 641 2642 ἐλαμβάναμεν
669 2605 771 2648 μέτρα
797 2606 1106 2647 ἀπρογραμμάτιστα

53 2649 106 2681 καὶ
124 2649 309 2689 ἀμελέτητα.

134 2694 233 2726 Εἶπον
258 2695 501 2737 προηγουμένως
528 2695 572 2728 ὅτι
596 2695 617 2733 ἡ
646 2696 852 2733 νομισματικὴ
881 2696 1020 2735 πολιτικὴ
1049 2696 1105 2734 τὴν

55 2738 159 2773 ὁποίαν
178 2739 307 2782 εὕρομεν
331 2740 602 2781 ἐφαρμοζομένην,
620 2739 744 2784 δηλαδὴ
763 2741 819 2775 τοῦ
835 2741 912 2775 ὅσον
934 2738 1038 2774 ἔνεστι
1055 2748 1111 2775 πε-

58 2785 218 2826 ριορισμοῦ
238 2786 290 2822 τῆς
309 2785 524 2828 κυκλοφορίας
547 2785 601 2818 καὶ
621 2787 680 2827 τῆς
698 2786 781 2819 κατὰ
802 2785 894 2823 βάσιν
916 2783 1017 2828 ἄκρας
1041 2797 1107 2819 στε-

57 2829 180 2867 νότητος
199 2829 262 2861 τῶν
279 2830 472 2871 πιστώσεων,
489 2830 582 2868 μόνον
604 2830 645 2866 ὡς
665 2830 764 2868 μέσον
777 2831 863 2871 πρὸς
880 2831 1036 2871 ἐπίτευξιν
1056 2832 1108 2864 ἄλ-

55 2874 112 2907 λων
128 2875 373 2912 ἀντικειμενικῶν
393 2876 518 2908 σκοπῶν
532 2875 667 2913 ἠδύνατο
687 2876 727 2908 νὰ
743 2875 858 2918 νοηθῇ.
870 2876 986 2918 Ἡμεῖς
998 2876 1108 2908 λοιπὸν

56 2920 86 2952 οἱ
107 2920 205 2952 ὁποῖοι
229 2919 350 2958 εἴχομεν
379 2921 573 2958 ἀποφασίσει
595 2921 651 2958 τὴν
679 2920 972 2961 ἀναπροσαρμογὴν
997 2922 1109 2963 ἑπόμε-

58 2975 111 2998 νον
122 2965 177 3003 ἦτο
199 2965 239 3001 ὡς
260 2965 337 3006 πρὸς
354 2966 441 3000 τοῦτο
464 2966 502 3000 νὰ
523 2966 731 3008 συνεχίσωμεν
752 2967 807 3004 τὴν
828 2966 982 3006 τακτικὴν
998 2966 1104 3004 αὐτήν.

50 3010 137 3044 Διότι
154 3010 316 3052 πράγματι
326 3011 383 3048 μία
398 3010 456 3040 ἀπὸ
476 3010 535 3047 τὰς
549 3011 786 3053 ἀπαραιτήτους
801 3012 855 3041 διὰ
871 3011 926 3053 τὴν
946 3011 1107 3053 ἐπιτυχίαν

59 3056 110 3097 τῆς
126 3056 416 3096 ἀναπροσαρμογῆς
428 3056 662 3097 προϋποθέσεις
677 3055 754 3090 εἶναι
787 3056 806 3094 ἡ
825 3054 902 3090 ὅσον
918 3057 951 3088 τὸ
970 3057 1110 3089 δυνατὸν

55 3100 252 3141 μεγαλυτέρα
275 3099 482 3142 νομισματικὴ
508 3101 563 3134 καὶ
617 3101 785 3143 πιστωτικὴ
819 3101 982 3144 στενότης.
1005 3099 1108 3136 Ἀλλὰ

57 3146 177 3189 φυσικὰ
192 3147 281 3180 τοῦτο
304 3146 358 3179 δὲν
374 3145 479 3184 ἤρκει.
499 3146 737 3184 Σπουδαιοτάτη
759 3147 975 3188 προϋπόθεσις
993 3147 1049 3180 διὰ
1067 3147 1110 3181 νὰ

57 3191 282 3234 ἀντιμετωπίσῃ
300 3203 343 3227 τις
363 3192 655 3230 ἀναπροσαρμογὴν
677 3192 758 3222 εἶναι
777 3193 796 3230 ἡ
822 3192 1033 3235 ἐξασφάλισις
1052 3194 1107 3226 τοῦ

56 3236 305 3275 ἰσοσκελισμένου
323 3238 609 3282 προϋπολογισμοῦ.
628 3237 719 3269 Διότι
737 3236 819 3271 εἶναι
835 3239 906 3270 καθ’
930 3237 1003 3270 αὐτὸ
1028 3247 1108 3269 στοι-

56 3282 181 3320 χειῶδες
204 3282 249 3316 ὅτι
276 3282 420 3314 ἀποτελεῖ
442 3282 625 3320 βαρύτατον
645 3281 775 3320 σφάλμα
798 3282 849 3314 καὶ
878 3280 1010 3323 ἀσφαλῆ
1033 3281 1110 3325 πρό-

1164 265 1276 295 γνωσιν
1299 252 1473 295 ἀποτυχίας
1510 254 1543 283 τὸ
1565 255 1603 287 νὰ
1623 255 1790 296 ἀποβλέψῃ
1811 266 1857 295 τις
1876 257 1915 286 νὰ
1936 255 2165 298 ἀντιμετωπίσῃ
2183 257 2215 290 ἀ-

1162 300 1319 342 δυναμίαν
1345 299 1623 341 προϋπολογισμοῦ
1654 300 1698 334 δι’
1729 301 2031 342 ἀναπροσαρμογῆς.
2063 302 2106 334 Τὸ
2137 302 2216 343 πρό-

1161 343 1264 387 βλημα
1284 343 1316 376 τὸ
1341 345 1452 378 ὁποῖον
1468 345 1585 377 ἐτίθετο
1611 345 1744 378 ἐνώπιόν
1764 357 1826 388 μας
1842 345 1902 384 ἦτο
1923 347 2085 388 πράγματι
2105 347 2218 380 δύσκο-

1159 391 1226 423 λον.
1244 390 1312 422 Καὶ
1331 390 1507 432 ἐχρειάζετο
1531 391 1650 432 ἀληθὴς
1672 390 1765 432 τόλμη
1790 390 1845 423 διὰ
1862 392 1900 425 νὰ
1919 391 2050 434 δηλωθῇ
2063 389 2104 437 μὲ
2121 401 2218 433 κατη-

1164 436 1439 478 γορηματικότητα
1456 434 1498 474 ὡς
1522 436 1638 477 συνέβη
1656 437 1740 469 κατὰ
1757 437 1811 474 τὴν
1833 437 1960 480 πρώτην
1977 447 2039 478 μου
2059 436 2217 480 ραδιοφω-

1166 481 1254 521 νικὴν
1277 480 1400 519 ὁμιλίαν
1422 481 1479 511 τοῦ
1502 481 1714 521 παρελθόντος
1740 482 1944 523 Δεκεμβρίου,
1968 481 2020 516 ὅτι
2039 483 2056 514 ὁ
2082 485 2216 525 προϋπο-

1157 525 1312 568 λογισμὸς
1334 527 1384 559 θὰ
1402 527 1616 565 ἰσοσκελισθῇ.
1639 526 1699 557 Δὲν
1725 525 1837 569 νομίζω
1862 527 1912 561 ὅτι
1928 528 2115 570 ὑπερβάλλω
2144 525 2215 563 οὔτε

1161 570 1235 605 κατ’
1250 571 1422 612 ἐλάχιστον.
1442 570 1537 603 Εἶναι
1555 572 1704 602 δύσκολον
1722 570 1825 612 ἔργον
1846 572 1890 610 εἰς
1907 573 1984 617 μίαν
2001 573 2113 613 χώραν
2128 571 2217 611 ὅπως

1166 617 1185 657 ἡ
1212 616 1322 657 Ἑλλὰς
1348 613 1389 648 νὰ
1413 617 1629 657 καταστρώσῃ
1651 614 1908 658 ἰσοσκελισμένον
1932 615 2214 660 προϋπολογισμόν.

1165 658 1249 693 Ἀλλ’
1272 661 1353 693 εἶναι
1377 661 1478 701 ἀκόμη
1500 662 1736 699 δυσκολώτερον
1761 660 1816 694 διὰ
1836 663 1938 696 πᾶσαν
1961 663 2068 704 χώραν
2089 661 2131 696 νὰ
2153 661 2217 697 ἐπι-

1162 706 1298 748 χειρήσῃ
1323 707 1364 737 νὰ
1385 707 1572 748 ἰσοσκελίσῃ
1593 707 1878 750 προϋπολογισμόν,
1905 709 1962 740 τοῦ
1986 708 2094 740 ὁποίου
2117 707 2141 747 ἡ
2160 716 2218 740 πο-

1165 752 1235 794 ρεία
1252 747 1339 785 κατὰ
1355 752 1392 784 τὸ
1413 752 1543 792 πρῶτον
1560 750 1653 793 ἥμισυ
1679 754 1735 782 τοῦ
1755 752 1842 791 ἔτους
1868 753 1987 793 ὡδήγει
2008 753 2054 792 εἰς
2076 753 2217 793 ἀσφαλὲς

1163 797 1218 829 καὶ
1242 797 1412 829 σπουδαῖον
1433 797 1592 838 ἔλλειμμα.
1613 797 1680 829 Καὶ
1702 797 1733 828 τὸ
1756 797 1852 830 τόσον
1875 797 2028 830 δύσκολον
2048 797 2215 840 πρόβλημα

1164 841 1388 885 μεταβάλλεται
1410 842 1455 880 εἰς
1479 842 1594 882 σχεδὸν
1614 841 1736 880 ἄλυτον,
1760 842 1803 875 ἂν
1821 840 1904 881 ὅπως
1926 842 1981 882 ἦτο
2006 841 2031 883 ἡ
2046 843 2133 885 ἰδική
2156 852 2221 883 μας

1163 887 1365 926 περίπτωσις,
1385 886 1419 920 τὸ
1441 884 1536 927 ἥμισυ
1559 886 1615 921 τοῦ
1635 887 1911 929 προϋπολογισμοῦ
1931 887 2064 929 περίπου
2084 888 2218 928 ἀφεώρα

1168 932 1391 971 στρατιωτικὰς
1423 931 1568 970 δαπάνας
1598 928 1641 975 μὴ
1671 932 1871 970 ἐπιδεκτικὰς
1901 932 2071 973 μειώσεως.
2103 931 2146 965 Τὸ
2181 931 2218 966 δὲ

1160 973 1270 1017 ἕτερον
1292 975 1391 1018 ἥμισυ
1411 977 1497 1009 κατὰ
1520 977 1605 1019 μέγα
1623 977 1717 1018 μέρος
1742 977 1926 1008 ἐκαλύπτετο
1954 978 2062 1017 ἐπίσης
2089 977 2146 1010 ἀπὸ
2171 985 2220 1020 μι-

1166 1022 1337 1062 σθοδοσίας
1361 1021 1387 1063 ἢ
1410 1022 1644 1064 ἀπαραιτήτους
1669 1020 1825 1062 κρατικὰς
1874 1022 2025 1065 ἀνάγκας.
2051 1019 2119 1055 Καὶ
2165 1018 2219 1054 ἐπὶ

1166 1063 1280 1103 πλέον
1298 1067 1327 1108 ἡ
1372 1067 1427 1105 ὅλη
1477 1067 1599 1108 κάμψις
1644 1067 1701 1108 τῆς
1748 1067 1927 1105 οἰκονομίας
1974 1064 2123 1110 οὐδεμίαν
2169 1067 2221 1099 εὐ-

1166 1113 1289 1150 χέρειαν
1309 1114 1442 1154 παρεῖχε
1464 1112 1520 1146 διὰ
1560 1112 1754 1152 δυνατότητα
1777 1112 1857 1147 νέων
1879 1112 2003 1156 ἀμέσων
2024 1112 2158 1147 ἐσόδων.
2176 1111 2219 1143 Ἡ

1164 1157 1200 1192 δὲ
1227 1157 1481 1199 ἀκολουθουμένη
1508 1154 1750 1196 ὑποχρεωτικῶς
1773 1157 1913 1196 πολιτικὴ
1939 1158 2089 1198 στενότης
2112 1158 2220 1191 κυκλο-

1166 1203 1282 1243 φορίας
1303 1203 1359 1235 καὶ
1378 1202 1565 1235 πιστώσεων
1581 1201 1748 1244 περιώριζε
1769 1203 1858 1235 ὁλοὲν
1880 1202 2118 1245 φορολογητέαν
2138 1199 2220 1244 ὕλην

1166 1249 1219 1279 καὶ
1242 1247 1448 1288 δυνατότητας
1474 1248 1726 1289 φοροσυλλογῆς.
1748 1247 1812 1278 Δὲν
1832 1248 2007 1279 ὑπελείπετο
2029 1243 2142 1280 λοιπὸν
2159 1258 2219 1280 πα-

1168 1292 1210 1335 ρὰ
1231 1293 1330 1336 μόνον
1350 1293 1507 1334 ἀπόφασις
1535 1293 1753 1330 σκληροτάτων
1778 1293 1963 1334 οἰκονομιῶν
1984 1293 2035 1324 καὶ
2059 1290 2223 1334 ἀτέγκτων

1166 1340 1296 1371 θυσιῶν.
1321 1337 1429 1371 Ὅταν
1452 1336 1694 1380 ἐπεκοινώνησα
1713 1336 1757 1380 μὲ
1775 1338 1835 1371 τὸν
1859 1337 2041 1380 Ἑλληνικὸν
2061 1338 2142 1370 λαὸν
2165 1337 2220 1368 καὶ

1164 1381 1311 1426 ἐδήλωσα
1333 1381 1381 1418 ὅτι
1402 1383 1423 1414 ὁ
1445 1380 1717 1425 προϋπολογισμὸς
1740 1383 1785 1412 θὰ
1808 1382 2020 1424 ἰσοσκελισθῇ,
2039 1381 2127 1424 εἶχον
2148 1383 2221 1422 ἐξα-

1168 1429 1312 1469 σφαλίσει
1331 1428 1578 1469 προηγουμένως
1596 1427 1653 1470 τὴν
1670 1427 1772 1469 πλήρη
1794 1428 2028 1470 συγκατάθεσιν
2042 1428 2100 1459 τοῦ
2116 1428 2220 1468 Στρα-

1171 1475 1288 1516 τάρχου
1306 1473 1347 1506 δι’
1364 1475 1441 1513 ὅλας
1460 1474 1517 1511 τὰς
1537 1473 1646 1509 θυσίας
1672 1473 1706 1504 αἱ
1724 1474 1831 1506 ὁποῖαι
1847 1474 1894 1506 θὰ
1911 1471 2084 1514 ἐχρειάζετο
2108 1472 2150 1505 νὰ
2165 1473 2222 1515 ζη-

1168 1521 1281 1562 τηθοῦν
1306 1516 1362 1552 ἀπὸ
1386 1519 1441 1551 τὸν
1462 1518 1645 1561 Ἑλληνικὸν
1658 1517 1752 1552 λαόν.
1772 1517 1839 1552 Καὶ
1857 1518 1928 1550 οὔτε
1943 1519 2002 1557 ἦτο
2027 1516 2163 1553 δυνατὸν
2180 1519 2222 1552 νὰ

1169 1565 1271 1605 συμβῇ
1299 1565 1411 1602 ἄλλως.
1435 1564 1529 1596 Διότι
1556 1562 1577 1596 ὁ
1603 1564 1811 1604 Στρατάρχης
1845 1564 1979 1605 ἐδήλωνε
2008 1564 2143 1596 πάντοτε
2171 1562 2221 1596 ὅτι

1168 1610 1220 1642 δὲν
1243 1610 1394 1650 ἀνεμίχθη
1417 1610 1463 1647 εἰς
1484 1609 1542 1647 τὴν
1564 1609 1725 1647 πολιτικὴν
1746 1609 1800 1641 διὰ
1819 1606 1856 1641 νὰ
1880 1609 1960 1640 εἶναι
1982 1609 2152 1650 εὐάρεστος
2175 1610 2219 1646 εἰς

1172 1656 1224 1687 τὸν
1234 1655 1338 1696 Λαόν,
1357 1654 1437 1687 ἀλλὰ
1451 1655 1491 1696 μὲ
1509 1655 1563 1695 τὴν
1583 1654 1738 1696 πρόθεσιν
1752 1655 1798 1687 νὰ
1813 1654 1917 1695 ἀποβῇ
1930 1652 2088 1696 χρήσιμος
2104 1654 2150 1694 εἰς
2168 1654 2223 1688 αὐ-

1169 1699 1233 1733 τόν.

1256 1745 1401 1778 Θέτουσα
1415 1745 1527 1777 λοιπὸν
1544 1746 1585 1780 εἰς
1608 1745 1798 1786 ἐφαρμογὴν
1814 1746 1832 1783 ἡ
1852 1745 2049 1786 Κυβέρνησις
2071 1745 2129 1785 τὴν
2147 1743 2218 1777 ἀπό-

1168 1791 1270 1832 φασίν
1298 1802 1350 1828 της
1385 1790 1459 1832 περὶ
1490 1791 1662 1832 αὐστηρῶν
1691 1791 1879 1828 οἰκονομιῶν
1909 1790 2109 1832 ἀπηγόρευσε
2136 1787 2221 1822 κατὰ

1167 1836 1288 1877 πρῶτον
1311 1833 1497 1877 οἱονδήποτε
1521 1835 1689 1877 διορισμὸν
1705 1835 1777 1868 νέου
1800 1835 1953 1875 δημοσίου
1971 1835 2154 1873 ὑπαλλήλου
2172 1835 2221 1868 ἐκ-

1171 1882 1221 1920 τὸς
1247 1881 1445 1915 διδασκάλων
1469 1881 1525 1913 καὶ
1550 1880 1651 1913 ἄλλων
1677 1880 1772 1912 τινῶν
1797 1881 1923 1912 εἰδικῶν
1948 1880 2140 1921 ἐξαιρέσεων
2166 1880 2222 1912 καὶ

1167 1927 1300 1960 κατόπιν
1326 1927 1447 1967 εἰδικῆς
1475 1922 1636 1967 αὐστηρᾶς
1664 1925 1877 1964 διαδικασίας.
1901 1926 2003 1960 Τοῦτο
2032 1924 2224 1966 κατωχύρω-

1171 1981 1205 2004 σε
1226 1972 1303 2015 μετὰ
1328 1973 1427 2006 ταῦτα
1448 1972 1502 2002 διὰ
1525 1971 1635 2009 νόμου.
1652 1971 1747 2005 Εἶναι
1768 1971 1895 2013 βαθέως
1918 1971 1971 2004 διὰ
1992 1971 2083 2004 τοῦτο
2105 1968 2223 2009 ὑπερή-

1169 2028 1267 2059 φανος
1285 2016 1310 2058 ἡ
1328 2017 1543 2057 Κυβέρνησις,
1561 2016 1641 2047 διότι
1658 2013 1807 2058 γνωρίζει
1823 2016 1875 2049 ὅτι
1891 2016 1923 2049 τὸ
1945 2012 2149 2056 παράδειγμά
2163 2025 2219 2058 της

1167 2063 1241 2096 αὐτὸ
1267 2062 1342 2095 καθ’
1367 2062 1458 2094 ἑαυτὸ
1487 2061 1619 2092 σπάνιον
1642 2061 1723 2095 εἶναι
1743 2061 1821 2099 ἴσως
1867 2061 2036 2100 μοναδικὸν
2058 2061 2144 2094 κατὰ
2163 2061 2224 2104 τὴν

1170 2107 1348 2141 τελευταίαν
1368 2106 1493 2148 γενεάν.
1514 2105 1582 2140 Καὶ
1600 2105 1684 2148 ὅμως
1702 2107 1726 2144 ἡ
1748 2106 1945 2147 Κυβέρνησις
1971 2105 2222 2147 ἐκπροσωποῦσα

1166 2153 1319 2196 τοιαύτην
1343 2152 1555 2194 πλειοψηφίαν
1585 2152 1679 2183 Λαοῦ
1704 2151 1762 2185 καὶ
1786 2151 1879 2183 Λαοῦ
1904 2151 2002 2184 τόσον
2027 2152 2223 2194 ταλαιπωρη-

1171 2199 1286 2237 θέντος,
1309 2198 1364 2230 δὲν
1380 2198 1424 2229 θὰ
1442 2197 1495 2235 ἦτο
1516 2195 1704 2238 παράδοξον
1720 2197 1759 2230 ἂν
1779 2196 1857 2237 εἶχεν
1880 2194 2051 2235 ἀποβλέψει
2066 2196 2123 2230 καὶ
2139 2193 2221 2236 αὐτὴ

1171 2244 1208 2275 νὰ
1236 2243 1434 2286 τοποθετήσῃ
1461 2242 1611 2283 μερικοὺς
1638 2242 1675 2276 ἐκ
1702 2242 1768 2275 τῶν
1793 2240 1894 2283 φίλων
1920 2254 1988 2283 της,
2017 2242 2221 2280 διαθέτοντας

1166 2289 1301 2331 μάλιστα
1326 2289 1480 2329 ἀσφαλῶς
1504 2287 1722 2328 περισσότερα
1744 2287 1905 2329 προσόντα
1930 2287 1986 2321 καὶ
2011 2287 2131 2325 τίτλους
2161 2285 2222 2318 ἀπὸ

1169 2335 1261 2372 ὅσους
1286 2333 1372 2373 εἶχον
1392 2334 1421 2365 οἱ
1443 2331 1655 2373 διοριζόμενοι
1674 2332 1732 2364 ἀπὸ
1756 2332 1814 2371 τὰς
1835 2332 2077 2374 προηγουμένας
2100 2330 2223 2373 Κυβερ-

1172 2380 1277 2421 νήσεις
1301 2378 1341 2422 μὲ
1367 2378 1540 2421 μοναδικὸν
1562 2378 1648 2409 κατὰ
1672 2377 1793 2410 κανόνα
1816 2377 1932 2417 τίτλον,
1956 2377 2010 2409 τὸν
2035 2378 2142 2409 τίτλον
2163 2376 2224 2409 τοῦ

1170 2424 1358 2466 «ἡμετέρου»
1388 2423 1454 2456 Καὶ
1473 2421 1529 2456 δὲν
1544 2421 1693 2463 ἠρκέσθη
1710 2424 1754 2461 εἰς
1775 2424 1866 2454 τοῦτο
1878 2423 1904 2462 ἡ
1922 2420 2125 2464 Κυβέρνησις
2141 2418 2226 2455 ἀλλὰ

1169 2470 1289 2511 προέβη
1303 2469 1348 2507 εἰς
1370 2469 1482 2508 σειρὰν
1497 2468 1678 2501 ἀπολύσεων
1698 2467 1856 2500 ἐκτάκτων
1869 2467 1892 2509 ἢ
1910 2468 1962 2501 ἐπί
1978 2468 2140 2510 συμβάσει,
2156 2468 2222 2501 τῶν

1167 2515 1286 2548 ὁποίων
1305 2515 1323 2546 ὁ
1347 2514 1481 2555 ἀριθμὸς
1503 2511 1617 2556 πρέπει
1637 2514 1681 2545 νὰ
1701 2511 1897 2553 ὑπολογισθῇ
1916 2511 1999 2545 κατὰ
2016 2513 2052 2546 τὸ
2075 2511 2222 2554 διαρρεῦ-

1172 2571 1231 2594 σαν
1247 2558 1316 2599 ἔτος
1336 2560 1381 2598 εἰς
1394 2559 1475 2600 ὑπὲρ
1495 2559 1552 2597 τὰς
1569 2559 1682 2594 5.000.

1258 2604 1303 2638 Ἡ
1319 2604 1532 2647 περισυλλογὴ
1550 2604 1614 2637 τῶν
1633 2605 1782 2638 δαπανῶν
1799 2603 2025 2647 ἐπροχώρησεν
2049 2604 2095 2641 εἰς
2115 2603 2176 2643 τὴν
2194 2603 2223 2635 ἔ-

1173 2662 1288 2692 ρευναν
1297 2650 1466 2684 κονδυλίου
1475 2647 1560 2688 πρὸς
1572 2649 1738 2683 κονδύλιον
1749 2648 1831 2688 πρὸς
1843 2647 1980 2689 κάλυψιν
1991 2649 2078 2680 κατὰ
2089 2648 2225 2688 Ὑπουρ-

1173 2698 1257 2735 γεῖον
1273 2693 1333 2729 ὑπὸ
1355 2695 1420 2735 τὴν
1439 2694 1644 2734 προσωπικὴν
1667 2691 1855 2735 ἐπιμέλειαν,
1876 2693 1933 2725 τοῦ
1953 2692 2139 2736 Ὑπουργοῦ
2155 2693 2224 2727 τῶν

1172 2741 1390 2782 Οἰκονομικῶν
1411 2738 1465 2772 καὶ
1482 2740 1544 2777 τὴν
1567 2739 1793 2779 διακρίνουσαν
1817 2737 1910 2771 αὐτὸν
1934 2737 2088 2781 ἄτεγκτον
2108 2739 2222 2782 αὐστη-

1173 2786 1289 2828 ρότητα
1306 2783 1349 2823 ὡς
1367 2782 1419 2817 καὶ
1435 2784 1499 2826 τὴν
1517 2784 1652 2826 ἀρωγὴν
1664 2783 1749 2817 ὅλων
1763 2784 1827 2817 τῶν
1841 2781 1879 2816 ἐν
1895 2783 1934 2825 τῇ
1949 2784 2153 2824 Κυβερνήσει
2171 2786 2225 2816 συ-

1170 2831 1347 2873 ναδέλφων,
1369 2831 1399 2863 οἱ
1420 2831 1524 2862 ὁποῖοι
1549 2830 1593 2869 ὡς
1615 2829 1692 2872 μέλη
1716 2829 1768 2872 τῆς
1796 2829 2027 2871 Κυβερνήσεως
2053 2827 2222 2871 Παπάγου

1170 2877 1257 2917 εἶχον
1276 2875 1404 2919 πλήρως
1428 2874 1721 2918 συνειδητοποιήσει
1734 2874 1797 2917 τὴν
1819 2874 1962 2916 ἀνάγκην
1985 2875 2044 2916 τῆς
2064 2874 2221 2914 πολιτικῆς

1171 2919 1279 2963 αὐτῆς.
1299 2921 1421 2961 Ἀκόμη
1444 2920 1489 2959 εἰς
1512 2920 1572 2957 τὰς
1587 2916 1742 2958 Ἐθνικὰς
1757 2919 1916 2961 Δυνάμεις
1938 2917 2112 2960 ἐπεδιώχθη
2136 2919 2159 2959 ἡ
2180 2918 2223 2952 οἰ-

1170 2966 1302 3006 κονομία
1321 2966 1387 2997 ἐκεῖ
1408 2964 1485 2997 ὅπου
1508 2963 1580 2998 οὔτε
1601 2965 1623 3005 ἡ
1645 2964 1777 3005 δύναμις
1799 2963 1871 2997 οὔτε
1892 2964 1914 3002 ἡ
1935 2962 2146 3006 μαχητικότης
2167 2962 2225 2996 τοῦ

1171 3011 1316 3052 Στρατοῦ
1330 3010 1467 3050 ἠδύνατο
1492 3010 1535 3041 νὰ
1554 3009 1748 3050 ἐπηρεασθῇ.
1766 3009 1837 3042 Καὶ
1853 3009 2038 3051 καθιερώθη
2055 3009 2111 3041 καὶ
2128 3009 2221 3040 πάλιν

1169 3057 1187 3088 ὁ
1212 3056 1362 3096 ἐπιτυχῶς
1387 3055 1437 3093 εἰς
1456 3055 1491 3087 τὸ
1516 3054 1676 3097 παρελθὸν
1697 3054 1925 3096 λειτουργήσας
1949 3054 2067 3095 θεσμὸς
2093 3053 2149 3094 τῆς
2174 3052 2224 3084 Ἐ-

1170 3100 1323 3142 πιτροπῆς
1348 3102 1412 3133 τῶν
1437 3099 1598 3141 κρατικῶν
1619 3100 1826 3142 προμηθειῶν
1848 3100 1903 3131 καὶ
1927 3098 2006 3133 ὅσον
2027 3098 2141 3140 ἀφορᾷ
2163 3096 2223 3138 τὰς

1172 3145 1398 3187 στρατιωτικὰς
1418 3142 1627 3186 προμηθείας.

1258 3191 1300 3224 Ὁ
1316 3191 1399 3231 ἴδιος
1415 3191 1435 3223 ὁ
1459 3189 1732 3231 Πρωθυπουργὸς
1750 3190 1927 3232 ἐπεμελήθη
1945 3190 2003 3223 τοῦ
2015 3187 2153 3233 μεγάλου
2167 3186 2225 3222 θέ-

1168 3246 1267 3280 ματος
1284 3237 1345 3271 τοῦ
1365 3236 1579 3278 περιορισμοῦ
1595 3235 1657 3270 τῶν
1680 3235 1838 3277 κρατικῶν
1857 3234 2083 3276 αὐτοκινήτων.
2102 3234 2224 3276 Γνωρί-

1168 3285 1238 3322 ζετε
1253 3280 1323 3316 ὅλοι
1340 3281 1387 3313 ὅτι
1403 3281 1486 3313 κατὰ
1504 3280 1636 3317 κανόνα,
1654 3279 1744 3312 πᾶσα
1760 3278 1818 3311 νέα
1837 3278 2038 3321 Κυβέρνησις
2057 3277 2223 3322 πιεζομένη
