2428 3500
14 228 183 266 ἀνταλλαγὴ
219 227 365 265 ἀπόψεων
400 226 446 256 ἐπὶ
478 228 538 256 τῶν
573 227 736 264 ἐκκρεμῶν
766 226 966 263 ζητημάτων,
996 226 1057 257 τῶν

14 274 208 311 ἀναγομένων
238 274 280 308 εἰς
313 273 345 302 τὸ
376 272 548 310 παρελθόν.
576 272 717 311 Οὐδεμία
750 272 896 305 συνήφθη
926 271 987 300 ἐπὶ
1004 272 1056 299 τοῦ

12 319 209 357 προκειμένου
236 318 333 356 εἰδικὴ
361 317 544 355 συμφωνία.
567 317 782 357 Περιελήφθη
808 317 908 352 ἁπλῶς
936 316 976 352 εἰς
1002 315 1056 350 τὴν

14 365 85 402 περὶ
107 364 301 401 οἰκονομικῆς
333 362 543 400 συνεργασίας
574 362 699 401 γενικὴν
731 361 923 397 συμφωνίαν,
957 361 1062 402 ρήτρα

15 411 155 447 ὁρίζουσα
179 410 226 438 ὅτι
253 408 344 438 τόσον
372 409 387 446 ἡ
417 408 580 446 Ἑλληνικὴ
607 408 680 437 ὅσον
706 408 764 441 καὶ
783 408 801 445 ἡ
831 407 1063 448 Ὁμοσπονδια-

14 457 48 492 κή
74 454 270 491 Κυβέρνησις
293 453 333 483 θὰ
359 453 501 490 πράξουν
529 453 563 483 τὰ
589 453 697 482 δέοντα
724 452 799 490 πρὸς
826 452 986 490 ὁριστικὴν
1015 452 1053 480 ἐκ-

16 501 175 536 καθάρισιν
200 501 259 529 τῶν
282 498 464 537 ζητημάτων
490 499 609 532 αὐτῶν.

98 563 148 593 Ἐν
173 561 308 599 ἁρμονίᾳ
331 561 406 598 πρὸς
432 561 469 591 τὰ
494 561 639 599 ἀνωτέρω
666 561 682 599 ἡ
710 560 872 599 Ἑλληνικὴ
898 560 1066 600 Κυβέρνη-

16 621 56 642 σις
76 607 172 645 οἰκείᾳ
196 606 418 644 πρωτοβουλίᾳ,
445 606 638 640 ἀπεφάσισεν
664 607 745 641 ὅπως
769 606 908 642 προέλθῃ
931 607 972 641 εἰς
997 606 1064 648 ὁρι-

17 644 116 691 στικὴν
147 652 279 682 ἐπίλυσιν
311 655 363 682 τοῦ
393 651 450 682 ἀπὸ
476 652 617 693 μακροῦ
633 652 856 688 ἐκκρεμοῦντος
884 651 1065 690 ζητήματος

20 700 75 730 τῶν
95 699 126 728 ἐν
151 697 272 730 Ἑλλάδι
297 696 370 733 τέως
394 697 599 734 Γερμανικῶν
624 697 826 734 περιουσιῶν.
846 696 906 725 Καὶ
935 695 983 725 ἐπὶ
1006 697 1058 724 τοῦ

16 744 180 782 ζητήματος
208 742 325 777 τούτου,
356 741 576 780 προκύψαντος
605 742 636 771 ἐκ
663 743 717 772 τοῦ
741 741 908 778 γεγονότος
935 741 988 776 ὅτι
1005 740 1057 774 τὰς

14 785 188 826 περιουσιας
213 781 307 823 αὐτας
331 781 383 817 δὲν
406 785 460 823 τὰς
485 783 712 824 ἐξεποιήσαμεν
735 781 902 823 ἐγκαίρως,
926 787 995 818 καθ’
1023 787 1063 824 ἣν

18 835 130 872 εἴχομεν
162 832 274 871 διεθνῆ
300 832 504 869 ὑποχρέωσιν,
536 832 618 870 εἶχον
651 828 741 870 δοθῆ
790 831 848 861 ἀπὸ
881 831 1067 872 Ἑλληνικῆς

18 881 142 913 πλευρᾶς
174 878 313 915 ἐπίσημοι
348 876 585 912 διαβεβαιώσεις
618 876 696 914 περὶ
718 876 954 913 ἐξασφαλίσεως
982 876 1058 913 ὐπὲρ

19 927 63 964 τῆς
93 923 266 960 Γερμανίας
296 922 366 959 ἴσης
397 922 636 960 μεταχειρίσεως
668 921 743 959 πρὸς
775 921 829 960 τὴν
861 921 1072 959 καθιερουμέ-

18 982 68 1000 νην
91 969 137 999 ἐπὶ
162 968 323 1006 ἀναλόγων
348 967 491 1001 θεμάτων
514 967 571 996 ὑπὸ
598 968 650 1005 τῆς
679 967 836 1004 συνθήκης
863 966 989 1004 εἰρήνης
1016 978 1071 1006 με-

18 1016 49 1045 τὰ
76 1016 127 1050 τῆς
151 1015 303 1054 Ἰταλίας.

96 1074 148 1110 Αἱ
169 1073 454 1112 κατηγορηματικαὶ
491 1073 609 1102 ἐκεῖναι
634 1072 817 1109 ὑποσχέσεις
849 1072 908 1100 τῶν
935 1072 1068 1105 παλαιο-

24 1121 109 1158 τέρων
138 1119 367 1157 Κυβερνήσεων
417 1118 605 1157 παρέμειναν
636 1117 876 1154 ἀνεκτέλεστοι.
887 1117 974 1154 Ἤδη
1030 1116 1070 1150 δὲ

20 1165 88 1204 μετὰ
115 1165 254 1202 πάροδον
281 1167 296 1192 8
326 1164 399 1193 ἐτῶν
428 1163 485 1193 ἀπὸ
539 1165 593 1192 τοῦ
618 1163 749 1199 πέρατος
780 1164 831 1192 τοῦ
859 1161 1006 1200 πολέμου,
1029 1160 1061 1189 τὸ

21 1209 189 1248 Ἑλληνικὸν
221 1209 376 1247 Δημόσιον
408 1208 490 1240 εἶναι
516 1208 749 1246 ὑποχρεωμένον
781 1208 818 1237 νὰ
849 1207 981 1244 διατηρῇ
1013 1207 1071 1233 δα-

20 1256 153 1295 πανηρὰς
178 1255 348 1292 ὑπηρεσίας
372 1254 419 1283 διὰ
444 1253 498 1291 τὴν
524 1253 709 1291 διαχείρισιν
733 1253 792 1282 τῶν
813 1252 889 1287 τέως
912 1251 1070 1289 Γερμανι-

20 1303 75 1329 κῶν
98 1301 300 1337 περιουσιῶν.

102 1363 143 1395 Ἡ
170 1362 366 1398 Κυβέρνησις
396 1361 435 1391 θὰ
464 1361 565 1399 προβῇ
595 1360 748 1399 ταχύτατα
775 1360 816 1396 εἰς
846 1360 901 1398 τὴν
930 1359 980 1388 διὰ
1008 1360 1059 1397 τῆς

23 1409 213 1445 νομοθετικῆς
241 1408 318 1437 ὁδοῦ
342 1406 546 1443 ἐκκαθάρισιν
572 1407 624 1443 τῆς
648 1406 872 1441 καταστάσεως
901 1405 1010 1444 αὐτῆς,
1034 1404 1063 1432 ἐν

21 1455 93 1492 ὄψει
132 1454 181 1491 τῆς
210 1451 483 1489 ἐγκαινιαζομένης
512 1451 703 1488 στενωτέρας
751 1451 945 1488 οἰκονομικῆς
997 1461 1078 1477 συν-

21 1500 164 1535 εργασίας
217 1497 333 1533 μεταξὺ
388 1496 533 1535 Ἑλλάδος
562 1497 610 1526 καὶ
643 1496 774 1532 Δυτικῆς
804 1495 981 1532 Γερμανίας
1009 1494 1071 1527 καὶ

24 1544 92 1582 πρὸς
127 1543 419 1580 πραγματοποίησιν
455 1543 506 1579 τῆς
540 1541 611 1579 ἴσης
645 1541 886 1578 μεταχειρίσεως
922 1540 955 1578 μὲ
991 1539 1071 1578 τοὺς

22 1591 161 1623 Ἰταλούς,
191 1590 229 1621 ἣν
262 1589 473 1625 ὑπεσχέθημεν
505 1588 546 1622 εἰς
579 1587 609 1615 τὸ
641 1587 768 1634 ζήτημα
794 1587 852 1614 τῶν
884 1585 958 1620 τέως
988 1585 1072 1621 Γερ-

22 1636 147 1671 μανικῶν
170 1634 375 1671 περιουσιῶν.

103 1705 146 1737 Σ.
164 1703 439 1737 ΒΕΝΙΖΕΛΟΣ.
458 1703 498 1732 Οἱ
523 1702 639 1732 Ἰταλοὶ
664 1703 699 1732 τὰ
723 1702 941 1739 ἐξηγόρασαν.

104 1776 147 1806 Σ.
165 1774 472 1807 ΜΑΡΚΕΖΙΝΗΣ
497 1774 588 1806 (Ὑπ.
611 1774 789 1808 Συντον.).
804 1772 905 1812 Ὄχι,
922 1772 959 1800 τὰ
985 1773 1067 1800 ἰδιω-

26 1832 109 1850 τικά.
125 1821 278 1857 Ἀκριβῶς
310 1812 463 1857 ἐκάμαμεν
490 1820 545 1853 ὅ,τι
576 1819 627 1847 καὶ
655 1818 690 1852 μὲ
721 1817 790 1853 τοὺς
822 1817 978 1856 Ἰταλούς.
1003 1817 1081 1846 Καὶ

23 1867 70 1904 τὴν
98 1865 293 1903 ὑποχρέωσιν
321 1865 377 1902 τὴν
403 1864 524 1901 εἴχομεν
556 1864 702 1892 ἀναλάβει
734 1863 792 1893 ἀπὸ
823 1863 915 1900 πρίν.
935 1856 1079 1898 Ὀρθῶς

24 1912 49 1940 δὲ
77 1912 90 1940 ὁ
118 1923 154 1943 κ.
179 1910 395 1947 Παπανδρέου
425 1909 504 1947 εἶχεν
535 1909 679 1938 ἀναλάβει
710 1909 762 1947 τὴν
791 1907 985 1945 ὑποχρέωσιν
1014 1907 1063 1935 αὐ-

24 1957 80 1995 τήν,
106 1956 177 1985 διότι
207 1956 256 1986 δὲν
284 1955 335 1993 ἦτο
361 1954 491 1984 δυνατὸν
517 1954 554 1983 νὰ
579 1954 703 1992 ὑπάρχῃ
727 1954 833 1988 ἄνισος
859 1953 1064 1990 μεταχείρισις

25 2001 130 2038 μεταξὺ
157 2001 290 2035 Ἰταλίας
315 2000 363 2028 καὶ
387 1999 575 2036 Γερμανίας,
601 2000 669 2029 ὅταν
701 1998 909 2035 ἐπιδιώκωμεν
935 1998 972 2026 νὰ
996 1999 1064 2027 ἀνα-

26 2047 211 2084 συνδέσωμεν
260 2046 311 2081 τὰς
339 2045 532 2080 οἰκονομικὰς
561 2055 618 2081 μας
647 2042 785 2081 σχέσεις.

103 2108 142 2137 Ἡ
172 2108 370 2144 Κυβέρνησις
397 2106 501 2136 λοιπὸν
531 2106 711 2142 προτίθεται
739 2106 836 2140 ὅπως:

107 2175 142 2203 1.
161 2170 330 2207 Ἀποδώσῃ
360 2171 399 2205 εἰς
428 2169 482 2207 τὴν
511 2169 710 2206 Γερμανικὴν
741 2168 940 2203 Κυβέρνησιν
973 2168 1005 2196 τὰ
1036 2168 1073 2196 ἐν

26 2217 137 2250 Ἑλλάδι
163 2215 374 2253 διπλωματικὰ
397 2214 443 2243 καὶ
473 2214 644 2251 προξενικὰ
670 2213 810 2251 ἀκίνητα,
835 2214 934 2247 ἅτινα
952 2213 1060 2250 ἀνῆκον

26 2262 247 2298 προπολεμικῶς
274 2261 315 2295 εἰς
341 2260 394 2298 τὴν
418 2259 613 2297 Γερμανίαν.

102 2327 140 2355 2.
156 2323 325 2356 Ἀποδώσῃ
346 2323 386 2358 εἰς
409 2321 478 2357 τοὺς
502 2322 532 2351 ἐν
554 2321 683 2359 Ἑλλάδι
698 2321 776 2355 κατὰ
800 2321 853 2359 τὴν
877 2323 1059 2349 30.6.1951

27 2368 299 2410 ἐγκατεστημένους
327 2366 506 2404 Γερμανοὺς
535 2366 603 2402 τοὺς
632 2367 672 2403 μὴ
701 2365 932 2402 βαρυνομένους
956 2365 993 2404 μὲ
1024 2365 1079 2402 ἐχ-

27 2414 128 2451 θρικὰς
163 2413 300 2443 ἐναντίον
331 2414 382 2450 τῆς
417 2412 563 2449 Ἑλλάδος
596 2411 736 2448 πράξεις,
771 2411 824 2446 τὰς
887 2410 1066 2448 περιουσίας

29 2470 98 2494 των.

108 2524 149 2557 3.
162 2520 210 2549 Θὰ
240 2519 388 2557 ἀποδώσῃ
414 2519 513 2548 ἔναντι
544 2518 718 2555 καταβολῆς
747 2518 915 2556 τιμήματος
946 2516 995 2552 τὰς
1026 2517 1066 2552 εἰς

29 2565 195 2602 Γερμανικὰ
221 2564 405 2602 μορφωτικὰ
429 2564 582 2602 ἱδρύματα
607 2563 785 2598 ἀνηκούσας
807 2563 1012 2600 περιουσίας.

108 2631 149 2662 4.
166 2627 308 2656 Ἅπασαι
337 2628 367 2656 αἱ
393 2627 498 2655 λοιπαὶ
526 2626 715 2663 Γερμανικαὶ
749 2625 921 2663 περιουσίαι
952 2626 1004 2661 θὰ
1022 2626 1073 2656 δύ-

31 2679 132 2701 νανται
151 2673 187 2701 νὰ
214 2671 453 2709 ἐξαγορασθοῦν
480 2672 536 2701 ὑπὸ
565 2672 622 2700 τῶν
650 2671 723 2707 τέως
749 2671 934 2708 δικαιούχων
984 2670 1067 2702 ἐντὸς

30 2718 193 2756 ἑξαμήνου
201 2717 258 2750 ἀπὸ
280 2718 331 2752 τῆς
355 2716 583 2753 δημοσιεύσεως
603 2712 666 2745 τοῦ
679 2719 822 2754 σχετικοῦ
842 2716 955 2754 νόμου.

109 2780 181 2812 Τῶν
207 2779 352 2815 ἀνωτέρω
383 2778 561 2807 ἀποδόσεων
593 2778 790 2815 ἐξαιροῦνται
826 2775 924 2814 ρητῶς
956 2777 990 2806 τὰ
1024 2788 1072 2814 με-

31 2826 160 2855 ταλλεῖα.

109 2886 193 2914 Αὐτὴ
219 2884 309 2914 εἶναι
325 2886 355 2913 ἐν
383 2878 517 2920 γενικαῖς
546 2881 702 2920 γραμμαῖς
735 2884 749 2921 ἡ
779 2884 998 2921 διαρρύθμισις
1027 2883 1067 2917 εἰς

31 2929 73 2968 ἣν
81 2931 119 2959 ἐπὶ
143 2933 190 2959 τοῦ
213 2930 415 2967 προκειμένου
437 2930 598 2958 ἀποβλέπει
619 2929 638 2966 ἡ
657 2929 876 2966 Κυβέρνησις.

112 2992 277 3025 Ἐννοεῖται
305 2992 347 3019 ὅτι
379 2991 436 3027 πρὸ
465 2991 566 3027 πάσης
596 2991 781 3028 ἐφαρμογῆς
839 2992 894 3019 τῶν
926 2990 1068 3026 ἀνωτέρω

33 3038 208 3075 ἀποφάσεων
235 3037 252 3074 ἡ
281 3036 479 3073 Κυβέρνησις
505 3036 547 3065 θὰ
571 3033 681 3072 προβῇ,
709 3036 777 3071 καθ’
807 3036 844 3073 ἣν
871 3035 941 3073 ἔχει
958 3037 990 3065 ἐκ
1017 3034 1068 3072 τῆς

32 3082 251 3118 πανορθώσεων
281 3081 492 3121 ὑποχρέωσιν,
514 3082 555 3116 εἰς
614 3080 668 3118 τὴν
700 3080 833 3108 δέουσαν
865 3080 1069 3108 ἀνακοίνωσιν

32 3123 166 3164 πράξεως
199 3128 257 3155 τῶν
296 3127 464 3162 Παρισίων
497 3128 551 3155 τοῦ
583 3129 676 3160 1946,
705 3128 794 3164 περὶ
812 3125 1013 3163 Γερμανικῶν
1047 3125 1081 3161 ἐ-

34 3173 98 3210 πρὸς
119 3173 149 3202 τὸ
170 3171 363 3205 Συμβούλιον
384 3173 435 3202 τῆς
454 3171 615 3204 Ι.Α.Ρ.Α
628 3171 673 3202 ἐν
682 3170 900 3210 Βρυξέλλαις.

113 3234 169 3263 Καὶ
195 3234 265 3272 ἤδη,
292 3233 392 3270 κύριοι
419 3233 587 3270 βουλευταί,
617 3233 727 3271 ἐπέστη
756 3233 771 3271 ἡ
798 3232 864 3270 ὥρα
892 3233 941 3261 διὰ
969 3233 998 3262 τὸ
1027 3244 1078 3271 γε-

1126 223 1207 253 νικὸν
1234 222 1438 261 συμπέρασμα
1464 222 1522 250 τῶν
1550 221 1636 260 μέχρι
1663 214 1752 251 τοῦδε
1780 220 1923 256 ταξιδίων
1948 230 2021 258 μου.
2038 218 2090 252 Εἰς
2121 217 2186 249 τὰς

1124 268 1303 307 Ἡνωμένας
1334 267 1504 302 Πολιτείας
1530 266 1716 304 ἐπετύχαμεν
1739 266 1806 304 τὴν
1817 265 1903 303 κατὰ
1920 264 2009 297 βάσιν
2035 262 2170 300 ἀναγνώ-

1128 326 1205 350 ρισιν
1228 315 1280 343 τοῦ
1304 311 1547 349 προγράμματός
1572 323 1648 347 μας.
1663 310 1725 341 Καὶ
1748 311 1784 339 τὰ
1807 310 1960 347 καλύτερα
1982 304 2099 346 εὔσημα
2123 308 2173 336 διὰ

1127 359 1178 397 τὴν
1209 357 1478 395 ἀκολουθουμένην
1508 356 1706 393 οἰκονομικὴν
1735 355 1891 389 πολιτικὴν
1918 356 1959 391 εἰς
1989 354 2043 393 τὴν
2072 352 2181 387 Ἑλλά-

1125 406 1180 437 δα.
1200 403 1256 432 Δὲν
1285 403 1426 440 γνωρίζω
1455 403 1489 431 ἂν
1518 402 1588 431 ποτὲ
1617 402 1722 431 ἄλλοτε
1752 402 1791 436 εἰς
1821 400 1987 436 ἐπισήμους
2015 398 2177 435 συνεδριά-

1126 460 1188 483 σεις
1210 449 1380 484 ἐπιτροπῶν
1405 450 1455 478 τοῦ
1477 447 1695 483 Κογκρέσσου,
1707 443 1764 484 ὄχι
1786 446 1877 484 μόνον
1900 445 1948 474 δὲν
1974 444 2172 482 ἠκούσθησαν

1127 495 1172 531 αἱ
1184 494 1274 522 τόσον
1301 493 1445 531 συνήθεις
1474 493 1578 521 ἄλλοτε
1608 491 1823 526 διαπιστώσεις
1851 489 1912 526 καὶ
1928 489 2172 526 παρατηρήσεις,

1127 539 1200 568 ἀλλὰ
1230 538 1409 567 τοὐναντίον
1440 537 1522 567 τόσοι
1554 536 1778 574 διετυπώθησαν
1809 535 1927 565 ἔπαινοι
1958 534 2007 563 καὶ
2040 534 2172 566 σπανίως

1129 585 1142 622 ἡ
1176 584 1281 621 Ἑλλὰς
1312 583 1502 621 ἐνεφανίσθη
1533 582 1573 617 ὡς
1603 582 1775 618 ὑπόδειγμα
1806 581 1850 617 ὄχι
1884 580 1971 615 πλέον
2002 579 2095 618 μόνον
2126 579 2173 606 διὰ

1130 630 1180 667 τὴν
1205 629 1357 666 ὑπέροχον
1388 627 1611 665 στρατιωτικήν
1642 638 1692 664 της
1721 626 1936 663 προσπάθειαν
1963 624 2035 653 ἀλλὰ
2063 624 2114 652 διὰ
2138 625 2186 662 τὰ

1128 674 1305 712 οἰκονομικά
1332 685 1384 711 της
1406 671 1636 710 ἐπιτεύγματα.
1661 671 1776 708 Πέραν
1806 672 1861 699 τῶν
1880 671 1994 700 τίτλων
2022 670 2120 698 αὐτῶν
2149 669 2172 697 οἱ

1130 720 1233 748 ὁποῖοι
1248 718 1494 757 ἐπαναλαμβάνω
1518 718 1598 755 ἦσαν
1621 717 1845 754 ἀπαραίτηττοι
1869 716 1918 745 διὰ
1943 716 1995 754 τὴν
2020 714 2175 752 ἐπιτυχίαν

1127 776 1184 802 μας
1210 765 1251 800 εἰς
1278 764 1334 802 τὴν
1357 763 1512 800 Εὐρώπην
1537 763 1585 791 καὶ
1615 762 1664 792 διὰ
1690 762 1745 800 τὴν
1772 761 1975 799 προσέλκυσιν
2003 763 2055 790 τοῦ
2081 760 2173 788 ἐνδια-

1130 810 1278 846 φέροντος
1310 811 1362 838 τοῦ
1394 808 1652 846 Ἀμερικανικοῦ
1667 804 1826 836 ἰδιωτικοῦ
1853 806 2033 842 κεφαλαίου,
2065 805 2083 842 ἡ
2115 804 2175 832 διά-

1130 865 1222 888 σωσις
1243 855 1300 883 τῶν
1322 854 1458 883 παλαιῶν
1478 852 1720 890 ὑπολειμμάτων,
1743 852 1761 889 ἡ
1784 852 1987 887 ἐξασφάλισις
2009 850 2078 884 νέας
2099 849 2175 877 ἔστω

1129 900 1174 927 καὶ
1201 897 1311 935 μικρᾶς
1335 899 1530 935 οἰκονομικῆς
1556 897 1712 934 βοηθείας,
1735 896 1790 932 καὶ
1813 896 1828 933 ἡ
1873 894 2094 932 ἀποδέσμευσίς
2118 906 2175 930 μας

1129 946 1160 973 ἐκ
1187 945 1239 982 τῆς
1267 943 1463 978 διαδικασίας
1492 939 1552 973 τοῦ
1566 942 1792 979 παρελθόντος,
1820 940 2001 979 ἐπιτρέπουν
2025 940 2084 972 καὶ
2098 933 2175 968 ἐκεῖ-

1131 991 1182 1019 θεν
1211 989 1263 1018 τὸν
1290 988 1497 1026 ὑπολογισμὸν
1528 987 1594 1023 ἑνὸς
1625 988 1724 1022 ποσοῦ
1751 987 1801 1015 διὰ
1829 986 1862 1015 τὸ
1891 985 2081 1023 πρόγραμμά
2109 996 2180 1022 μας.

1128 1031 1268 1069 Ἔπειτα,
1298 1034 1330 1063 τὸ
1361 1032 1594 1071 ἐξασφαλισθὲν
1622 1031 1810 1069 ἐνδιαφέρον
1839 1032 1892 1069 τῆς
1922 1031 2068 1066 Διεθνοῦς
2098 1030 2183 1062 Τρα-

1129 1080 1220 1117 πέζης
1235 1079 1354 1117 ἔχομεν
1377 1079 1463 1119 κάθε
1481 1077 1571 1112 λόγον
1600 1078 1636 1107 νὰ
1660 1077 1849 1115 πιστεύωμεν
1875 1077 1920 1106 ὅτι
1944 1076 1987 1106 θὰ
2009 1075 2178 1113 ὑλοποιηθῇ

1130 1126 1171 1159 εἰς
1200 1124 1383 1154 οὐσιαστικὰ
1410 1123 1649 1162 ἀποτελέσματα,
1679 1122 1715 1153 τὰ
1741 1123 1828 1151 ὁποῖα
1859 1122 1899 1151 θὰ
1928 1121 2109 1159 συμβάλουν
2128 1120 2192 1158 καὶ

1132 1170 1225 1201 αὐτά.
1247 1169 1304 1199 Καὶ
1337 1169 1421 1205 τέλος
1451 1169 1481 1198 αἱ
1510 1168 1650 1206 ἐπίσημοι
1682 1167 1855 1206 συμφωνίαι
1886 1167 1938 1204 τῆς
1967 1165 2099 1200 Γαλλίας
2128 1165 2184 1195 καὶ

1135 1211 1184 1249 τῆς
1212 1215 1389 1252 Γερμανίας
1421 1211 1477 1251 μᾶς
1508 1213 1627 1251 ἔφεραν
1656 1214 1697 1248 εἰς
1728 1213 1784 1251 τὴν
1812 1211 1995 1250 εὐχάριστον
2027 1211 2111 1239 θέσιν
2141 1210 2179 1239 νὰ

1131 1260 1287 1299 δυνάμεθα
1306 1259 1343 1289 νὰ
1364 1258 1633 1296 διεβεβαιώσωμεν
1653 1258 1709 1296 τὴν
1730 1257 1855 1295 Βουλὴν
1876 1257 1919 1286 ὅτι
1941 1256 1990 1285 διὰ
2010 1257 2065 1294 τὴν
2081 1267 2186 1293 πραγ-

1131 1305 1333 1343 ματοποίησιν
1361 1307 1414 1333 τοῦ
1441 1303 1685 1341 προγράμματός
1711 1314 1771 1339 μας
1799 1302 1850 1331 δὲν
1878 1301 2068 1335 ὑφίστανται
2091 1300 2187 1329 πλέον

1134 1349 1413 1386 συναλλαγματικαὶ
1452 1348 1631 1381 δυσκολίαι.
1657 1347 1866 1385 Διετρέξαμεν
1901 1350 2015 1377 45.000
2053 1345 2183 1384 χιλιόμε-

1136 1408 1188 1434 τρα
1215 1396 1261 1425 καὶ
1293 1395 1461 1433 ἐχρειάσθη
1490 1394 1528 1423 νὰ
1557 1393 1763 1430 ἐργαζώμεθα
1792 1396 1829 1422 14
1859 1392 1943 1428 ὥρας
1972 1391 2004 1420 τὸ
2034 1390 2177 1429 ἡμερονύ-

1133 1453 1234 1472 κτιον.
1249 1440 1365 1483 Εἴμεθα
1389 1441 1470 1482 ὅμως
1494 1439 1607 1476 ἕτοιμοι
1633 1438 1670 1468 νὰ
1696 1438 1874 1476 μεταβῶμεν
1897 1437 1960 1478 καὶ
1973 1438 2013 1472 εἰς
2040 1437 2075 1466 τὰ
2100 1436 2176 1473 ἄκρα

1132 1488 1185 1524 τῆς
1210 1487 1264 1524 γῆς
1288 1485 1338 1514 καὶ
1362 1485 1399 1515 νὰ
1423 1485 1627 1522 ἐργασθῶμεν
1651 1483 1885 1521 περισσότερον,
1911 1483 1998 1519 ἀρκεῖ
2021 1482 2058 1511 νὰ
2082 1481 2180 1518 φέρω-

1132 1543 1186 1568 μεν
1213 1532 1254 1567 εἰς
1283 1531 1378 1566 πέρας
1404 1530 1437 1560 τὸ
1465 1529 1653 1566 πρόγραμμα
1685 1528 1742 1557 ἀπὸ
1771 1528 1802 1558 τὸ
1831 1529 1935 1557 ὁποῖον
1966 1527 2131 1564 ἐξαρτᾶται
2162 1526 2178 1562 ἡ

1133 1576 1280 1615 εὐημερία
1305 1577 1357 1614 τῆς
1388 1573 1574 1614 Πατρίδος.

1219 1636 1416 1673 Γνωρίζομεν
1442 1636 1483 1665 ὅτι
1511 1635 1679 1672 ὑφίσταται
1704 1634 1830 1672 ζήτημα
1851 1635 2007 1671 δραχμῶν,
2034 1633 2106 1662 ἀλλὰ
2134 1634 2181 1660 δυ-

1133 1682 1251 1720 νὰμεθα
1276 1682 1313 1711 νὰ
1339 1681 1558 1718 βεβαιώσωμεν
1584 1680 1637 1718 τὴν
1666 1679 1793 1717 Βουλὴν
1818 1680 1863 1708 ὅτι
1885 1679 1936 1708 καὶ
1960 1678 1992 1708 τὸ
2018 1678 2180 1716 πρόβλημα

1134 1727 1206 1755 αὐτὸ
1231 1727 1272 1756 θὰ
1297 1724 1386 1764 λυθῇ
1397 1726 1447 1755 καὶ
1476 1725 1611 1763 ταχέως.
1627 1724 1772 1758 Βεβαίως
1798 1724 1943 1753 οὐδέποτε
1970 1724 2011 1753 θὰ
2035 1733 2168 1761 χρησιμο

1134 1772 1307 1810 ποιήσωμεν
1336 1770 1536 1807 πληθωρικὰς
1568 1769 1731 1807 δραχμάς.
1753 1769 1848 1806 Ἀλλὰ
1879 1769 1929 1798 δὲν
1959 1769 2000 1798 θὰ
2030 1768 2180 1806 χρειασθῇ

1137 1818 1169 1846 νὰ
1195 1816 1527 1854 χρησιμοποιήσωμεν.
1546 1815 1586 1845 Ἡ
1612 1814 1769 1852 οἰκονομία
1797 1825 1853 1852 μας
1880 1814 2020 1851 εἰσῆλθεν
2046 1814 2100 1845 εἰς
2115 1815 2179 1842 στά-

1134 1863 1199 1891 διον
1217 1863 1270 1899 τῆς
1289 1862 1422 1897 εὐεξίας,
1444 1860 1629 1895 ἐνωρίτερον
1651 1859 1709 1889 ἀπὸ
1730 1860 1786 1895 ὅ,τι
1806 1859 1855 1888 καὶ
1877 1859 1962 1896 ἡμεῖς
1986 1858 2188 1895 ἀνεμένομεν.

1135 1907 1174 1938 Ἡ
1199 1906 1404 1943 ἐμπιστοσύνη
1429 1905 1504 1942 πρὸς
1530 1905 1562 1935 τὸ
1585 1905 1710 1940 Κράτος
1736 1904 1775 1933 θὰ
1797 1905 1935 1941 καταστῇ
1959 1903 2086 1938 μόνιμον
2110 1903 2190 1938 ἀγα

1134 1952 1206 1990 θόν,
1226 1952 1238 1982 ὁ
1264 1950 1530 1988 προϋπολογισμὸς
1556 1950 1598 1979 θὰ
1622 1949 1751 1979 δύναται
1773 1949 1812 1978 νὰ
1838 1948 1994 1986 συμβάλῃ.
2012 1947 2087 1980 Καὶ
2093 1946 2178 1975 ἄλλοι

1134 1998 1234 2034 πόροι
1250 1997 1289 2026 θὰ
1314 1996 1467 2026 δύνανται
1484 1996 1522 2025 νὰ
1548 1994 1752 2031 συντρέξουν.
1775 1993 1870 2035 Ἀλλὰ
1893 1994 1944 2022 καὶ
1971 1993 1985 2030 ἡ
2011 1993 2189 2029 ἀναγεννω

1135 2043 1208 2080 μένη
1230 2040 1452 2077 ἀποταμίευσις
1479 2041 1530 2069 δὲν
1555 2039 1663 2078 ἔχομεν
1690 2039 1835 2077 οὐδεμίαν
1863 2037 2049 2076 ἀμφιβολίαν
2076 2038 2116 2066 ὅτι
2144 2037 2182 2066 θὰ

1137 2088 1276 2126 συμβάλῃ
1301 2087 1351 2115 καὶ
1378 2086 1553 2120 γενναίως.

1223 2149 1266 2179 Ἡ
1295 2148 1457 2185 Ἑλληνικὴ
1487 2147 1686 2183 Κυβέρνησις
1718 2147 1795 2175 εἶναι
1829 2145 2066 2184 ἀποφασισμένη
2098 2145 2181 2174 ἐντὸς

1139 2186 1196 2223 τοῦ
1211 2195 1381 2230 προσεχοῦς
1407 2192 1493 2227 ἔτους
1519 2193 1555 2221 νὰ
1580 2193 1706 2229 στραφῇ
1729 2191 1805 2229 πρὸς
1831 2191 1881 2220 τὸν
1909 2191 2086 2231 Ἑλληνικὸν
2110 2190 2180 2218 λαὸν

1136 2239 1185 2268 διὰ
1212 2239 1248 2267 νὰ
1271 2238 1391 2275 ζητήσῃ
1416 2238 1463 2275 ὄχι
1489 2238 1577 2266 πλέον
1603 2237 1726 2273 θυσίας,
1754 2236 1828 2266 ἀλλὰ
1853 2236 1907 2274 τὴν
1935 2236 1968 2274 μὲ
1993 2236 2027 2264 τὸ
2055 2235 2187 2272 ἀζημίω-

1139 2295 1184 2312 τον
1207 2283 1397 2321 συμμετοχήν
1419 2294 1469 2312 του
1489 2283 1528 2318 εἰς
1550 2282 1583 2312 τὸ
1603 2282 1804 2319 πρόγραμμα
1815 2281 1873 2310 ἀπὸ
1889 2280 1922 2310 τὸ
1940 2282 2046 2309 ὁποῖον
2067 2281 2093 2308 θ’
2115 2280 2182 2307 ἀνα-

1136 2330 1255 2363 μένεται
1282 2329 1299 2366 ἡ
1329 2328 1477 2366 εὐημερία
1506 2339 1580 2361 του.
1596 2326 1750 2361 Μάλιστα,
1779 2325 1898 2363 κύριοι.
1921 2325 1968 2355 Θὰ
1999 2326 2177 2362 στραφῶμεν

1135 2376 1176 2409 εἰς
1209 2375 1263 2412 τὴν
1291 2373 1414 2402 ἔκδοσιν
1448 2373 1637 2408 ἐσωτερικοῦ
1666 2371 1790 2401 δανείου
1824 2371 1979 2405 ἀπολύτως
2012 2381 2182 2407 προαιρετι-

1135 2421 1204 2451 κοῦ.
1220 2419 1280 2448 Καὶ
1303 2419 1375 2448 ὅταν
1397 2417 1475 2455 λέγω
1499 2416 1702 2451 «ἀπολύτως»,
1726 2417 1821 2445 ἐννοῶ
1844 2415 2081 2452 ἀποκλειομένης
2103 2415 2196 2448 οἱασ-

1137 2465 1246 2502 δήποτε
1267 2463 1403 2502 μεθόδου
1425 2465 1476 2493 τοῦ
1497 2462 1534 2492 νὰ
1556 2463 1594 2500 μὴ
1615 2461 1695 2491 εἶναι
1716 2460 1934 2497 προαιρετικὸν
1954 2460 2002 2489 καὶ
2027 2461 2118 2496 δηλῶ,
2139 2461 2195 2495 ὅτι

1138 2510 1239 2543 ὅποιος
1262 2509 1339 2539 θέλει
1365 2508 1406 2538 θὰ
1428 2507 1617 2546 συμμετέχῃ.
