2472 3500
86 245 137 283 τῂν
163 243 310 286 περιοχήν
339 254 406 281 μας,
432 242 522 280 μέγα
537 242 591 281 ἦτο
618 243 721 272 ἄλλοτε
750 242 782 272 τὸ
810 242 946 284 γόητρον
974 242 1029 280 τῆς
1053 241 1137 269 Γαλ-

82 290 155 330 λίας,
179 289 220 318 θὰ
245 288 295 326 ἦτο
319 287 450 317 δυνατὸν
472 287 510 317 νὰ
531 288 703 325 ὑπολογίσῃ
724 299 766 323 τις
790 290 830 323 εἰς
855 288 886 317 τὸ
904 284 943 316 νὰ
963 286 1077 324 κινήσῃ
1099 286 1129 314 ἐκ

85 333 151 364 νέου
179 331 216 363 τὸ
241 333 428 370 ἐνδιαφέρον
456 332 539 367 αὐτό,
571 334 611 367 εἰς
641 333 694 372 τὴν
724 332 971 371 ἐμφανιζομένην
1001 330 1137 372 ἀρίστην

83 380 242 417 εὐκαιρίαν
259 380 321 416 τῆς
353 378 507 413 Ἑλλάδος.
538 378 574 407 Ὁ
606 378 721 414 Γάλλος
756 377 965 415 Πρεσβευτὴς
990 386 1022 418 κ.
1047 377 1127 406 Μπε-

82 427 130 456 λὲν
148 425 202 458 καὶ
224 425 237 453 ὁ
262 424 443 461 Σύμβουλος
466 429 503 458 κ.
516 423 655 459 Λαπόρτ,
677 431 706 452 οἱ
727 424 824 452 ὁποῖοι
850 423 993 460 ὑπῆρξαν
1011 422 1138 455 πολύτι-

83 478 127 510 μοι
154 469 409 508 συμπαραστάται
433 469 484 503 καὶ
507 469 621 506 βοηθοί
639 480 695 506 μου
713 469 752 506 μὲ
774 468 857 512 εἶχον
880 468 1065 505 ἐνθαρρύνει
1088 468 1137 504 εἰς

82 517 135 554 τὴν
162 514 340 549 αἰσιόδοξον
366 514 461 551 αὐτὴν
489 514 670 551 ἀντίληψιν.
685 513 748 543 Καὶ
774 514 906 551 εὐτυχῶς
930 514 967 543 τὰ
992 513 1133 550 πράγμα-

84 568 122 589 τα
142 561 197 599 μᾶς
217 558 425 592 ἐδικαίωσαν.

168 606 265 637 Ἀλλὰ
286 609 456 651 καλύτερον
477 609 514 646 νὰ
536 609 653 647 ἀρχίσω
677 608 733 637 ἀπὸ
755 608 809 647 τὴν
832 608 953 646 ἀρχήν.
964 608 1022 637 Δὲν
1042 608 1138 646 ἤρκει

84 655 214 694 βεβαίως
230 657 310 693 μόνη
330 656 347 693 ἡ
366 654 560 690 αἰσιοδοξία.
562 651 773 692 Ἐχρειάζετο
782 654 834 689 καὶ
852 661 877 693 ἡ
890 654 1041 690 ἀνάλογος
1061 660 1141 691 προ-

85 711 253 739 ετοιμασία,
279 699 297 738 ἡ
324 698 413 728 ὁποία
440 699 600 735 ἐβασίζετο
625 710 667 734 εἰς
694 697 726 728 τὸ
753 693 790 728 νὰ
809 698 933 737 κινηθῇ
953 694 1130 735 πρωτίστως

85 747 210 783 ζωηρῶς
238 746 270 774 τὸ
297 747 485 782 ἐνδιαφέρον
512 755 571 774 τῶν
599 745 873 782 ἐπιχειρηματικῶν
895 747 1041 782 κύκλων,
1055 738 1129 772 ὥστε

84 788 126 825 εἰς
148 802 179 819 τὸ
206 786 332 827 Παρίσι
355 795 393 818 νὰ
414 791 595 828 ὑπελείπετο
610 790 641 835 ἡ
654 788 713 819 ἀπ’
727 795 848 826 εὐθείας
871 792 991 827 ἔρευνα
1007 792 1059 827 τῆς
1083 800 1137 821 πο-

79 834 205 868 πολιτικο
196 855 196 856 -
216 837 410 873 οικονομικῆς
440 834 591 871 πλευρᾶς.
611 832 712 872 Πρὸς
741 846 828 867 τοῦτο
858 844 914 864 ἀπὸ
942 834 999 864 τῶν
1028 831 1144 872 ἀρχῶν

82 875 143 919 ἤδη
171 882 223 909 τοῦ
250 882 436 918 Αὐγούστου
464 878 600 908 ἐκάλεσα
623 878 653 908 ἐν
674 876 834 918 Ἀθήναις
864 880 915 909 τὸν
937 875 1137 918 διακεκριμέ-

84 937 136 962 νον
162 920 362 965 συνεργάτην
379 922 435 963 μου
444 925 643 962 καθηγητὴν
661 921 886 963 Νικολαΐδην,
891 924 1056 962 Ἀρχηγὸν
1082 921 1131 962 τῆς

86 974 263 1009 Ἑλληνικῆς
292 967 583 1006 Ἀντιπροσωπείας
616 975 701 1007 παρὰ
731 969 786 1013 τῷ
805 970 981 1002 ΟΕΟΣ,
998 971 1050 999 καὶ
1081 982 1133 999 τοῦ

84 1017 190 1044 ἔδωσα
216 1017 349 1053 ἐντολὴν
382 1019 462 1049 ὅπως
494 1011 548 1053 ἐφ’
576 1011 643 1050 ἑνὸς
675 1006 842 1053 ἀνιχνεύσῃ
872 1011 1142 1053 συστηματικώτε-

87 1072 140 1099 ρον
167 1065 199 1090 τὸ
227 1058 414 1098 ἐνδιαφέρον
441 1062 498 1089 τῶν
527 1062 804 1098 ἐπιχειρηματικῶν
818 1061 949 1092 κύκλων
965 1057 1031 1098 τῆς
1048 1059 1145 1090 Γαλ-

85 1106 160 1142 λίας,
186 1105 248 1143 ἀφ’
264 1110 372 1143 ἑτέρου
395 1100 428 1133 δὲ
455 1110 677 1143 συγκεντρώσῃ
697 1105 920 1143 περισσότερον
947 1106 999 1144 τὴν
1023 1116 1140 1143 προσο-

85 1163 142 1190 χήν
169 1162 221 1180 του
251 1152 290 1184 εἰς
321 1162 357 1179 τὰ
385 1151 501 1189 θέματα
535 1152 584 1180 τοῦ
613 1153 855 1189 ἐξηλεκτρισμοῦ,
883 1151 935 1185 καὶ
962 1154 1046 1185 τέλος
1075 1158 1146 1181 ἐπι-

89 1208 170 1235 τύχῃ,
198 1198 223 1225 εἰ
249 1195 390 1233 δυνατόν,
419 1196 605 1233 προσφορὰς
633 1200 815 1234 ἐγγράφους
844 1197 875 1224 ἐκ
904 1197 1015 1234 μέρους
1044 1199 1142 1223 σοβα-

88 1253 148 1279 ρῶν
179 1243 380 1279 οἰκονομικῶν
409 1232 547 1281 ὁμιλῶν,
564 1244 616 1268 διὰ
645 1244 682 1269 τὰ
711 1243 790 1269 κατὰ
820 1251 912 1278 μέρος
945 1246 1051 1278 σχέδια
1082 1243 1145 1269 τοῦ

86 1296 348 1323 προγράμματος.

132 1344 171 1382 Ἡ
189 1343 345 1382 καθολικὴ
373 1343 588 1382 ἐμπιστοσύνη,
616 1343 634 1382 ἡ
661 1343 751 1372 ὁποία
779 1343 907 1381 ὑπάρχει
935 1343 976 1378 εἰς
1003 1342 1034 1372 τὸ
1062 1341 1143 1376 ἐξω-

92 1401 207 1427 τερικὸν
232 1400 271 1424 ὡς
297 1399 374 1426 πρὸς
399 1388 452 1427 τὴν
479 1390 656 1427 ἀνόρθωσιν
681 1390 740 1417 τῶν
766 1389 968 1427 οἰκονομικῶν
993 1389 1044 1425 τῆς
1069 1387 1147 1415 Χώ-

89 1446 143 1473 ρας
166 1435 216 1463 καὶ
240 1442 292 1473 τὴν
317 1435 599 1472 διασφαλισθεῖσαν
621 1428 784 1471 ὁριστικῶς
808 1437 964 1472 πολιτικὴν
989 1433 1146 1469 σταθερό-

87 1491 171 1518 τητα,
202 1481 433 1518 συνδυαζομένη
457 1484 500 1517 μὲ
522 1481 573 1509 τὸν
599 1479 704 1514 δεξιὸν
732 1480 892 1517 χειρισμὸν
918 1481 970 1508 τοῦ
997 1484 1146 1516 καθηγη-

87 1526 139 1562 τοῦ
154 1534 196 1561 κ.
210 1527 399 1562 Νικολαΐδη,
417 1520 598 1562 ἐπέτρεψαν
624 1529 705 1562 μιᾶν
721 1521 878 1562 ἑβδομάδα
903 1520 962 1561 πρὸ
988 1523 1039 1561 τῆς
1067 1527 1146 1553 ἀνα-

87 1572 253 1608 χωρήσεώς
276 1581 333 1607 μου
357 1571 407 1598 διὰ
435 1569 617 1606 Παρισίους
641 1570 679 1598 νὰ
701 1569 859 1607 ὑπάρχουν
874 1564 943 1607 ἤδη
965 1579 1006 1604 εἰς
1030 1571 1135 1606 χεῖρας

84 1622 144 1652 μας
171 1612 340 1653 ἔγγραφοι
355 1613 540 1652 προσφοραὶ
565 1615 709 1652 σοβαρῶν
737 1621 847 1663 οἴκων,
867 1614 918 1643 διὰ
941 1614 998 1652 τὴν
1025 1615 1150 1648 ἐκτέλε-

91 1672 134 1689 σιν
158 1658 220 1694 καὶ
239 1659 510 1698 χρηματοδότησιν
538 1659 699 1697 διαφόρων
727 1659 829 1696 ἔργων
854 1657 911 1688 τοῦ
934 1659 1134 1696 προγράμμα-

93 1716 149 1741 τος,
180 1705 220 1741 ὡς
255 1706 504 1742 συγκεκριμένως
540 1705 667 1741 ἀζώτου,
703 1708 756 1734 τοῦ
790 1705 1000 1742 διϋλιστηρίου
1013 1714 1136 1740 πετρε-

87 1752 173 1778 λαίου
196 1749 247 1779 καὶ
271 1748 330 1779 τοῦ
335 1748 521 1787 Ἀχελώου.
536 1749 597 1788 Ὡς
622 1749 698 1785 πρὸς
722 1749 752 1779 δὲ
778 1749 975 1786 εἰδικώτερον
1000 1749 1034 1777 τὰ
1057 1749 1138 1785 ἔργα

92 1798 139 1823 τοῦ
162 1789 377 1833 ἠλεκτρισμοῦ,
400 1794 550 1832 πρότασις
571 1794 872 1833 χρηματοδοτήσεως
897 1794 1001 1833 μέχρις
1027 1797 1042 1822 6
1070 1794 1144 1822 ἑκα-

90 1841 262 1878 τομμυρίων
289 1840 443 1878 φράγκων
462 1839 502 1882 μὲ
530 1840 670 1878 ἑπταετῆ
689 1840 937 1878 ἀποπληρωμήν.
946 1839 1079 1877 Ταύτην
1105 1839 1135 1867 δὲ

89 1887 231 1923 διεδέχθη
255 1885 328 1922 ἄλλη
353 1884 481 1913 κατόπιν
506 1884 585 1913 νέων
608 1884 829 1921 προσπαθειῶν
854 1885 906 1912 διὰ
929 1884 1023 1913 ποσὸν
1049 1880 1144 1925 μέχρι

91 1934 126 1964 10
159 1928 446 1968 δισεκατομμυρίων
479 1936 526 1958 καὶ
563 1930 596 1967 μὲ
631 1927 764 1967 δεκαετῆ
791 1930 986 1967 προθεσμίαν
1020 1936 1141 1967 πληρω-

90 1977 158 2013 μῆς.
167 1974 279 2010 Τοῦτο
307 1975 445 2003 ἀποτελεῖ
468 1975 518 2012 τὴν
541 1975 638 2004 πλέον
668 1975 837 2003 σπουδαίαν
866 1975 1034 2015 ἐκδήλωσιν
1085 1976 1138 2005 τοῦ

89 2020 328 2058 ἐνδιαφέροντος
351 2019 399 2052 καὶ
429 2020 478 2057 τῆς
504 2019 729 2058 ἐμπιστοσύνης
753 2021 811 2048 τῶν
836 2019 962 2048 Γάλλων
987 2020 1150 2058 ἐπιχειρη-

91 2067 203 2105 ματιῶν
230 2066 280 2094 διὰ
307 2065 360 2102 τὴν
388 2065 538 2100 Ἑλλάδα,
556 2065 701 2099 δοθέντος
727 2065 783 2100 ὅτι
799 2065 812 2094 ὁ
840 2065 1008 2102 προτείνων
1035 2065 1136 2102 ὅμιλος

92 2111 260 2140 ἀπετελεῖτο
295 2111 351 2139 ἀπὸ
387 2109 626 2146 σοβαρωτάτους
659 2109 762 2144 οἴκους
786 2109 826 2150 μὲ
859 2110 914 2148 τὴν
946 2110 1139 2147 συμμετοχὴν

94 2156 301 2194 σημαινούσης
327 2155 505 2191 Τραπέζης.
526 2149 644 2192 Ἔμενε
669 2154 773 2183 λοιπὸν
793 2154 890 2186 πλέον
916 2155 956 2189 εἰς
983 2155 1037 2192 τὴν
1054 2153 1143 2187 Γαλ-

93 2201 156 2230 λίαν
183 2201 220 2230 νὰ
244 2201 338 2237 κριθῇ
363 2200 451 2238 μέχρι
477 2200 565 2229 ποίου
594 2199 719 2237 σημείου
746 2199 788 2228 θὰ
813 2199 902 2237 ἤθελε
927 2200 977 2228 καὶ
1007 2200 1044 2229 θὰ
1069 2199 1144 2236 ἠδύ-

89 2257 161 2279 νατο
186 2246 222 2275 νὰ
247 2245 443 2283 συμφωνήσῃ
461 2245 512 2282 καὶ
536 2244 555 2283 ἡ
577 2244 711 2283 Γαλλικὴ
736 2244 951 2281 Κυβέρνησις.

1291 1590 1421 1628 Εἴχομεν
1449 1591 1547 1619 πάντα
1575 1590 1669 1627 λόγον
1699 1589 1736 1619 νὰ
1763 1588 1865 1627 ἤμεθα
1895 1588 2051 1623 ἀπολύτως
2081 1588 2259 1625 ἱκανοποιη-

1206 1636 1293 1674 μένοι
1312 1636 1369 1664 ἀπὸ
1395 1636 1427 1665 τὸ
1452 1632 1653 1672 ἀποτέλεσμα,
1677 1635 1759 1668 ὅπως
1781 1634 1833 1663 καὶ
1857 1635 1913 1669 πᾶς
1939 1633 2178 1678 ἀντικειμενικὸς
2196 1644 2259 1671 πα-

1207 1680 1404 1718 ρατηρητής.
1422 1680 1519 1709 Διότι
1534 1680 1568 1714 οἱ
1583 1677 1698 1714 Γάλλοι
1727 1679 1804 1708 εἶναι
1833 1679 1979 1707 δύσκολοι
2003 1679 2044 1712 εἰς
2072 1678 2125 1713 τὰς
2154 1689 2259 1707 συνεν-

1206 1726 1327 1763 νοήσεις
1350 1736 1410 1754 των
1431 1725 1481 1754 καὶ
1507 1725 1521 1762 ἡ
1545 1724 1715 1761 ἐσωτερικὴ
1728 1724 1927 1759 κατάστασις
1951 1724 2002 1760 τῆς
2026 1723 2170 1759 Γαλλίας,
2192 1723 2253 1751 ἀνε-

1208 1770 1367 1807 ξαρτήτως
1392 1770 1445 1799 ἐὰν
1468 1770 1485 1807 ἡ
1510 1769 1623 1798 Γαλλία
1649 1769 1723 1798 εἶναι
1752 1769 1880 1798 πλουσία
1904 1768 2002 1806 χώρα,
2026 1768 2193 1802 δύσκολος.
2209 1767 2262 1801 Δι-

1208 1815 1442 1856 καιολογημένοι
1466 1814 1571 1843 λοιπὸν
1597 1815 1624 1843 οἱ
1650 1813 1815 1852 δισταγμοὶ
1837 1815 1889 1851 τῆς
1907 1810 2077 1850 Τραπέζης
2103 1813 2154 1850 τῆς
2179 1812 2260 1841 Γαλ-

1206 1861 1290 1896 λίας.
1307 1860 1461 1897 Λέγοντες
1489 1860 1539 1889 ὅτι
1558 1860 1738 1897 θεωροῦμεν
1765 1858 1796 1888 τὸ
1825 1859 2016 1896 ἀποτέλεσμα
2042 1859 2099 1887 τῶν
2128 1859 2254 1895 διαπρα-

1206 1905 1404 1942 γματεύσεων
1431 1905 1471 1938 ὡς
1499 1904 1656 1941 ἐπιτυχίαν
1684 1905 1736 1941 τῆς
1767 1903 1944 1940 Ἑλληνικῆς
1960 1897 2182 1940 Ἀποστολῆς,
2204 1902 2267 1931 δὲν

1208 1950 1356 1987 σημαίνει
1370 1950 1420 1979 ὅτι
1438 1950 1561 1987 εἴμεθα
1566 1950 1669 1982 τόσον
1680 1950 1814 1986 ἀφελεῖς,
1838 1948 1913 1977 ὥστε
1938 1948 1976 1977 νὰ
2000 1948 2187 1986 πιστεύωμεν
2211 1948 2264 1980 ὅτι

1206 1997 1293 2027 τοῦτο
1320 1995 1459 2022 ἀποτελεῖ
1484 1994 1652 2031 ἀποτυχίαν
1677 1994 1718 2022 ἐκ
1734 1994 1785 2031 τῆς
1810 1993 1962 2031 Γαλλικῆς
1988 1993 2137 2030 πλευρᾶς.
2151 1987 2254 2026 Ἀντι-

1210 2040 1302 2074 θέτως
1329 2040 1474 2075 μάλιστα
1506 2039 1561 2076 τὴν
1585 2040 1765 2076 θεωροῦμεν
1791 2039 1875 2076 ἴσην
1909 2037 2077 2076 Γαλλικὴν
2089 2038 2263 2075 ἐπιτυχίαν.

1210 2085 1289 2113 Αὐτὸ
1312 2086 1444 2113 ἄλλωστε
1468 2082 1613 2121 σημαίνει
1622 2085 1680 2117 καὶ
1704 2083 1860 2121 ἐπιτυχίαν
1882 2084 1951 2121 μιᾶς
1977 2082 2174 2121 συμφωνίας.
2188 2081 2267 2116 Διό-

1211 2134 1247 2159 τι
1258 2130 1430 2167 συμφωνία,
1455 2129 1533 2167 ἥτις,
1554 2126 1650 2157 ἕνεκα
1669 2128 1851 2166 οἱουδήποτε
1874 2127 1968 2166 λόγου,
1993 2128 2070 2157 εἶναι
2095 2124 2264 2166 μονοπλεύ-

1209 2186 1267 2211 ρως
1292 2174 1463 2211 ἐπωφελής,
1486 2174 1654 2212 καταλήγει
1679 2174 1709 2204 ἐν
1734 2173 1892 2209 τελευταίᾳ
1915 2172 2059 2202 ἀναλύσει
2083 2173 2124 2207 εἰς
2149 2172 2265 2205 ἀποτυ-

1207 2221 1295 2258 χίαν.
1305 2220 1407 2248 Ἄλλο
1422 2220 1515 2257 τώρα
1538 2219 1672 2257 ζήτημα
1683 2217 1755 2251 ποῦ
1763 2218 1902 2256 ἔγκειται
1923 2217 2055 2256 ἑκάστης
2080 2217 2212 2254 πλευρᾶς
2237 2217 2264 2253 ἡ

1207 2265 1355 2302 ὠφέλεια.
1377 2264 1430 2295 Οἱ
1439 2264 1553 2293 Γάλλοι
1575 2265 1609 2300 λ.
1624 2273 1662 2303 χ.
1675 2263 1841 2308 ἐπέτυχαν,
1857 2262 1909 2295 καὶ
1933 2263 2046 2296 εἴμεθα
2060 2262 2195 2299 εὐτυχεῖς
2217 2262 2262 2290 δι’

1209 2310 1292 2348 αὐτό,
1318 2310 1355 2339 νὰ
1381 2309 1467 2339 ἴδουν
1492 2308 1658 2345 αἰφνιδίως
1709 2308 1865 2346 ταχύτατα
1892 2307 2097 2346 ἀνερχόμενον
2125 2307 2168 2341 τὸ
2185 2307 2262 2344 γόη-

1211 2355 1279 2393 τρόν
1302 2366 1361 2384 των
1381 2355 1421 2390 εἰς
1441 2351 1584 2392 Ἀθήνας
1596 2353 1639 2392 μὲ
1648 2353 1730 2388 ὅλας
1750 2353 1804 2388 τὰς
1827 2353 1992 2389 ἐπωφελεῖς
2015 2354 2053 2382 δι’
2076 2352 2186 2386 αὐτοὺς
2209 2362 2255 2386 συ-

1212 2395 1350 2435 νεπείας.
1363 2399 1425 2428 Καὶ
1450 2399 1567 2434 φυσικὰ
1590 2398 1806 2436 ταὐτοχρόνως
1830 2398 1884 2436 τὴν
1910 2397 2114 2436 βιομηχανίαν
2137 2408 2196 2426 των
2218 2397 2256 2424 νὰ

1210 2441 1309 2482 κρατῇ
1326 2444 1410 2480 μίαν
1418 2444 1584 2477 ἀξιόλογον
1606 2443 1694 2473 θέσιν
1715 2443 1756 2478 εἰς
1780 2443 1812 2472 τὸ
1834 2442 2044 2480 ἐξωτερικόν.
2049 2442 2093 2478 Αἱ
2112 2441 2262 2479 ὠφέλειαι

1210 2490 1311 2524 αὐταὶ
1323 2491 1382 2518 τῶν
1409 2489 1549 2526 μεγάλων
1575 2484 1620 2526 ὄχι
1651 2488 1743 2526 μόνον
1771 2488 1821 2517 δὲν
1848 2488 1905 2526 μᾶς
1932 2488 2068 2525 ζημιοῦν,
2099 2487 2174 2516 ἀλλὰ
2196 2482 2260 2530 μᾶς

1211 2536 1434 2572 εὐχαριστοῦν.
1453 2534 1559 2570 Ἡμεῖς
1591 2533 1674 2571 τώρα
1703 2533 1810 2567 εἴμεθα
1836 2532 2088 2570 ἱκανοποιημένοι
2119 2532 2174 2561 ἀπὸ
2203 2533 2262 2569 τῆς

1206 2581 1341 2616 πλευρᾶς
1360 2591 1427 2615 μας,
1447 2579 1519 2607 διότι
1543 2579 1574 2608 τὸ
1592 2578 1807 2614 πρωτόκολλον
1825 2579 1878 2615 τῆς
1895 2577 2029 2612 Γαλλίας
2045 2577 2124 2607 εἶναι
2142 2577 2160 2615 ἡ
2179 2577 2255 2615 πρώ-

1211 2636 1243 2662 τη
1269 2625 1344 2661 μετὰ
1368 2624 1425 2653 ἀπὸ
1451 2624 1580 2659 περίπου
1605 2624 1675 2656 μίαν
1699 2622 1809 2660 γενεὰν
1835 2622 1959 2660 διεθνὴς
1985 2623 2098 2659 πρᾶξις
2122 2622 2261 2659 ἀναγνω-

1213 2671 1320 2705 ρίσεως
1345 2671 1396 2706 τῆς
1422 2669 1550 2703 πίστεως
1576 2669 1627 2706 τῆς
1654 2668 1820 2702 Ἑλλάδος.
1834 2667 1891 2696 Δὲν
1917 2668 1994 2696 εἶναι
2019 2666 2151 2696 δυνατὸν
2173 2663 2270 2704 παρὰ

1212 2715 1245 2742 νὰ
1264 2714 1532 2751 πανηγυρίσωμεν
1560 2712 1592 2743 τὸ
1620 2712 1750 2749 γεγονὸς
1779 2712 1869 2746 αὐτό.
1888 2711 1971 2741 Διότι
2001 2712 2032 2741 ἓν
2060 2712 2185 2748 Κράτος
2210 2711 2265 2741 δύ-

1210 2770 1295 2787 ναται
1322 2759 1356 2787 νὰ
1379 2758 1454 2787 εἶναι
1480 2758 1640 2795 εὐγνῶμον
1663 2757 1713 2787 διὰ
1736 2758 1837 2786 πᾶσαν
1855 2756 2074 2794 παρεχομένη
2099 2757 2256 2793 βοήθειαν,

1206 2803 1296 2835 ἀλλὰ
1310 2804 1519 2841 ὑπερήφανον
1538 2803 1630 2841 μόνον
1658 2803 1731 2832 ὅταν
1757 2802 1900 2840 ἰσοτίμως
1929 2801 2187 2830 συναλλάσσεται.
2205 2801 2263 2835 Ἔ-

1209 2855 1294 2882 πειτα
1320 2849 1343 2877 οἱ
1372 2848 1602 2886 ἐπιτευχθέντες
1624 2848 1695 2885 ὅροι
1717 2847 1816 2885 ἦσαν
1822 2846 2079 2886 ἱκανοποιητικοί,
2101 2846 2273 2884 προκειμέ-

1213 2900 1272 2922 νου
1290 2893 1443 2931 μάλιστα
1448 2892 1517 2929 περὶ
1544 2892 1607 2929 τοῦ
1625 2891 1867 2932 συγκεκριμένου
1895 2891 1989 2929 ἔργου
2018 2891 2149 2924 δικτύων
2174 2891 2256 2929 ἠλεκ-

1214 2940 1315 2981 τρικῆς
1340 2939 1498 2975 διανομῆς,
1522 2938 1702 2975 μεταφορᾶς
1726 2937 1823 2973 κ.τ.λ.
1835 2936 1920 2966 Διότι
1945 2936 2075 2974 βεβαίως
2101 2936 2269 2974 ὑπάρχουν

1212 2984 1256 3015 καὶ
1286 2984 1358 3012 ἄλλα
1388 2983 1493 3020 σχέδια
1519 2984 1573 3012 τοῦ
1599 2981 1868 3024 προγράμματος,
1880 2981 1930 3009 διὰ
1958 2981 1992 3009 τὰ
2019 2981 2108 3010 ὁποῖα
2134 2981 2161 3010 οἱ
2185 2982 2274 3009 ἴδιοι

1211 3029 1286 3068 ὅροι
1307 3028 1345 3057 θὰ
1375 3028 1451 3065 ἦσαν
1480 3028 1640 3063 δυσμενεῖς
1667 3027 1685 3064 ἢ
1713 3027 1764 3055 καὶ
1792 3027 1896 3062 ἄκρως
1924 3027 2103 3066 δυσμενεῖς.
2123 3026 2205 3058 Ἐκεῖ
2229 3027 2267 3056 ὅ-

1211 3084 1279 3120 μως
1293 3072 1350 3101 ποὺ
1373 3072 1517 3105 ἔγκειται
1526 3071 1651 3107 τελείως
1677 3072 1693 3109 ἡ
1718 3070 1857 3108 ἐπιτυχία
1881 3070 1968 3099 εἶναι
1980 3071 2076 3099 ἐκεῖνο
2102 3071 2153 3100 διὰ
2171 3070 2207 3103 τὸ
2228 3065 2266 3104 ὁ-

1212 3119 1296 3151 ποῖον
1318 3117 1490 3160 ἐτόλμησάν
1514 3128 1591 3151 τινες
1613 3116 1650 3155 μὲ
1673 3116 1786 3154 ἔξοχον
1809 3115 2046 3154 ἐπιπολαιότητα
2067 3116 2105 3145 νὰ
2130 3116 2184 3154 μᾶς
2204 3127 2257 3146 κα-

1212 3163 1396 3206 τακρίνουν,
1414 3162 1467 3191 ὅτι
1486 3162 1616 3204 δηλαδὴ
1632 3161 1650 3199 ἡ
1680 3160 1851 3194 συμφωνία
1870 3158 1945 3198 αὕτη
1974 3162 2080 3197 ἀφορᾷ
2107 3160 2196 3199 ἔργα,
2221 3161 2259 3189 τὰ

1211 3208 1310 3237 ὁποῖα
1321 3207 1384 3239 δὲν
1394 3206 1476 3238 εἶναι
1493 3206 1821 3244 συναλλαγματογόνα
1827 3205 1881 3241 καὶ
1901 3205 1940 3240 ὡς
1964 3205 2004 3234 ἐκ
2017 3205 2133 3236 τούτου
2141 3204 2195 3242 θὰ
2206 3204 2261 3244 δη-

1213 3252 1449 3294 μιουργήσουν,
1461 3253 1535 3281 ὅταν
1561 3252 1676 3289 ἀρχίσῃ
1702 3251 1719 3289 ἡ
1749 3250 1961 3289 ἀποπληρωμὴ
1988 3252 2039 3279 τοῦ
2064 3250 2185 3289 χρέους,
2212 3251 2257 3280 οὐ-
