2504 3500
135 1811 190 1840 Δὲν
222 1811 262 1840 θὰ
292 1811 461 1848 ἠδυνάμην,
493 1810 595 1848 κύριοι
627 1809 802 1848 βουλευταί,
828 1809 868 1839 νὰ
898 1802 998 1846 ὁμιλῶ
1024 1806 1097 1845 μετὰ

54 1856 139 1891 τόσης
168 1856 400 1893 ὑπερηφανείας
430 1855 506 1893 πρὸς
537 1855 594 1894 τὴν
614 1854 766 1893 Ἐθνικὴν
797 1852 1103 1890 Ἀντιπροσωπείαν,

53 1901 101 1929 ἐὰν
121 1901 205 1939 εἶχον
230 1902 283 1939 τὴν
310 1901 457 1938 ἀφέλειαν
482 1901 520 1930 νὰ
545 1899 677 1930 πιστεύω
701 1901 750 1929 ὅτι
775 1899 805 1928 τὸ
833 1899 911 1936 μέγα
940 1897 1013 1925 αὐτὸ
1040 1897 1110 1925 ἐπί-

55 1957 163 1983 τευγμα
186 1946 261 1974 εἶναι
285 1946 379 1983 ἔργον
402 1945 499 1975 ἰδικόν
525 1956 600 1983 μου.
614 1945 703 1974 Εἶναι
715 1940 820 1981 ἔργον
844 1943 1025 1980 πρωτίστως
1046 1935 1111 1970 τοῦ

53 1990 234 2028 Ἑλληνικοῦ
250 1987 344 2032 λαοῦ,
362 1991 377 2020 ὁ
404 1991 508 2026 ὁποῖος
533 1990 569 2028 μὲ
597 1990 629 2018 τὸ
658 1988 836 2028 θαυμαστόν
864 1999 917 2016 του
945 1987 1110 2020 πολιτικὸν

53 2036 252 2074 αἰσθητήριον
278 2037 337 2064 τῶν
365 2035 514 2071 κρισίμων
544 2035 679 2072 στιγμῶν
690 2032 831 2068 ἔδωσεν,
859 2034 900 2067 εἰς
930 2033 979 2061 τὸν
1007 2031 1111 2061 τόπον

55 2081 81 2109 τὸ
107 2082 184 2119 μέγα
210 2081 329 2119 ἀγαθὸν
356 2079 408 2118 τῆς
436 2081 592 2117 πολιτικῆς
622 2079 868 2117 σταθερότητος.
888 2078 975 2107 Εἶναι
1005 2077 1106 2114 ἔργον

54 2126 126 2154 κατὰ
150 2126 294 2162 δεύτερον
317 2126 409 2160 λόγον
434 2127 489 2155 τοῦ
516 2125 626 2163 ἡγέτου
653 2123 703 2162 τῆς
729 2123 978 2160 Κυβερνήσεως,
998 2124 1057 2158 τοῦ
1072 2123 1105 2151 ὁ-

54 2171 136 2205 ποίου
159 2171 190 2199 τὸ
205 2171 409 2209 παγκόσμιον
433 2163 529 2208 κῦρος
555 2169 684 2202 ἐμπνέει
703 2169 878 2206 σεβασμόν.
895 2168 958 2198 Καὶ
985 2168 1001 2205 ἡ
1029 2168 1105 2199 ἀπο-

53 2216 270 2253 φασιστικότης
294 2228 342 2245 του
363 2216 516 2253 ἐπιτρέπει
536 2215 592 2253 τὴν
612 2209 706 2251 λῆψιν
723 2215 782 2243 τῶν
802 2213 892 2243 πλέον
913 2212 1099 2250 θαρραλέων

53 2260 117 2298 οὐχὶ
140 2261 169 2291 δὲ
197 2261 329 2296 σπανίως
356 2261 599 2298 ἀντιδημοτικῶν
625 2260 757 2297 μέτρων.
779 2259 854 2293 Ἐὰν
880 2258 911 2288 δὲ
938 2257 1099 2295 προχωρή-

55 2316 94 2334 σω
122 2306 162 2339 εἰς
192 2307 227 2336 τὰ
255 2307 333 2335 κατὰ
363 2306 466 2344 μέρος,
496 2305 604 2343 πρέπει
632 2305 670 2332 νὰ
701 2306 754 2339 σᾶς
785 2303 972 2341 ὁμολογήσω
997 2303 1042 2331 ὅτι
1070 2303 1108 2338 ὑ-

55 2351 155 2388 πῆρξα
182 2351 284 2380 πάντα
306 2351 434 2389 τυχερὸς
464 2351 503 2386 εἰς
532 2350 565 2379 τὸ
595 2349 700 2379 στενὸν
730 2349 906 2389 ἐπιτελεῖον,
934 2348 966 2376 τὸ
994 2348 1100 2376 ὁποῖον

54 2395 117 2423 οὔτε
142 2396 215 2432 πρὸς
243 2396 372 2433 στιγμὴν
397 2396 430 2434 μὲ
454 2395 652 2432 ἐγκατέλειψε
678 2391 772 2432 ψυχῇ
786 2406 815 2424 τε
839 2393 890 2427 καὶ
916 2393 1031 2431 σώματι
1057 2392 1098 2427 εἰς

56 2434 125 2478 τὴν
132 2441 267 2479 μεγάλην
299 2441 393 2479 αὐτὴν
424 2440 658 2479 προσπάθειαν.
669 2437 938 2477 Τοιουτοτρόπως
968 2438 1015 2466 καὶ
1050 2438 1100 2466 διὰ

54 2485 174 2522 πρώτην
199 2486 318 2524 φοράν,
337 2486 388 2521 καὶ
413 2485 502 2521 αὐτὸς
528 2486 603 2515 εἶναι
630 2485 703 2519 ἴσως
728 2485 743 2515 ὁ
766 2483 979 2522 μεγαλύτερος
1002 2483 1099 2517 τίτλος

55 2532 103 2558 τοῦ
136 2529 322 2568 Ὑπουργοῦ
346 2533 396 2560 τοῦ
429 2531 657 2568 Συντονισμοῦ,
688 2530 848 2567 δυνάμεθα
879 2529 917 2558 νὰ
950 2529 1101 2567 ὁμιλῶμεν

54 2575 102 2610 καὶ
123 2577 162 2608 εἰς
187 2576 239 2613 τὴν
261 2576 390 2620 Ἑλλάδα
413 2577 452 2605 δι’
475 2575 570 2613 ἔργον
589 2575 724 2617 ὁμάδος,
737 2575 787 2602 διὰ
808 2574 927 2608 TEAM
948 2573 1103 2606 WORK.

139 2635 186 2663 Θὰ
209 2635 319 2672 ἔπρεπε
348 2636 381 2666 νὰ
405 2636 584 2673 παραμείνω
611 2636 652 2671 εἰς
677 2635 710 2664 τὸ
736 2636 833 2676 βῆμα,
848 2634 954 2672 κύριοι
981 2635 1107 2671 βουλευ-

58 2679 115 2722 ταί,
133 2681 185 2716 ἐπὶ
205 2680 314 2716 πολλὰς
342 2681 437 2717 ὥρας,
466 2681 518 2710 ἐὰν
546 2680 707 2718 ἐπρόκειτο
732 2680 769 2709 νὰ
797 2679 966 2708 ὑπεισέλθω
995 2679 1036 2714 εἰς
1064 2679 1099 2707 τὰ

48 2722 129 2752 κατὰ
159 2726 248 2762 μέρος
286 2728 332 2763 τῆς
367 2726 603 2762 Κυβερνητικῆς
637 2724 905 2761 δραστηριότητος
938 2724 980 2758 εἰς
1011 2724 1099 2757 ὅλους

59 2769 119 2803 τοὺς
148 2771 357 2808 οἰκονομικοὺς
385 2773 502 2808 τομεῖς.
524 2770 684 2809 Ἄλλωστε
713 2770 864 2806 παρόντες
892 2768 970 2807 εἶναι
999 2769 1026 2797 οἱ
1043 2761 1115 2811 Ὑ-

56 2816 178 2850 πουργοὶ
207 2816 257 2845 καὶ
283 2816 429 2845 δύνανται
457 2815 510 2844 ἐὰν
538 2816 690 2853 χρειασθῇ
719 2816 805 2843 τοῦτο
834 2815 872 2844 νὰ
898 2814 930 2843 τὸ
960 2813 1101 2850 πράξουν

56 2858 154 2890 αὐτοί.
179 2861 408 2897 Περιωρίσθην
435 2862 476 2896 εἰς
503 2860 540 2889 τὰ
569 2860 738 2897 θεμελιώδη
767 2858 877 2897 σημεῖα
905 2860 958 2897 τῆς
987 2860 1110 2887 οἰκονο-

56 2905 139 2940 μικῆς
165 2906 317 2943 πολιτικῆς
344 2902 396 2943 τῆς
424 2905 654 2942 Κυβερνήσεως
679 2905 726 2934 καὶ
756 2899 901 2943 ἐπιθυμῶ
920 2904 1111 2941 ἐπιπροσθέ-

59 2958 109 2984 τως
136 2950 172 2978 νὰ
201 2951 377 2989 ἐπισημάνω
407 2950 565 2989 ὡρισμένα
594 2950 725 2989 θέματα,
753 2950 787 2981 τὰ
815 2949 906 2978 ὁποῖα
939 2949 1110 2977 συντελοῦν

56 2993 94 3026 εἰς
124 2994 153 3023 τὸ
180 2996 217 3025 νὰ
244 2996 397 3033 μορφώσῃ
427 3007 470 3031 τις
499 2994 725 3033 πληρεστέραν
741 2994 866 3032 γνώμην
895 2996 949 3032 τῆς
978 3005 1100 3031 νοοτρο-

55 3037 120 3073 πίας
142 3051 221 3077 μας.

137 3101 180 3134 Τὸ
207 3102 410 3138 Ὑπουργεῖον
437 3101 653 3140 Οἰκονομικῶν
678 3103 764 3139 λ.χ.
777 3101 921 3129 δυνατὸν
934 3101 971 3129 νὰ
994 3102 1106 3130 ἐπιδει-

58 3143 129 3181 κνύῃ
150 3147 368 3185 αὐστηρότητα
391 3148 432 3183 εἰς
458 3147 495 3176 τὰ
517 3147 636 3185 θέματα
661 3147 884 3185 περισυλλογῆς
910 3147 958 3174 καὶ
987 3147 1112 3176 οἰκονο-

57 3188 122 3220 μίας
145 3191 195 3220 καὶ
218 3193 255 3221 νὰ
272 3192 438 3230 καταβάλῃ
457 3191 581 3222 ἔντονον
606 3191 821 3228 προσπάθειαν
846 3193 967 3229 φυσικῷ
993 3193 1031 3229 τῷ
1057 3191 1111 3228 λό-

58 3242 98 3271 γῳ
116 3235 162 3273 ὄχι
180 3237 307 3267 πάντοτε
327 3237 511 3275 εὐχάριστον
531 3238 575 3272 δι’
588 3238 693 3276 ὅλους,
707 3238 747 3273 εἰς
768 3237 804 3267 τὰ
823 3237 940 3275 θέματα
959 3238 1012 3274 τῆς
1032 3238 1112 3273 πλη-

1164 232 1311 270 ρεστέρας
1338 232 1535 269 λειτουργίας
1564 228 1627 260 τοῦ
1647 232 1841 269 μηχανισμοῦ
1871 232 1929 264 τῶν
1960 230 2116 269 δημοσίων
2148 227 2220 260 ἐσό-

1162 279 1233 317 δων,
1258 279 1322 308 ἀλλ’
1349 278 1423 307 ὅπου
1452 276 1620 315 ἐχρειάσθη
1650 276 1771 314 ἀνάγκη
1799 276 1846 314 ὄχι
1874 275 1966 314 μόνον
1994 275 2043 305 δὲν
2073 275 2209 304 ἐπέδειξε

1162 326 1274 361 πνεῦμα
1306 323 1423 359 στενόν,
1453 323 1529 352 ἀλλὰ
1558 321 1736 350 τοὐναντίον
1768 321 1948 359 εὐρύτατον.
1963 320 2062 358 Ἕνα
2087 320 2151 357 ἀπὸ
2176 320 2210 348 τὰ

1161 368 1511 406 χαρακτηριστικώτερα
1546 367 1784 405 παραδείγματα
1818 366 1903 404 εἶναι,
1939 366 1975 396 τὰ
2008 365 2084 404 μέσα
2116 366 2152 394 τὰ
2184 365 2218 395 ὁ-

1162 415 1231 443 ποῖα
1256 414 1391 451 παρέσχε
1417 413 1464 442 καὶ
1493 412 1620 449 παρέχει
1647 412 1697 441 διὰ
1723 412 1778 448 τὴν
1801 411 1962 441 ὁδοποιΐαν
2006 411 2057 440 καὶ
2083 410 2135 448 τὴν
2162 411 2216 448 δη-

1161 459 1325 496 μιουργίαν
1348 459 1452 496 πόρων
1475 458 1526 487 διὰ
1548 457 1682 495 δημόσια
1703 456 1797 497 ἔργα.
1816 456 1929 492 Ἐννοῶ
1952 456 2081 487 πάντοτε
2104 457 2218 490 ταῦτα,

1164 504 1246 539 ἐκτὸς
1271 505 1322 533 τοῦ
1348 503 1592 540 προγράμματος
1617 503 1675 532 τῶν
1701 501 1906 535 ἐπενδύσεων.
1927 501 1970 540 Τὸ
1994 501 2074 530 ἴδιον
2095 501 2211 537 ἔπραξε

1163 550 1211 577 διὰ
1239 549 1275 577 τὰ
1303 549 1444 577 ἀνώτατα
1472 547 1663 586 πνευματικά
1688 559 1746 584 μας
1773 546 1937 584 ἱδρύματα,
1966 546 2015 576 διὰ
2043 547 2098 585 τὴν
2129 545 2214 575 Παι-

1163 595 1246 622 δείαν
1266 594 1315 623 καὶ
1339 593 1412 622 εἶναι
1437 594 1558 631 ἕτοιμον
1582 592 1617 622 νὰ
1639 592 1756 635 πράξῃ
1783 592 1832 621 διὰ
1854 592 1910 630 τὴν
1929 590 2155 629 Δικαιοσύνην.

1251 654 1289 682 Ὁ
1313 654 1490 691 Ὑπουργὸς
1512 645 1564 689 τῆς
1589 654 1748 688 Παιδείας
1770 653 1801 689 ἐξ
1824 653 1913 682 ἄλλου
1947 652 2090 688 γνωρίζει
2112 652 2210 685 ἀκόμη

1163 701 1328 740 καλύτερον
1348 700 1464 734 παντὸς
1487 699 1587 734 ἄλλου,
1611 700 1654 728 ὅτι
1678 699 1749 735 παρ’
1773 698 1898 734 οὐδενὸς
1920 698 2119 736 ὠχλήθημεν,
2138 697 2221 730 ἀλλὰ

1165 745 1247 781 μόνοι
1270 744 1632 782 ἐπροθυμοποιήθημεν,
1666 744 1717 773 διὰ
1750 743 1788 773 νὰ
1821 742 2029 780 παράσχωμεν
2065 742 2102 772 τὰ
2130 741 2223 791 μέσα

1166 791 1213 825 διὰ
1237 790 1290 828 τὴν
1315 790 1480 827 ἀνέγερσιν
1506 789 1633 827 ἀρίστου
1660 790 1891 821 ἀντισεισμικοῦ
1907 788 2065 817 Μουσείου
2093 788 2133 823 εἰς
2160 787 2218 825 τὴν

1164 834 1337 872 Ὀλυμπίαν
1368 834 1415 863 καὶ
1450 834 1505 872 τὴν
1536 833 1729 870 προστασίαν
1788 833 1845 862 τῶν
1878 832 2124 870 ἀρχαιολογικῶν
2156 843 2211 870 μας

1167 880 1278 914 τόπων.
1294 880 1345 913 Τὸ
1358 879 1436 908 ἴδιον
1457 879 1570 915 συνέβη
1591 878 1638 907 καὶ
1659 878 1695 916 μὲ
1717 879 1770 916 τὴν
1793 878 1984 915 Ἀκαδημίαν
2007 889 2064 914 μας
2085 877 2103 915 ἡ
2123 877 2212 905 ὁποία

1164 926 1321 960 βοηθεῖται
1345 924 1395 953 διὰ
1418 924 1455 954 νὰ
1479 924 1625 962 συνεχίσῃ
1646 923 1695 953 καὶ
1718 924 1753 953 νὰ
1778 922 1943 960 ἐπεκτείνῃ,
1969 924 1990 952 εἰ
2016 921 2158 957 δυνατόν,
2182 922 2212 951 τὸ

1164 969 1257 1007 ἔργον
1302 971 1352 1007 τῆς
1380 968 1611 1007 ἐπιμελημένης,
1639 968 1794 1009 πλήρους,
1813 967 2015 1005 στερεοτύπου
2062 967 2212 1002 ἐκδόσεως

1165 1017 1235 1044 τῶν
1249 1015 1434 1052 Ἑλληνικῶν
1461 1013 1688 1051 συγγραφέων.

1253 1076 1404 1115 Ἔπειτα,
1419 1075 1452 1104 ἓν
1478 1075 1547 1103 ἄλλο
1574 1074 1740 1113 πρόβλημα
1763 1075 1796 1104 το
1819 1075 1922 1104 ὁποῖον
1952 1074 2039 1112 ἠξίου
2065 1074 2219 1107 δικαιολο-

1169 1121 1305 1160 γημένως
1328 1121 1382 1159 τὴν
1405 1120 1491 1149 λύσιν
1514 1132 1581 1161 του,
1601 1120 1663 1149 ἀλλ’
1688 1120 1831 1149 οὐδέποτε
1856 1119 1910 1157 τὴν
1934 1119 2067 1155 εὕρισκε,
2093 1119 2147 1157 τὴν
2169 1118 2223 1148 εὗ-

1168 1178 1218 1202 ρεν
1245 1166 1291 1196 ἐπὶ
1321 1167 1379 1194 τῶν
1406 1166 1532 1203 ἡμερῶν
1561 1167 1612 1194 τοῦ
1644 1165 1849 1202 Στρατάρχου
1886 1163 2067 1204 Παπάγου,
2087 1163 2221 1199 κατόπιν

1166 1212 1295 1248 ἄλλωστε
1318 1212 1369 1248 τῆς
1391 1211 1590 1247 προσωπικῆς
1627 1221 1680 1238 του
1700 1210 1750 1239 καὶ
1769 1209 1913 1247 ἐπιμόνου
1936 1209 2112 1247 συμβολῆς,
2121 1210 2213 1237 ἐννοῶ

1162 1258 1195 1294 τὸ
1222 1257 1298 1294 θέμα
1319 1257 1373 1293 τῆς
1400 1255 1511 1293 στέγης
1536 1256 1593 1284 τῶν
1620 1254 1773 1293 Ἑλλήνων
1799 1254 2033 1293 ἀξιωματικῶν.

1253 1316 1300 1345 Θὰ
1326 1315 1484 1353 ἠδυνάμην
1508 1315 1607 1354 ἀκόμη
1630 1315 1805 1352 ἰδιαιτέρως
1827 1315 1865 1345 νὰ
1888 1316 2059 1353 ἀναφερθῶ
2082 1316 2129 1344 καὶ
2156 1316 2214 1344 ἐπι-

1166 1362 1256 1400 μείνω
1286 1362 1326 1395 εἰς
1359 1361 1404 1391 τὸν
1440 1360 1565 1398 τρόπον,
1597 1360 1629 1398 μὲ
1662 1360 1713 1390 τὸν
1744 1361 1849 1389 ὁποῖον
1905 1360 2128 1398 ἀντεμετώπισε
2159 1359 2232 1399 τὴν

1168 1406 1304 1444 σκληρὰν
1332 1406 1497 1444 συμφορὰν
1524 1407 1582 1434 τῶν
1611 1406 1705 1443 τριῶν
1733 1405 1850 1443 Νήσων
1878 1408 1930 1436 τοῦ
1958 1405 2083 1441 Ἰονίου,
2110 1405 2128 1435 ἡ
2153 1407 2212 1436 Κυ-

1167 1452 1333 1488 βέρνησις.
1345 1451 1393 1481 Μὲ
1418 1451 1473 1489 τὴν
1498 1451 1720 1489 διακρίνουσαν
1745 1450 1836 1479 αὐτὸν
1862 1450 2050 1489 ψυχραιμίαν
2073 1451 2090 1480 ὁ
2115 1450 2221 1489 Στρα-

1169 1497 1281 1534 τάρχης
1318 1497 1478 1534 Παπάγος
1510 1496 1708 1534 προσέφερεν
1739 1496 1938 1534 ἀνεκτίμητον
1969 1496 2142 1534 ὑπηρεσίαν
2174 1496 2213 1532 εἰς

1161 1542 1198 1576 τὸ
1222 1542 1349 1577 Ἔθνος,
1374 1541 1447 1571 διότι
1477 1542 1531 1578 ἀφ’
1560 1541 1626 1576 ἑνὸς
1654 1541 1808 1577 ἀπέτρεψε
1834 1541 1887 1579 τὴν
1912 1541 2119 1578 δημιουργίαν
2146 1540 2214 1570 νέου

1168 1589 1382 1623 προσφυγικοῦ
1417 1586 1634 1622 προβλήματος
1667 1586 1701 1623 μὲ
1731 1586 1804 1622 ὅλας
1836 1586 1888 1622 τὰς
1922 1586 2099 1623 βαρυτάτας
2133 1597 2214 1614 συνε-

1167 1633 1267 1672 πείας,
1283 1631 1333 1660 καὶ
1356 1632 1409 1669 ἀφ’
1434 1631 1542 1669 ἑτέρου
1566 1631 1714 1669 ἠμπόδισε
1737 1631 1774 1661 νὰ
1796 1631 2024 1669 ἐπικρατήσουν
2044 1631 2081 1660 τὰ
2105 1631 2224 1669 συνθή-

1167 1688 1245 1716 ματα
1266 1677 1302 1706 τὰ
1321 1677 1412 1706 ὁποῖα
1432 1676 1653 1705 δυσκολεύομαι
1675 1676 1715 1705 νὰ
1733 1675 1935 1714 κατονομάσω
1956 1675 2139 1709 ἀντεθνικά.
2152 1676 2215 1704 Ἐν-

1169 1723 1225 1750 νοῶ
1248 1722 1303 1759 τὴν
1327 1721 1589 1759 χρησιμοποίησιν
1610 1722 1669 1750 τῶν
1695 1721 1947 1759 περισσευμάτων
1972 1718 2037 1750 τοῦ
2048 1721 2222 1759 προϋπολο-

1170 1768 1277 1804 γισμοῦ
1299 1767 1349 1796 διὰ
1370 1766 1425 1800 τὴν
1448 1766 1682 1804 ἀντιμετώπισιν
1704 1763 1755 1804 τῆς
1779 1766 1924 1796 ἐκτάκτου
1947 1766 2098 1804 ἀνάγκης,
2121 1763 2220 1805 πρᾶγ-

1169 1824 1207 1843 μα
1234 1811 1266 1840 τὸ
1293 1812 1400 1841 ὁποῖον
1426 1811 1468 1841 θὰ
1496 1811 1641 1849 ἐσήμαινε
1670 1811 1887 1849 τορπιλλισμὸν
1916 1809 1968 1841 τοῦ
1991 1814 2216 1849 παραγωγικοῦ

1168 1869 1224 1891 μας
1245 1856 1510 1893 προγράμματος,
1519 1856 1557 1885 ἂν
1578 1856 1621 1894 ὄχι
1646 1855 1694 1885 καὶ
1713 1856 1876 1894 κλονισμὸν
1896 1857 1948 1894 τῆς
1970 1857 2042 1894 ὅλης
2060 1868 2117 1889 μας
2138 1857 2230 1889 πολι-

1171 1903 1274 1938 τικῆς.
1293 1901 1340 1931 Θὰ
1372 1901 1598 1939 δατηρήσωμεν
1630 1901 1761 1939 βεβαίως
1789 1901 1971 1939 εὐγνώμονα
2002 1902 2130 1931 πάντοτε
2161 1903 2218 1940 τὴν

1160 1947 1338 1985 ἀνάμνησιν
1403 1948 1454 1984 τῆς
1489 1947 1634 1983 γενναίας
1671 1957 1896 1983 συμπαράσεως
1960 1944 2017 1976 τῶν
2042 1936 2228 1990 Ἄγγλων,

1172 1993 1224 2021 τῶν
1246 1991 1471 2029 Ἀμερικανῶν,
1496 1992 1554 2020 τῶν
1573 1991 1719 2025 Γάλλων.
1732 1991 1797 2030 Τὴν
1813 1991 1961 2029 ἔγκαιρον
1984 1991 2157 2029 παρουσίαν
2178 1992 2230 2027 Ἰ-

1172 2038 1275 2071 ταλῶν,
1301 2036 1507 2074 Ἰσραηλιτῶν
1531 2036 1593 2072 καὶ
1608 2036 1706 2065 ἄλλων
1730 2036 1780 2065 καὶ
1804 2036 1845 2066 θὰ
1874 2036 2052 2075 ἠδυνάμεθα
2078 2037 2115 2067 νὰ
2138 2048 2218 2073 γενι-

1169 2082 1323 2119 κεύσωμεν
1346 2082 1402 2120 τὴν
1428 2081 1622 2120 παγκόσμιον
1649 2081 1831 2119 συγκίνησιν
1855 2081 1906 2110 καὶ
1934 2082 2110 2120 συμβολήν.
2127 2081 2216 2112 Κατὰ

1170 2127 1222 2165 τὴν
1246 2127 1369 2164 πρώτην
1391 2126 1536 2165 κρίσιμον
1560 2126 1705 2164 περίοδον
1730 2127 1743 2155 ὁ
1767 2126 1845 2162 ἴδιος
1869 2127 1883 2156 ὁ
1908 2126 2118 2165 Στρατάρχης
2142 2126 2225 2164 ἐπώ-

1168 2183 1273 2201 πτευσε
1302 2172 1368 2200 λίαν
1396 2171 1544 2209 ἐπιτυχῶς
1574 2173 1624 2200 τοῦ
1650 2171 1722 2201 ὅλου
1746 2171 1894 2210 θέματος,
1919 2171 2130 2209 βοηθούμενος
2159 2172 2216 2200 ἀπὸ

1170 2217 1219 2245 τὸν
1242 2216 1381 2254 λαμπρὸν
1406 2216 1590 2253 ὀργανωτὴν
1615 2216 1802 2253 Στρατηγὸν
1826 2216 2051 2255 Καρατζένην.
2064 2217 2108 2259 Τὸ
2133 2217 2224 2255 Κρά-

1170 2273 1217 2293 τος
1241 2261 1356 2300 ταχέως
1380 2261 1537 2300 ἐνήργησε
1563 2261 1612 2291 διὰ
1637 2261 1693 2299 τὴν
1717 2262 1967 2292 ἀποκατάστασιν
1989 2263 2042 2300 τῆς
2068 2263 2227 2306 οἰκονομι-

1170 2308 1222 2344 κῆς
1246 2307 1325 2343 ζωῆς
1350 2307 1408 2335 τῶν
1434 2306 1553 2340 Νήσων
1576 2306 1627 2336 καὶ
1652 2306 1684 2343 τὸ
1708 2306 1832 2343 Κράτος
1859 2306 1977 2337 διέθεσε
2003 2307 2069 2345 περὶ
2094 2308 2131 2335 τὰ
2156 2311 2214 2336 130

1170 2350 1443 2388 δισεκατομμύρια
1461 2351 1513 2381 διὰ
1542 2351 1594 2381 τὸν
1625 2351 1718 2381 αὐτὸν
1749 2351 1861 2381 σκοπὸν
1890 2351 1984 2390 μέχρι
2009 2353 2062 2389 τῆς
2094 2352 2216 2389 εἰσπρά-

1170 2397 1246 2432 ξεως
1270 2397 1324 2425 τῶν
1345 2396 1460 2432 πόρων
1471 2398 1521 2426 τοῦ
1542 2389 1663 2426 εἰδικοῦ
1676 2397 1945 2433 προϋπολογισμοῦ
1966 2398 2018 2427 τοῦ
2040 2397 2231 2434 Ὑφυπουρ-

1170 2441 1252 2479 γείου
1277 2442 1337 2470 τῶν
1361 2441 1623 2479 Σεισμοπλήκτων
1649 2441 1790 2480 Νήσων.

1256 2502 1338 2531 Ἀλλ’
1360 2501 1444 2532 εἶπον
1465 2503 1507 2532 ὅτι
1532 2502 1571 2531 θὰ
1592 2502 1765 2541 ἐχρειάζετο
1787 2503 1877 2538 πολὺς
1899 2503 2011 2541 χρόνος
2032 2504 2109 2540 πρὸς
2130 2505 2216 2532 τοῦτο

1170 2547 1228 2584 καὶ
1244 2547 1317 2581 ἀντὶ
1337 2546 1443 2581 τούτου
1461 2548 1607 2585 προτιμῶ
1635 2548 1673 2577 νὰ
1698 2548 1821 2586 ζητήσω
1848 2549 1891 2578 ἐπ’
1917 2548 2020 2582 ὀλίγον
2051 2548 2148 2587 ἀκόμη
2176 2548 2227 2578 πί-

1171 2604 1280 2621 στωσιν
1300 2592 1414 2631 χρόνου
1435 2592 1484 2621 καὶ
1509 2592 1547 2622 νὰ
1569 2593 1824 2631 χρησιμοποιήσω
1846 2593 1959 2631 ταύτην
1983 2593 2216 2632 ἀναφερόμενος

1170 2639 1210 2668 εἰς
1243 2637 1444 2675 προβλήματα
1475 2639 1527 2667 τοῦ
1560 2637 1732 2677 μέλλοντος,
1762 2638 1877 2672 μεταξὺ
1909 2639 1968 2667 τῶν
1998 2639 2114 2668 ὁποίων
2145 2639 2216 2667 ἄνευ

1171 2682 1276 2718 ἑτέρου
1309 2682 1475 2719 ὑφίσταται
1508 2682 1638 2717 πάντοτε
1672 2682 1721 2712 καὶ
1757 2683 1787 2712 τὸ
1820 2683 1939 2721 ζήτημα
1974 2685 2026 2713 τοῦ
2058 2682 2226 2722 ὁριστικοῦ

1171 2727 1412 2764 προγράμματος
1440 2728 1492 2765 τῆς
1521 2727 1784 2764 ἀντιμετωπίσεως
1811 2729 1863 2766 τῆς
1889 2728 2109 2760 καταστάσεως
2159 2729 2212 2757 τῶν

1172 2773 1287 2811 Νήσων
1314 2772 1353 2807 εἰς
1381 2772 1413 2801 τὸ
1439 2772 1544 2801 ὁποῖον
1572 2772 1710 2807 βασίμως
1735 2773 1955 2811 προσδοκῶμεν
1982 2773 2035 2812 τὴν
2063 2773 2220 2810 συμπαρά-

1171 2829 1276 2846 στασιν
1302 2818 1354 2846 τῶν
1389 2817 1578 2855 Ἡνωμένων
1609 2817 1784 2846 Πολιτειῶν
1812 2818 1864 2856 τῆς
1891 2818 2083 2856 Ἀμερικῆς.

1257 2877 1477 2920 Ὠνομάσαμεν
1502 2878 1534 2907 τὸ
1561 2877 1628 2912 ἔτος
1657 2881 1739 2907 1954
1751 2873 1831 2913 ἔτος
1859 2879 1916 2907 τῶν
1944 2879 2086 2915 ἐργατῶν
2111 2879 2159 2907 καὶ
2187 2879 2230 2910 ἐν

1173 2922 1251 2959 γένει
1278 2923 1336 2950 τῶν
1365 2922 1677 2960 μισθοσυντηρήτων,
1703 2923 1782 2957 ὅπως
1812 2923 1888 2952 εἶναι
1916 2923 1948 2953 τὸ
1978 2926 2058 2952 1953
2090 2923 2122 2953 τὸ
2150 2923 2215 2955 ἔτος

1173 2968 1229 2996 τῶν
1262 2967 1422 3004 ἀγροτῶν.
1450 2967 1557 2999 Ὅταν
1593 2967 1782 3005 ἀπεφάσιζεν
1819 2967 1834 3005 ἡ
1870 2967 2083 3008 Κυβέρνησις,
2115 2967 2213 3005 κύριοι

1171 3012 1338 3048 βουλευταί,
1363 3012 1418 3049 τὴν
1440 3012 1740 3050 ἀναπροσαρμογήν,
1766 3012 1931 3050 ἐγνώριζεν
1956 3013 1997 3048 ὡς
2021 3013 2149 3041 ἐτόνισα
2168 3013 2215 3041 καὶ

1172 3058 1200 3086 ἐν
1226 3058 1259 3094 τῇ
1286 3052 1371 3094 ἀρχῇ
1391 3055 1453 3086 τοῦ
1468 3057 1563 3094 λόγου
1590 3068 1659 3096 μου,
1683 3057 1806 3095 πλήρως
1836 3058 1886 3095 τὴν
1912 3058 2066 3096 σημασίαν
2093 3060 2145 3088 τοῦ
2169 3058 2218 3098 μέ-

1166 3111 1266 3142 τρου.
1286 3101 1468 3142 Ἐγνώριζε,
1497 3100 1565 3131 ποῖα
1599 3101 1733 3131 δύσκολα
1764 3103 1967 3140 προβλήματα
2000 3103 2037 3132 θὰ
2071 3103 2221 3140 προεβάλ-

1171 3148 1255 3175 λοντο
1280 3146 1329 3175 καὶ
1356 3146 1455 3184 ἀκόμη
1478 3147 1519 3176 ὅτι
1549 3147 1828 3184 ἀναπροσαρμογή,
1854 3142 2028 3177 συνιστῶσα
2054 3148 2230 3188 μετάθεσιν

1171 3191 1308 3227 πλούτου,
1340 3192 1525 3229 δημιουργεῖ
1552 3192 1690 3228 μεγάλας
1722 3192 1931 3230 ἀναταραχάς,
1964 3192 2059 3224 ἀλλοῦ
2085 3193 2216 3226 ὠφελοῦ-

1172 3248 1207 3266 σα
1231 3236 1281 3265 καὶ
1306 3233 1404 3266 ἀλλοῦ
1419 3238 1600 3273 ζημιοῦσα.
1609 3237 1795 3273 Ἐγνώριζεν
1821 3237 1919 3276 ἀκόμη
1943 3238 1989 3267 ὅτι
2013 3239 2145 3268 εἴθισται
2167 3238 2218 3268 διὰ
