<?xml version="1.0" encoding="UTF-8"?>
<PcGts xmlns="http://schema.primaresearch.org/PAGE/gts/pagecontent/2013-07-15" xmlns:xsi="http://www.w3.org/2001/XMLSchema-instance" xsi:schemaLocation="http://schema.primaresearch.org/PAGE/gts/pagecontent/2013-07-15 http://schema.primaresearch.org/PAGE/gts/pagecontent/2013-07-15/pagecontent.xsd">
<Metadata>
<Creator></Creator>
<Created>2014-09-16T22:09:56</Created>
<LastChange>2014-09-25T14:59:52</LastChange></Metadata>
<Page imageFilename="markezinis18_b.tif" imageWidth="2472" imageHeight="3500">
<TextRegion id="r1" type="paragraph">
<Coords points="62,212 1116,225 1119,418 52,418 53,401"/>
<TextLine id="r100">
<Coords points="1080,227 1093,240 1109,240 1110,241 1111,241 1111,242 1110,242 1109,243 1109,244 1108,245 1108,248 1107,249 1107,250 1106,251 1106,252 1104,254 1104,256 1092,256 1091,257 1091,267 266,267 264,269 145,275 77,269 76,270 74,270 73,271 69,271 68,270 68,268 64,264 65,263 65,262 67,260 67,255 68,254 69,254 70,253 76,253 88,241 102,241 103,240 124,240 126,238 358,227 424,238 422,226 477,227 480,233 555,233 552,225 628,225 636,229 639,223 737,231 738,230 871,230 873,228 1079,228"/>
<Word id="r1000">
<Coords points="127,238 136,246 194,246 193,266 142,275 76,268 73,269 68,263 67,254 69,253 76,253 95,241 103,240 124,240"/>
<Glyph id="r10000">
<Coords points="67,253 67,272 80,272 80,253"/>
<TextEquiv>
<Unicode>ε</Unicode></TextEquiv></Glyph>
<Glyph id="r10001">
<Coords points="84,243 84,269 99,269 99,243"/>
<TextEquiv>
<Unicode>ὐ</Unicode></TextEquiv></Glyph>
<Glyph id="r10002">
<Coords points="118,239 118,268 132,268 132,239"/>
<TextEquiv>
<Unicode>ό</Unicode></TextEquiv></Glyph>
<Glyph id="r10003">
<Coords points="136,248 136,274 152,274 152,248"/>
<TextEquiv>
<Unicode>γ</Unicode></TextEquiv></Glyph>
<Glyph id="r10004">
<Coords points="157,247 157,266 177,266 177,247"/>
<TextEquiv>
<Unicode>ω</Unicode></TextEquiv></Glyph>
<Glyph id="r10005">
<Coords points="183,247 183,271 194,271 194,247"/>
<TextEquiv>
<Unicode>ς</Unicode></TextEquiv></Glyph>
<Glyph id="r10006">
<Coords points="100,240 100,269 114,269 114,240"/>
<TextEquiv>
<Unicode>λ</Unicode></TextEquiv></Glyph>
<TextEquiv>
<Unicode>εὐλόγως</Unicode></TextEquiv></Word>
<Word id="r1001">
<Coords points="356,231 365,232 375,241 378,244 377,247 375,251 374,254 372,258 355,258 334,259 272,260 263,268 258,263 221,262 219,261 217,258 217,250 221,246 231,245 238,244 320,242 339,242 349,232"/>
<Glyph id="r10007">
<Coords points="217,245 217,262 233,262 233,245"/>
<TextEquiv>
<Unicode>σ</Unicode></TextEquiv></Glyph>
<Glyph id="r10008">
<Coords points="235,244 235,262 251,262 251,244"/>
<TextEquiv>
<Unicode>υ</Unicode></TextEquiv></Glyph>
<Glyph id="r10009">
<Coords points="253,244 253,267 272,267 272,244"/>
<TextEquiv>
<Unicode>γ</Unicode></TextEquiv></Glyph>
<Glyph id="r10010">
<Coords points="276,243 276,259 293,259 293,243"/>
<TextEquiv>
<Unicode>κ</Unicode></TextEquiv></Glyph>
<Glyph id="r10011">
<Coords points="298,243 298,259 304,259 304,243"/>
<TextEquiv>
<Unicode>ι</Unicode></TextEquiv></Glyph>
<Glyph id="r10012">
<Coords points="309,242 309,259 322,259 322,242"/>
<TextEquiv>
<Unicode>ν</Unicode></TextEquiv></Glyph>
<Glyph id="r10013">
<Coords points="328,242 328,259 341,259 341,242"/>
<TextEquiv>
<Unicode>ο</Unicode></TextEquiv></Glyph>
<Glyph id="r10014">
<Coords points="344,232 344,258 363,258 363,232"/>
<TextEquiv>
<Unicode>ῦ</Unicode></TextEquiv></Glyph>
<Glyph id="r10015">
<Coords points="365,240 365,260 380,260 380,240"/>
<TextEquiv>
<Unicode>ν</Unicode></TextEquiv></Glyph>
<TextEquiv>
<Unicode>συγκινοῦν</Unicode></TextEquiv></Word>
<Word id="r1002">
<Coords points="427,229 431,235 453,240 452,242 451,261 449,263 441,261 406,257 399,255 400,247 406,241 413,240"/>
<Glyph id="r10016">
<Coords points="401,240 401,257 414,257 414,240"/>
<TextEquiv>
<Unicode>τ</Unicode></TextEquiv></Glyph>
<Glyph id="r10017">
<Coords points="418,230 418,258 437,258 437,230"/>
<TextEquiv>
<Unicode>ὰ</Unicode></TextEquiv></Glyph>
<Glyph id="r10018">
<Coords points="441,240 441,265 452,265 452,240"/>
<TextEquiv>
<Unicode>ς</Unicode></TextEquiv></Glyph>
<TextEquiv>
<Unicode>τὰς</Unicode></TextEquiv></Word>
<Word id="r1003">
<Coords points="554,227 574,239 581,240 580,258 579,262 577,263 574,264 566,257 474,257 474,231 475,229 552,229"/>
<Glyph id="r10019">
<Coords points="474,229 474,256 488,256 488,229"/>
<TextEquiv>
<Unicode>λ</Unicode></TextEquiv></Glyph>
<Glyph id="r10020">
<Coords points="493,240 493,256 510,256 510,240"/>
<TextEquiv>
<Unicode>α</Unicode></TextEquiv></Glyph>
<Glyph id="r10021">
<Coords points="512,233 512,256 524,256 524,233"/>
<TextEquiv>
<Unicode>ϊ</Unicode></TextEquiv></Glyph>
<Glyph id="r10022">
<Coords points="526,239 526,256 542,256 542,239"/>
<TextEquiv>
<Unicode>κ</Unicode></TextEquiv></Glyph>
<Glyph id="r10023">
<Coords points="547,228 547,256 565,256 565,228"/>
<TextEquiv>
<Unicode>ὰ</Unicode></TextEquiv></Glyph>
<Glyph id="r10024">
<Coords points="568,240 568,264 582,264 582,240"/>
<TextEquiv>
<Unicode>ς</Unicode></TextEquiv></Glyph>
<TextEquiv>
<Unicode>λαϊκὰς</Unicode></TextEquiv></Word>
<Word id="r1004">
<Coords points="639,228 657,239 664,240 685,240 684,261 681,263 679,264 677,263 671,258 651,257 606,256 605,256 604,237 602,230 603,229 637,229"/>
<Glyph id="r10025">
<Coords points="602,229 602,258 610,258 610,229"/>
<TextEquiv>
<Unicode>ἰ</Unicode></TextEquiv></Glyph>
<Glyph id="r10026">
<Coords points="615,229 615,256 630,256 630,229"/>
<TextEquiv>
<Unicode>δ</Unicode></TextEquiv></Glyph>
<Glyph id="r10027">
<Coords points="636,229 636,256 642,256 642,229"/>
<TextEquiv>
<Unicode>ί</Unicode></TextEquiv></Glyph>
<Glyph id="r10028">
<Coords points="646,239 646,257 668,257 668,239"/>
<TextEquiv>
<Unicode>ω</Unicode></TextEquiv></Glyph>
<Glyph id="r10029">
<Coords points="673,240 673,265 686,265 686,240"/>
<TextEquiv>
<Unicode>ς</Unicode></TextEquiv></Glyph>
<TextEquiv>
<Unicode>ἰδίως</Unicode></TextEquiv></Word>
<Word id="r1005">
<Coords points="740,225 761,226 757,232 767,231 811,240 810,259 809,262 807,264 756,268 750,260 714,256 713,252 707,242 708,241 715,240 725,239"/>
<Glyph id="r10030">
<Coords points="707,240 707,256 721,256 721,240"/>
<TextEquiv>
<Unicode>τ</Unicode></TextEquiv></Glyph>
<Glyph id="r10031">
<Coords points="726,227 726,257 745,257 745,227"/>
<TextEquiv>
<Unicode>ά</Unicode></TextEquiv></Glyph>
<Glyph id="r10032">
<Coords points="749,228 749,266 764,266 764,228"/>
<TextEquiv>
<Unicode>ξ</Unicode></TextEquiv></Glyph>
<Glyph id="r10033">
<Coords points="770,240 770,258 782,258 782,240"/>
<TextEquiv>
<Unicode>ε</Unicode></TextEquiv></Glyph>
<Glyph id="r10034">
<Coords points="788,240 788,257 795,257 795,240"/>
<TextEquiv>
<Unicode>ι</Unicode></TextEquiv></Glyph>
<Glyph id="r10035">
<Coords points="799,240 799,263 812,263 812,240"/>
<TextEquiv>
<Unicode>ς</Unicode></TextEquiv></Glyph>
<TextEquiv>
<Unicode>τάξεις</Unicode></TextEquiv></Word>
<Word id="r1006">
<Coords points="873,228 876,230 877,232 878,238 879,247 882,253 883,254 882,256 827,259 835,252 832,243 834,240 861,240"/>
<Glyph id="r10036">
<Coords points="832,240 832,257 849,257 849,240"/>
<TextEquiv>
<Unicode>κ</Unicode></TextEquiv></Glyph>
<Glyph id="r10037">
<Coords points="854,240 854,257 871,257 871,240"/>
<TextEquiv>
<Unicode>α</Unicode></TextEquiv></Glyph>
<Glyph id="r10038">
<Coords points="874,229 874,256 886,259 880,229"/>
<TextEquiv>
<Unicode>ὶ</Unicode></TextEquiv></Glyph>
<TextEquiv>
<Unicode>καὶ</Unicode></TextEquiv></Word>
<Word id="r1007">
<Coords points="912,229 1011,229 1028,240 1034,241 1033,243 1030,252 1028,253 1028,257 993,257 984,266 937,266 929,258 910,257 906,256 904,253 904,246 908,240 911,230"/>
<Glyph id="r10039">
<Coords points="904,229 904,257 923,257 923,229"/>
<TextEquiv>
<Unicode>ἀ</Unicode></TextEquiv></Glyph>
<Glyph id="r10040">
<Coords points="926,236 926,265 948,265 948,236"/>
<TextEquiv>
<Unicode>φ</Unicode></TextEquiv></Glyph>
<Glyph id="r10041">
<Coords points="953,239 953,257 967,257 967,239"/>
<TextEquiv>
<Unicode>ο</Unicode></TextEquiv></Glyph>
<Glyph id="r10042">
<Coords points="973,239 973,265 989,265 989,239"/>
<TextEquiv>
<Unicode>ρ</Unicode></TextEquiv></Glyph>
<Glyph id="r10043">
<Coords points="994,229 994,256 1016,256 1016,229"/>
<TextEquiv>
<Unicode>ῶ</Unicode></TextEquiv></Glyph>
<Glyph id="r10044">
<Coords points="1020,240 1020,257 1034,257 1034,240"/>
<TextEquiv>
<Unicode>ν</Unicode></TextEquiv></Glyph>
<TextEquiv>
<Unicode>ἀφορῶν</Unicode></TextEquiv></Word>
<Word id="r1008">
<Coords points="1079,228 1106,238 1112,241 1113,244 1114,248 1114,251 1108,253 1100,263 1090,261 1089,266 1080,257 1061,256 1057,245 1055,241 1062,240"/>
<Glyph id="r10045">
<Coords points="1055,238 1055,256 1069,256 1069,238"/>
<TextEquiv>
<Unicode>τ</Unicode></TextEquiv></Glyph>
<Glyph id="r10046">
<Coords points="1073,229 1073,261 1091,261 1091,229"/>
<TextEquiv>
<Unicode>ὴ</Unicode></TextEquiv></Glyph>
<Glyph id="r10047">
<Coords points="1095,240 1095,256 1111,256 1111,240"/>
<TextEquiv>
<Unicode>ν</Unicode></TextEquiv></Glyph>
<TextEquiv>
<Unicode>τὴν</Unicode></TextEquiv></Word>
<TextEquiv>
<Unicode>εὐλόγως συγκινοῦν τὰς λαϊκὰς ἰδίως τάξεις καὶ ἀφορῶν τὴν</Unicode></TextEquiv></TextLine>
<TextLine id="r101">
<Coords points="982,272 983,273 1093,273 1093,278 1109,294 1110,294 1109,295 1097,295 1096,296 1096,298 1094,300 1094,301 1092,301 1091,302 1089,302 1088,303 1004,303 995,312 109,312 108,313 104,313 103,314 82,314 81,315 69,315 68,316 63,316 64,316 68,312 68,301 69,300 69,299 77,299 90,286 220,286 225,281 235,281 236,280 263,280 264,279 264,277 317,277 318,276 465,276 466,275 466,274 650,274 651,273 981,273"/>
<Word id="r1009">
<Coords points="91,286 99,293 159,293 159,296 158,298 157,302 155,305 153,309 140,310 108,311 103,312 81,313 68,314 66,314 67,313 68,300 73,299"/>
<Glyph id="r10048">
<Coords points="68,297 68,316 83,316 83,297"/>
<TextEquiv>
<Unicode>π</Unicode></TextEquiv></Glyph>
<Glyph id="r10049">
<Coords points="88,287 88,314 95,319 94,287"/>
<TextEquiv>
<Unicode>ί</Unicode></TextEquiv></Glyph>
<Glyph id="r10050">
<Coords points="99,295 99,312 105,318 115,312 115,295"/>
<TextEquiv>
<Unicode>σ</Unicode></TextEquiv></Glyph>
<Glyph id="r10051">
<Coords points="117,294 117,310 126,313 133,315 131,294"/>
<TextEquiv>
<Unicode>τ</Unicode></TextEquiv></Glyph>
<Glyph id="r10052">
<Coords points="136,294 136,311 144,311 144,294"/>
<TextEquiv>
<Unicode>ι</Unicode></TextEquiv></Glyph>
<Glyph id="r10053">
<Coords points="146,294 146,310 156,313 161,310 161,294"/>
<TextEquiv>
<Unicode>ν</Unicode></TextEquiv></Glyph>
<TextEquiv>
<Unicode>πίστιν</Unicode></TextEquiv></Word>
<Word id="r1010">
<Coords points="236,285 237,293 236,298 234,301 233,306 231,308 192,308 190,305 187,297 186,293 197,291 215,291 230,281"/>
<Glyph id="r10054">
<Coords points="186,291 186,307 199,307 199,291"/>
<TextEquiv>
<Unicode>τ</Unicode></TextEquiv></Glyph>
<Glyph id="r10055">
<Coords points="203,291 203,307 217,307 217,291"/>
<TextEquiv>
<Unicode>ο</Unicode></TextEquiv></Glyph>
<Glyph id="r10056">
<Coords points="220,281 220,309 241,311 237,281"/>
<TextEquiv>
<Unicode>ῦ</Unicode></TextEquiv></Glyph>
<TextEquiv>
<Unicode>τοῦ</Unicode></TextEquiv></Word>
<Word id="r1011">
<Coords points="318,276 439,279 440,284 440,285 439,297 437,301 435,302 356,303 347,310 341,307 272,299 263,281 264,277 317,277"/>
<Glyph id="r10057">
<Coords points="264,277 264,308 296,308 296,277"/>
<TextEquiv>
<Unicode>Ἑ</Unicode></TextEquiv></Glyph>
<Glyph id="r10059">
<Coords points="299,277 299,303 312,303 312,277"/>
<TextEquiv>
<Unicode>λ</Unicode></TextEquiv></Glyph>
<Glyph id="r10060">
<Coords points="317,277 317,304 331,304 331,277"/>
<TextEquiv>
<Unicode>λ</Unicode></TextEquiv></Glyph>
<Glyph id="r10061">
<Coords points="333,287 333,313 350,313 350,287"/>
<TextEquiv>
<Unicode>η</Unicode></TextEquiv></Glyph>
<Glyph id="r10063">
<Coords points="385,286 385,302 404,306 401,286"/>
<TextEquiv>
<Unicode>κ</Unicode></TextEquiv></Glyph>
<Glyph id="r10064">
<Coords points="406,286 406,302 413,307 420,302 420,286"/>
<TextEquiv>
<Unicode>ο</Unicode></TextEquiv></Glyph>
<Glyph id="r10065">
<Coords points="423,275 423,304 445,303 440,275"/>
<TextEquiv>
<Unicode>ῦ</Unicode></TextEquiv></Glyph>
<Glyph id="r2689">
<Coords points="355,286 355,302 366,309 369,302 369,286"/>
<TextEquiv>
<Unicode>ν</Unicode></TextEquiv></Glyph>
<Glyph id="r2690">
<Coords points="375,286 375,305 382,305 382,286"/>
<TextEquiv>
<Unicode>ι</Unicode></TextEquiv></Glyph>
<TextEquiv>
<Unicode>Ἑλληνικοῦ</Unicode></TextEquiv></Word>
<Word id="r1012">
<Coords points="466,274 535,274 545,284 627,283 626,285 624,306 512,310 505,310 503,309 491,305 466,303"/>
<Glyph id="r10066">
<Coords points="466,274 466,303 494,303 494,274"/>
<TextEquiv>
<Unicode>Κ</Unicode></TextEquiv></Glyph>
<Glyph id="r10067">
<Coords points="500,285 500,309 508,316 514,309 514,285"/>
<TextEquiv>
<Unicode>ρ</Unicode></TextEquiv></Glyph>
<Glyph id="r10068">
<Coords points="520,274 520,303 539,303 539,274"/>
<TextEquiv>
<Unicode>ά</Unicode></TextEquiv></Glyph>
<Glyph id="r10069">
<Coords points="542,284 542,302 554,302 554,284"/>
<TextEquiv>
<Unicode>τ</Unicode></TextEquiv></Glyph>
<Glyph id="r10070">
<Coords points="559,284 559,303 573,303 573,284"/>
<TextEquiv>
<Unicode>ο</Unicode></TextEquiv></Glyph>
<Glyph id="r10071">
<Coords points="576,284 576,302 593,302 593,284"/>
<TextEquiv>
<Unicode>υ</Unicode></TextEquiv></Glyph>
<Glyph id="r10072">
<Coords points="598,284 598,310 611,310 611,284"/>
<TextEquiv>
<Unicode>ς</Unicode></TextEquiv></Glyph>
<Glyph id="r10073">
<Coords points="617,299 617,303 621,303 621,299"/>
<TextEquiv>
<Unicode>.</Unicode></TextEquiv></Glyph>
<TextEquiv>
<Unicode>Κράτους.</Unicode></TextEquiv></Word>
<Word id="r1013">
<Coords points="651,273 675,273 759,279 763,289 764,294 763,299 761,301 757,303 702,304 698,302 659,297 650,278"/>
<Glyph id="r10074">
<Coords points="651,273 651,303 682,303 682,273"/>
<TextEquiv>
<Unicode>Ἐ</Unicode></TextEquiv></Glyph>
<Glyph id="r10075">
<Coords points="685,285 685,301 700,301 700,285"/>
<TextEquiv>
<Unicode>ν</Unicode></TextEquiv></Glyph>
<Glyph id="r10076">
<Coords points="704,286 704,302 719,302 719,286"/>
<TextEquiv>
<Unicode>ν</Unicode></TextEquiv></Glyph>
<Glyph id="r10077">
<Coords points="724,285 724,303 738,303 738,285"/>
<TextEquiv>
<Unicode>ο</Unicode></TextEquiv></Glyph>
<Glyph id="r10078">
<Coords points="742,273 742,303 766,303 766,273"/>
<TextEquiv>
<Unicode>ῶ</Unicode></TextEquiv></Glyph>
<TextEquiv>
<Unicode>Ἐννοῶ</Unicode></TextEquiv></Word>
<Word id="r1014">
<Coords points="816,273 829,285 860,285 860,289 857,295 856,298 854,302 801,303 792,311 797,285"/>
<Glyph id="r10079">
<Coords points="790,284 790,313 810,313 810,284"/>
<TextEquiv>
<Unicode>μ</Unicode></TextEquiv></Glyph>
<Glyph id="r10080">
<Coords points="813,274 813,302 823,305 820,274"/>
<TextEquiv>
<Unicode>ί</Unicode></TextEquiv></Glyph>
<Glyph id="r10081">
<Coords points="826,285 826,302 843,302 843,285"/>
<TextEquiv>
<Unicode>α</Unicode></TextEquiv></Glyph>
<Glyph id="r10082">
<Coords points="846,285 846,304 862,304 862,285"/>
<TextEquiv>
<Unicode>ν</Unicode></TextEquiv></Glyph>
<TextEquiv>
<Unicode>μίαν</Unicode></TextEquiv></Word>
<Word id="r1015">
<Coords points="981,273 994,285 1012,286 1011,290 1010,293 1009,295 1008,298 1006,301 994,302 994,311 925,311 917,303 884,303 884,276 885,274 980,274"/>
<Glyph id="r10083">
<Coords points="884,274 884,302 899,302 899,274"/>
<TextEquiv>
<Unicode>λ</Unicode></TextEquiv></Glyph>
<Glyph id="r10084">
<Coords points="902,284 902,302 919,306 917,284"/>
<TextEquiv>
<Unicode>ο</Unicode></TextEquiv></Glyph>
<Glyph id="r10085">
<Coords points="922,285 922,310 939,310 939,285"/>
<TextEquiv>
<Unicode>γ</Unicode></TextEquiv></Glyph>
<Glyph id="r10086">
<Coords points="945,285 945,302 952,302 952,285"/>
<TextEquiv>
<Unicode>ι</Unicode></TextEquiv></Glyph>
<Glyph id="r10088">
<Coords points="998,285 998,301 1013,301 1013,285"/>
<TextEquiv>
<Unicode>ν</Unicode></TextEquiv></Glyph>
<Glyph id="r2691">
<Coords points="977,274 977,309 994,309 994,274"/>
<TextEquiv>
<Unicode>ὴ</Unicode></TextEquiv></Glyph>
<Glyph id="r2692">
<Coords points="955,285 955,302 975,302 975,285"/>
<TextEquiv>
<Unicode>κ</Unicode></TextEquiv></Glyph>
<TextEquiv>
<Unicode>λογικὴν</Unicode></TextEquiv></Word>
<Word id="r1016">
<Coords points="1047,273 1092,275 1108,294 1105,300 1103,303 1096,304 1096,307 1041,301 1040,300 1039,294 1040,288 1046,278"/>
<Glyph id="r10090">
<Coords points="1039,274 1039,302 1056,302 1056,274"/>
<TextEquiv>
<Unicode>ἀ</Unicode></TextEquiv></Glyph>
<Glyph id="r10091">
<Coords points="1060,284 1060,302 1080,302 1080,284"/>
<TextEquiv>
<Unicode>π</Unicode></TextEquiv></Glyph>
<Glyph id="r10092">
<Coords points="1082,275 1082,303 1097,303 1097,275"/>
<TextEquiv>
<Unicode>ό</Unicode></TextEquiv></Glyph>
<Glyph id="r10093">
<Coords points="1099,290 1099,295 1114,298 1107,290"/>
<TextEquiv>
<Unicode>-</Unicode></TextEquiv></Glyph>
<TextEquiv>
<Unicode>ἀπό-</Unicode></TextEquiv></Word>
<TextEquiv>
<Unicode>πίστιν τοῦ Ἑλληνικοῦ Κράτους. Ἐννοῶ μίαν λογικὴν ἀπό-</Unicode></TextEquiv></TextLine>
<TextLine id="r102">
<Coords points="1101,317 1101,319 1102,319 1102,321 1103,321 1103,326 1104,326 1104,327 1105,327 1105,328 1106,328 1106,329 1107,329 1107,330 1108,330 1108,331 1109,331 1109,344 1111,344 1111,345 1110,345 1110,346 1109,346 1109,347 1064,347 1064,348 1048,348 1048,349 1047,349 1047,350 1046,350 1046,351 1045,351 1045,352 1044,352 1044,353 1043,353 1043,354 1042,354 1042,355 1041,355 1041,356 1040,356 1040,357 277,357 277,358 92,358 92,359 75,359 75,360 70,360 70,359 69,359 69,358 68,358 68,334 69,334 69,333 188,333 188,332 189,332 189,331 190,331 190,330 191,330 191,329 192,329 192,328 193,328 193,327 194,327 194,326 255,326 255,323 404,323 404,322 405,322 405,321 406,321 406,320 626,320 626,319 649,319 649,318 1101,318"/>
<Word id="r1017">
<Coords points="71,333 80,340 155,338 157,358 127,355 113,357 89,357 71,358 69,358 68,334"/>
<Glyph id="r10094">
<Coords points="67,333 67,362 80,362 80,333"/>
<TextEquiv>
<Unicode>δ</Unicode></TextEquiv></Glyph>
<Glyph id="r10095">
<Coords points="85,341 85,360 99,360 99,341"/>
<TextEquiv>
<Unicode>ο</Unicode></TextEquiv></Glyph>
<Glyph id="r10096">
<Coords points="104,340 104,359 119,359 119,340"/>
<TextEquiv>
<Unicode>σ</Unicode></TextEquiv></Glyph>
<Glyph id="r10097">
<Coords points="123,340 123,357 130,357 130,340"/>
<TextEquiv>
<Unicode>ι</Unicode></TextEquiv></Glyph>
<Glyph id="r10098">
<Coords points="134,339 134,356 147,356 147,339"/>
<TextEquiv>
<Unicode>ν</Unicode></TextEquiv></Glyph>
<TextEquiv>
<Unicode>δοσιν</Unicode></TextEquiv></Word>
<Word id="r1019">
<Coords points="199,326 220,335 226,340 224,344 223,347 221,351 204,352 193,353 177,353 176,348 171,339 172,338 182,338"/>
<Glyph id="r10099">
<Coords points="171,338 171,355 183,355 183,338"/>
<TextEquiv>
<Unicode>τ</Unicode></TextEquiv></Glyph>
<Glyph id="r10100">
<Coords points="187,324 187,355 209,355 209,324"/>
<TextEquiv>
<Unicode>ῶ</Unicode></TextEquiv></Glyph>
<Glyph id="r10101">
<Coords points="213,335 213,353 229,353 229,335"/>
<TextEquiv>
<Unicode>ν</Unicode></TextEquiv></Glyph>
<TextEquiv>
<Unicode>τῶν</Unicode></TextEquiv></Word>
<Word id="r1020">
<Coords points="406,320 488,320 501,332 504,335 506,345 505,348 407,348 276,356 270,354 255,351 252,350 252,336 254,334 255,323 403,323"/>
<Glyph id="r10102">
<Coords points="252,323 252,351 263,351 263,323"/>
<TextEquiv>
<Unicode>ἐ</Unicode></TextEquiv></Glyph>
<Glyph id="r10103">
<Coords points="269,323 269,359 284,359 284,323"/>
<TextEquiv>
<Unicode>ξ</Unicode></TextEquiv></Glyph>
<Glyph id="r10104">
<Coords points="290,333 290,350 307,350 307,333"/>
<TextEquiv>
<Unicode>α</Unicode></TextEquiv></Glyph>
<Glyph id="r10105">
<Coords points="311,332 311,349 326,349 326,332"/>
<TextEquiv>
<Unicode>ν</Unicode></TextEquiv></Glyph>
<Glyph id="r10106">
<Coords points="330,331 330,350 341,350 341,331"/>
<TextEquiv>
<Unicode>ε</Unicode></TextEquiv></Glyph>
<Glyph id="r10107">
<Coords points="346,332 346,361 362,361 362,332"/>
<TextEquiv>
<Unicode>μ</Unicode></TextEquiv></Glyph>
<Glyph id="r10108">
<Coords points="369,332 369,348 374,348 374,332"/>
<TextEquiv>
<Unicode>ι</Unicode></TextEquiv></Glyph>
<Glyph id="r10110">
<Coords points="422,330 422,347 434,347 434,330"/>
<TextEquiv>
<Unicode>ε</Unicode></TextEquiv></Glyph>
<Glyph id="r10111">
<Coords points="440,331 440,347 447,347 447,331"/>
<TextEquiv>
<Unicode>ι</Unicode></TextEquiv></Glyph>
<Glyph id="r10113">
<Coords points="452,331 452,347 467,347 467,331"/>
<TextEquiv>
<Unicode>σ</Unicode></TextEquiv></Glyph>
<Glyph id="r10114">
<Coords points="471,320 471,347 494,347 494,320"/>
<TextEquiv>
<Unicode>ῶ</Unicode></TextEquiv></Glyph>
<Glyph id="r10115">
<Coords points="499,332 499,349 513,349 513,332"/>
<TextEquiv>
<Unicode>ν</Unicode></TextEquiv></Glyph>
<Glyph id="r2693">
<Coords points="399,320 399,348 419,348 419,320"/>
<TextEquiv>
<Unicode>θ</Unicode></TextEquiv></Glyph>
<Glyph id="r2694">
<Coords points="380,331 380,349 397,349 397,331"/>
<TextEquiv>
<Unicode>σ</Unicode></TextEquiv></Glyph>
<TextEquiv>
<Unicode>ἐξανεμισθεισῶν</Unicode></TextEquiv></Word>
<Word id="r1021">
<Coords points="649,318 662,330 735,331 734,335 728,347 577,347 538,346 537,336 536,333 537,330 592,329 615,329 624,320 626,319 648,319"/>
<Glyph id="r10116">
<Coords points="536,330 536,346 553,346 553,330"/>
<TextEquiv>
<Unicode>κ</Unicode></TextEquiv></Glyph>
<Glyph id="r10117">
<Coords points="558,330 558,346 574,346 574,330"/>
<TextEquiv>
<Unicode>α</Unicode></TextEquiv></Glyph>
<Glyph id="r10118">
<Coords points="579,329 579,346 593,346 593,329"/>
<TextEquiv>
<Unicode>τ</Unicode></TextEquiv></Glyph>
<Glyph id="r10119">
<Coords points="597,330 597,346 612,346 612,330"/>
<TextEquiv>
<Unicode>α</Unicode></TextEquiv></Glyph>
<Glyph id="r10120">
<Coords points="616,319 616,350 636,350 636,319"/>
<TextEquiv>
<Unicode>θ</Unicode></TextEquiv></Glyph>
<Glyph id="r10121">
<Coords points="641,319 641,346 654,352 652,319"/>
<TextEquiv>
<Unicode>έ</Unicode></TextEquiv></Glyph>
<Glyph id="r10122">
<Coords points="658,331 658,346 668,352 673,346 673,331"/>
<TextEquiv>
<Unicode>σ</Unicode></TextEquiv></Glyph>
<Glyph id="r10123">
<Coords points="678,329 678,349 690,349 690,329"/>
<TextEquiv>
<Unicode>ε</Unicode></TextEquiv></Glyph>
<Glyph id="r10124">
<Coords points="693,330 693,349 716,349 716,330"/>
<TextEquiv>
<Unicode>ω</Unicode></TextEquiv></Glyph>
<Glyph id="r10125">
<Coords points="721,331 721,347 736,347 736,331"/>
<TextEquiv>
<Unicode>ν</Unicode></TextEquiv></Glyph>
<TextEquiv>
<Unicode>καταθέσεων</Unicode></TextEquiv></Word>
<Word id="r1022">
<Coords points="776,319 794,329 800,330 799,348 798,351 797,353 795,354 789,352 762,348 759,347 758,345 758,333 759,331 762,330 764,330"/>
<Glyph id="r10126">
<Coords points="758,330 758,348 770,348 770,330"/>
<TextEquiv>
<Unicode>ε</Unicode></TextEquiv></Glyph>
<Glyph id="r10127">
<Coords points="774,320 774,348 783,348 783,320"/>
<TextEquiv>
<Unicode>ἰ</Unicode></TextEquiv></Glyph>
<Glyph id="r10128">
<Coords points="788,331 788,355 799,355 799,331"/>
<TextEquiv>
<Unicode>ς</Unicode></TextEquiv></Glyph>
<TextEquiv>
<Unicode>εἰς</Unicode></TextEquiv></Word>
<Word id="r1023">
<Coords points="852,319 853,321 857,328 860,343 863,344 860,348 831,347 828,337 825,332 828,331 839,331"/>
<Glyph id="r10129">
<Coords points="825,331 825,347 838,352 839,331"/>
<TextEquiv>
<Unicode>τ</Unicode></TextEquiv></Glyph>
<Glyph id="r10130">
<Coords points="844,320 844,347 865,352 860,320"/>
<TextEquiv>
<Unicode>ὰ</Unicode></TextEquiv></Glyph>
<TextEquiv>
<Unicode>τὰ</Unicode></TextEquiv></Word>
<Word id="r1024">
<Coords points="893,318 1105,317 1110,327 1113,342 1114,344 1100,351 1063,346 1048,347 1039,356 936,355 928,351 890,349 892,342 885,328 886,322 892,319"/>
<Glyph id="r10131">
<Coords points="885,318 885,348 910,348 910,318"/>
<TextEquiv>
<Unicode>Τ</Unicode></TextEquiv></Glyph>
<Glyph id="r10132">
<Coords points="913,330 913,347 932,347 932,330"/>
<TextEquiv>
<Unicode>α</Unicode></TextEquiv></Glyph>
<Glyph id="r10133">
<Coords points="934,330 934,355 952,355 952,330"/>
<TextEquiv>
<Unicode>χ</Unicode></TextEquiv></Glyph>
<Glyph id="r10134">
<Coords points="955,329 955,348 972,348 972,329"/>
<TextEquiv>
<Unicode>υ</Unicode></TextEquiv></Glyph>
<Glyph id="r10135">
<Coords points="976,319 976,348 992,348 992,319"/>
<TextEquiv>
<Unicode>δ</Unicode></TextEquiv></Glyph>
<Glyph id="r10136">
<Coords points="999,329 999,355 1015,355 1015,329"/>
<TextEquiv>
<Unicode>ρ</Unicode></TextEquiv></Glyph>
<Glyph id="r10137">
<Coords points="1019,330 1019,348 1033,348 1033,330"/>
<TextEquiv>
<Unicode>ο</Unicode></TextEquiv></Glyph>
<Glyph id="r10138">
<Coords points="1036,330 1036,358 1057,358 1057,330"/>
<TextEquiv>
<Unicode>μ</Unicode></TextEquiv></Glyph>
<Glyph id="r10139">
<Coords points="1060,330 1060,349 1070,349 1070,330"/>
<TextEquiv>
<Unicode>ι</Unicode></TextEquiv></Glyph>
<Glyph id="r10140">
<Coords points="1070,330 1070,347 1088,347 1088,330"/>
<TextEquiv>
<Unicode>κ</Unicode></TextEquiv></Glyph>
<Glyph id="r10141">
<Coords points="1092,318 1092,347 1111,347 1111,318"/>
<TextEquiv>
<Unicode>ὰ</Unicode></TextEquiv></Glyph>
<TextEquiv>
<Unicode>Ταχυδρομικὰ</Unicode></TextEquiv></Word>
<TextEquiv>
<Unicode>δοσιν τῶν ἐξανεμισθεισῶν καταθέσεων εἰς τὰ Ταχυδρομικὰ</Unicode></TextEquiv></TextLine>
<TextLine id="r231">
<Coords points="67,371 62,410 130,412 911,406 911,365 748,361 272,366"/>
<Word id="r1025">
<Coords points="209,369 220,379 260,379 277,378 269,396 241,396 224,405 215,407 119,412 117,409 73,402 70,392 67,380 70,376 202,376"/>
<Glyph id="r10142">
<Coords points="67,376 67,406 88,406 88,376"/>
<TextEquiv>
<Unicode>Τ</Unicode></TextEquiv></Glyph>
<Glyph id="r10143">
<Coords points="93,385 93,402 109,402 109,385"/>
<TextEquiv>
<Unicode>α</Unicode></TextEquiv></Glyph>
<Glyph id="r10144">
<Coords points="114,384 113,413 130,408 130,384"/>
<TextEquiv>
<Unicode>μ</Unicode></TextEquiv></Glyph>
<Glyph id="r10145">
<Coords points="135,383 135,400 140,400 140,383"/>
<TextEquiv>
<Unicode>ι</Unicode></TextEquiv></Glyph>
<Glyph id="r10146">
<Coords points="146,383 146,400 157,400 157,383"/>
<TextEquiv>
<Unicode>ε</Unicode></TextEquiv></Glyph>
<Glyph id="r10147">
<Coords points="160,382 160,399 177,399 177,382"/>
<TextEquiv>
<Unicode>υ</Unicode></TextEquiv></Glyph>
<Glyph id="r10148">
<Coords points="180,381 180,399 196,402 195,381"/>
<TextEquiv>
<Unicode>τ</Unicode></TextEquiv></Glyph>
<Glyph id="r10149">
<Coords points="200,370 200,407 216,407 216,370"/>
<TextEquiv>
<Unicode>ή</Unicode></TextEquiv></Glyph>
<Glyph id="r10150">
<Coords points="222,379 222,403 226,407 238,403 238,379"/>
<TextEquiv>
<Unicode>ρ</Unicode></TextEquiv></Glyph>
<Glyph id="r10151">
<Coords points="243,379 243,398 250,398 250,379"/>
<TextEquiv>
<Unicode>ι</Unicode></TextEquiv></Glyph>
<Glyph id="r10152">
<Coords points="255,379 255,399 271,399 271,379"/>
<TextEquiv>
<Unicode>α</Unicode></TextEquiv></Glyph>
<TextEquiv>
<Unicode>Ταμιευτήρια</Unicode></TextEquiv></Word>
<Word id="r1026">
<Coords points="340,367 345,368 349,379 350,380 349,382 348,390 347,392 345,394 302,394 299,387 298,377 330,377"/>
<Glyph id="r10153">
<Coords points="299,377 299,393 312,393 312,377"/>
<TextEquiv>
<Unicode>τ</Unicode></TextEquiv></Glyph>
<Glyph id="r10154">
<Coords points="317,377 317,395 329,395 329,377"/>
<TextEquiv>
<Unicode>ο</Unicode></TextEquiv></Glyph>
<Glyph id="r10155">
<Coords points="333,368 333,397 351,397 351,368"/>
<TextEquiv>
<Unicode>ῦ</Unicode></TextEquiv></Glyph>
<TextEquiv>
<Unicode>τοῦ</Unicode></TextEquiv></Word>
<Word id="r1027">
<Coords points="379,365 449,365 459,375 481,375 536,374 542,381 541,399 539,403 424,401 421,402 418,401 411,395 391,394 379,394"/>
<Glyph id="r10156">
<Coords points="379,365 379,394 405,394 405,365"/>
<TextEquiv>
<Unicode>Κ</Unicode></TextEquiv></Glyph>
<Glyph id="r10157">
<Coords points="413,375 413,401 428,401 428,375"/>
<TextEquiv>
<Unicode>ρ</Unicode></TextEquiv></Glyph>
<Glyph id="r10158">
<Coords points="434,365 434,394 450,394 450,365"/>
<TextEquiv>
<Unicode>ά</Unicode></TextEquiv></Glyph>
<Glyph id="r10159">
<Coords points="453,376 453,394 469,394 469,376"/>
<TextEquiv>
<Unicode>τ</Unicode></TextEquiv></Glyph>
<Glyph id="r10160">
<Coords points="472,375 472,393 487,393 487,375"/>
<TextEquiv>
<Unicode>ο</Unicode></TextEquiv></Glyph>
<Glyph id="r10161">
<Coords points="491,376 491,393 507,393 507,376"/>
<TextEquiv>
<Unicode>υ</Unicode></TextEquiv></Glyph>
<Glyph id="r10162">
<Coords points="512,376 512,400 524,400 524,376"/>
<TextEquiv>
<Unicode>ς</Unicode></TextEquiv></Glyph>
<Glyph id="r10163">
<Coords points="531,391 531,395 534,395 534,391"/>
<TextEquiv>
<Unicode>.</Unicode></TextEquiv></Glyph>
<TextEquiv>
<Unicode>Κράτους.</Unicode></TextEquiv></Word>
<Word id="r1028">
<Coords points="579,363 776,363 776,364 778,364 778,365 882,363 897,366 897,367 898,367 902,389 907,398 897,401 787,406 652,405 567,396 566,364"/>
<Glyph id="r10164">
<Coords points="571,363 571,397 580,397 580,363"/>
<TextEquiv>
<Unicode>(</Unicode></TextEquiv></Glyph>
<Glyph id="r10165">
<Coords points="586,364 586,394 615,394 615,364"/>
<TextEquiv>
<Unicode>Χ</Unicode></TextEquiv></Glyph>
<Glyph id="r10166">
<Coords points="618,375 618,392 629,392 629,375"/>
<TextEquiv>
<Unicode>ε</Unicode></TextEquiv></Glyph>
<Glyph id="r10167">
<Coords points="635,375 635,392 642,392 642,375"/>
<TextEquiv>
<Unicode>ι</Unicode></TextEquiv></Glyph>
<Glyph id="r10168">
<Coords points="648,375 648,402 663,402 663,375"/>
<TextEquiv>
<Unicode>ρ</Unicode></TextEquiv></Glyph>
<Glyph id="r10169">
<Coords points="668,375 668,393 685,393 685,375"/>
<TextEquiv>
<Unicode>ο</Unicode></TextEquiv></Glyph>
<Glyph id="r10170">
<Coords points="709,375 709,402 724,402 724,375"/>
<TextEquiv>
<Unicode>ρ</Unicode></TextEquiv></Glyph>
<Glyph id="r10172">
<Coords points="765,364 765,403 783,403 783,364"/>
<TextEquiv>
<Unicode>ή</Unicode></TextEquiv></Glyph>
<Glyph id="r10174">
<Coords points="789,376 789,403 805,403 805,376"/>
<TextEquiv>
<Unicode>μ</Unicode></TextEquiv></Glyph>
<Glyph id="r10175">
<Coords points="810,376 810,393 831,393 831,376"/>
<TextEquiv>
<Unicode>α</Unicode></TextEquiv></Glyph>
<Glyph id="r10176">
<Coords points="850,375 850,393 868,393 868,375"/>
<TextEquiv>
<Unicode>α</Unicode></TextEquiv></Glyph>
<Glyph id="r10177">
<Coords points="876,364 876,399 884,399 884,364"/>
<TextEquiv>
<Unicode>)</Unicode></TextEquiv></Glyph>
<Glyph id="r10178">
<Coords points="832,375 832,394 846,394 846,375"/>
<TextEquiv>
<Unicode>τ</Unicode></TextEquiv></Glyph>
<Glyph id="r10179">
<Coords points="686,375 686,392 703,392 703,375"/>
<TextEquiv>
<Unicode>κ</Unicode></TextEquiv></Glyph>
<Glyph id="r2695">
<Coords points="729,374 729,393 744,393 744,374"/>
<TextEquiv>
<Unicode>ο</Unicode></TextEquiv></Glyph>
<Glyph id="r2696">
<Coords points="745,375 745,394 762,394 762,375"/>
<TextEquiv>
<Unicode>τ</Unicode></TextEquiv></Glyph>
<Glyph id="r4776">
<Coords points="894,388 894,398 902,398 902,388"/>
<TextEquiv>
<Unicode>.</Unicode></TextEquiv></Glyph>
<TextEquiv>
<Unicode>(Χειροκροτήματα).</Unicode></TextEquiv></Word>
<TextEquiv>
<Unicode>Ταμιευτήρια τοῦ Κράτους. (Χειροκροτήματα).</Unicode></TextEquiv></TextLine></TextRegion>
<TextRegion id="r2" type="paragraph">
<Coords points="121,428 903,422 901,477 127,481 130,460"/></TextRegion>
<TextRegion id="r3" type="paragraph">
<Coords points="53,499 58,762 1132,751 1126,490 695,482 146,485"/></TextRegion>
<TextRegion id="r4" type="paragraph">
<Coords points="144,774 144,819 1101,815 1099,760 1048,762"/></TextRegion>
<TextRegion id="r5" type="paragraph">
<Coords points="149,830 58,886 61,1114 1137,1104 1129,830 978,826"/></TextRegion>
<TextRegion id="r6" type="paragraph">
<Coords points="149,1117 57,1169 57,1439 1131,1434 1130,1114 972,1118"/></TextRegion>
<TextRegion id="r7" type="paragraph">
<Coords points="143,1448 46,1512 46,1691 1137,1679 1131,1448 1028,1450"/></TextRegion>
<TextRegion id="r8" type="paragraph">
<Coords points="147,1698 48,1741 51,1884 1131,1876 1125,1693 1009,1694"/></TextRegion>
<TextRegion id="r9" type="paragraph">
<Coords points="149,1894 47,1958 48,2216 1127,2202 1116,1891 970,1890"/></TextRegion>
<TextRegion id="r10" type="paragraph">
<Coords points="135,2225 135,2282 1091,2274 1087,2217 837,2218"/></TextRegion>
<TextRegion id="r11" type="paragraph">
<Coords points="152,2286 36,2368 37,2404 1110,2393 1109,2291 1009,2290"/></TextRegion>
<TextRegion id="r12" type="paragraph">
<Coords points="139,2407 136,2454 1110,2451 1109,2401 1035,2404"/></TextRegion>
<TextRegion id="r13" type="paragraph">
<Coords points="150,2464 50,2539 51,2574 1129,2567 1126,2462 974,2463"/></TextRegion>
<TextRegion id="r16" type="paragraph">
<Coords points="59,138 56,183 372,166 1483,165 1486,171 1526,173 2242,171 2242,167 2241,128 2176,127 592,115"/></TextRegion>
<TextRegion id="r14" type="paragraph">
<Coords points="147,2581 52,2628 47,2767 49,2767 1126,2772 1128,2581 949,2579"/></TextRegion>
<TextRegion id="r17" type="paragraph">
<Coords points="1265,221 1172,275 1167,360 2263,351 2257,215 2003,216"/></TextRegion>
<TextRegion id="r18" type="paragraph">
<Coords points="1272,373 1177,411 1169,511 2250,516 2245,378 2163,378"/></TextRegion>
<TextRegion id="r15" type="paragraph">
<Coords points="148,2781 49,2830 47,3292 1121,3278 1127,3270 1121,2782 968,2781"/></TextRegion>
<TextRegion id="r19" type="paragraph">
<Coords points="1278,526 1171,572 1166,800 1285,804 1290,803 2245,789 2246,532 2015,523 2011,523 1303,527"/></TextRegion>
<TextRegion id="r20" type="paragraph">
<Coords points="1264,813 1173,875 1176,915 2245,910 2242,817 2107,816"/></TextRegion>
<TextRegion id="r21" type="paragraph">
<Coords points="1265,925 1170,961 1166,1057 1361,1059 2244,1045 2239,925 2097,920"/></TextRegion>
<TextRegion id="r22" type="paragraph">
<Coords points="1272,1073 1170,1116 1170,2030 2246,2009 2245,1065 2129,1064"/>
<TextLine id="r178">
<Coords points="1280,1080 1618,1080 1619,1081 2105,1081 2107,1083 2206,1083 2217,1094 2227,1094 2228,1095 2229,1118 2223,1120 2157,1115 2156,1116 2156,1117 2155,1118 2155,1119 2071,1119 2070,1120 1950,1120 1949,1121 1948,1121 1946,1119 1524,1119 1515,1110 1331,1110 1330,1109 1265,1109 1266,1109 1272,1103 1272,1102 1273,1101 1273,1099 1274,1098 1274,1096 1275,1095 1275,1085"/>
<Word id="r1030">
<Coords points="1280,1080 1356,1080 1376,1093 1385,1094 1382,1100 1381,1103 1378,1108 1329,1108 1270,1111 1269,1106 1271,1103 1272,1101 1274,1095 1275,1085"/>
<Glyph id="r10180">
<Coords points="1269,1080 1269,1109 1294,1109 1294,1080"/>
<TextEquiv>
<Unicode>Λ</Unicode></TextEquiv></Glyph>
<Glyph id="r10181">
<Coords points="1298,1091 1298,1109 1313,1109 1313,1091"/>
<TextEquiv>
<Unicode>ο</Unicode></TextEquiv></Glyph>
<Glyph id="r10182">
<Coords points="1319,1092 1319,1108 1325,1108 1325,1092"/>
<TextEquiv>
<Unicode>ι</Unicode></TextEquiv></Glyph>
<Glyph id="r10183">
<Coords points="1329,1091 1329,1111 1348,1111 1348,1091"/>
<TextEquiv>
<Unicode>π</Unicode></TextEquiv></Glyph>
<Glyph id="r10184">
<Coords points="1352,1080 1352,1110 1367,1110 1367,1080"/>
<TextEquiv>
<Unicode>ὸ</Unicode></TextEquiv></Glyph>
<Glyph id="r10185">
<Coords points="1369,1093 1369,1110 1385,1110 1385,1093"/>
<TextEquiv>
<Unicode>ν</Unicode></TextEquiv></Glyph>
<TextEquiv>
<Unicode>Λοιπὸν</Unicode></TextEquiv></Word>
<Word id="r1031">
<Coords points="1453,1080 1454,1082 1455,1085 1458,1090 1462,1105 1463,1106 1462,1108 1416,1108 1414,1106 1413,1100 1414,1088 1415,1081 1452,1081"/>
<Glyph id="r10186">
<Coords points="1413,1081 1413,1111 1428,1111 1428,1081"/>
<TextEquiv>
<Unicode>δ</Unicode></TextEquiv></Glyph>
<Glyph id="r10187">
<Coords points="1434,1092 1434,1110 1442,1110 1442,1092"/>
<TextEquiv>
<Unicode>ι</Unicode></TextEquiv></Glyph>
<Glyph id="r10188">
<Coords points="1445,1081 1445,1110 1464,1110 1464,1081"/>
<TextEquiv>
<Unicode>ὰ</Unicode></TextEquiv></Glyph>
<TextEquiv>
<Unicode>διὰ</Unicode></TextEquiv></Word>
<Word id="r1032">
<Coords points="1514,1080 1528,1093 1545,1094 1544,1097 1540,1105 1538,1108 1526,1109 1525,1118 1515,1110 1514,1109 1496,1105 1490,1094 1493,1093 1499,1092"/>
<Glyph id="r10189">
<Coords points="1490,1092 1490,1111 1504,1111 1504,1092"/>
<TextEquiv>
<Unicode>τ</Unicode></TextEquiv></Glyph>
<Glyph id="r10190">
<Coords points="1508,1081 1508,1119 1528,1119 1528,1081"/>
<TextEquiv>
<Unicode>ὴ</Unicode></TextEquiv></Glyph>
<Glyph id="r4778">
<Coords points="1532,1093 1532,1110 1546,1110 1546,1093"/>
<TextEquiv>
<Unicode>ν</Unicode></TextEquiv></Glyph>
<TextEquiv>
<Unicode>τὴν</Unicode></TextEquiv></Word>
<Word id="r1033">
<Coords points="1617,1080 1714,1081 1734,1096 1732,1100 1731,1104 1729,1108 1721,1110 1708,1111 1695,1118 1686,1110 1575,1109 1575,1094 1576,1082 1615,1082"/>
<Glyph id="r10192">
<Coords points="1575,1082 1575,1109 1587,1109 1587,1082"/>
<TextEquiv>
<Unicode>ἐ</Unicode></TextEquiv></Glyph>
<Glyph id="r10193">
<Coords points="1590,1093 1590,1109 1608,1109 1608,1093"/>
<TextEquiv>
<Unicode>π</Unicode></TextEquiv></Glyph>
<Glyph id="r10195">
<Coords points="1643,1093 1643,1109 1661,1109 1661,1093"/>
<TextEquiv>
<Unicode>κ</Unicode></TextEquiv></Glyph>
<Glyph id="r10196">
<Coords points="1665,1092 1665,1109 1677,1109 1677,1092"/>
<TextEquiv>
<Unicode>ε</Unicode></TextEquiv></Glyph>
<Glyph id="r10197">
<Coords points="1681,1088 1681,1117 1707,1117 1707,1088"/>
<TextEquiv>
<Unicode>ψ</Unicode></TextEquiv></Glyph>
<Glyph id="r10199">
<Coords points="1710,1081 1710,1112 1717,1112 1717,1081"/>
<TextEquiv>
<Unicode>ί</Unicode></TextEquiv></Glyph>
<Glyph id="r10200">
<Coords points="1720,1092 1720,1111 1737,1111 1737,1092"/>
<TextEquiv>
<Unicode>ν</Unicode></TextEquiv></Glyph>
<Glyph id="r4779">
<Coords points="1614,1081 1614,1109 1621,1109 1621,1081"/>
<TextEquiv>
<Unicode>ί</Unicode></TextEquiv></Glyph>
<Glyph id="r4780">
<Coords points="1626,1092 1626,1109 1641,1109 1641,1092"/>
<TextEquiv>
<Unicode>σ</Unicode></TextEquiv></Glyph>
<TextEquiv>
<Unicode>ἐπίσκεψίν</Unicode></TextEquiv></Word>
<Word id="r1034">
<Coords points="1791,1092 1793,1093 1816,1093 1817,1095 1817,1105 1816,1107 1812,1111 1768,1114 1761,1122 1760,1098 1763,1093 1790,1093"/>
<Glyph id="r10201">
<Coords points="1760,1093 1760,1118 1779,1118 1779,1093"/>
<TextEquiv>
<Unicode>μ</Unicode></TextEquiv></Glyph>
<Glyph id="r10202">
<Coords points="1784,1093 1784,1111 1799,1111 1799,1093"/>
<TextEquiv>
<Unicode>ο</Unicode></TextEquiv></Glyph>
<Glyph id="r10203">
<Coords points="1801,1093 1801,1111 1821,1111 1821,1093"/>
<TextEquiv>
<Unicode>υ</Unicode></TextEquiv></Glyph>
<TextEquiv>
<Unicode>μου</Unicode></TextEquiv></Word>
<Word id="r1035">
<Coords points="1862,1082 1866,1083 1881,1093 1886,1113 1885,1115 1879,1118 1871,1111 1847,1110 1846,1095 1850,1093"/>
<Glyph id="r10204">
<Coords points="1846,1093 1846,1112 1857,1112 1857,1093"/>
<TextEquiv>
<Unicode>ε</Unicode></TextEquiv></Glyph>
<Glyph id="r10205">
<Coords points="1862,1083 1862,1110 1872,1110 1872,1083"/>
<TextEquiv>
<Unicode>ἰ</Unicode></TextEquiv></Glyph>
<Glyph id="r10206">
<Coords points="1875,1094 1875,1117 1888,1117 1888,1094"/>
<TextEquiv>
<Unicode>ς</Unicode></TextEquiv></Glyph>
<TextEquiv>
<Unicode>εἰς</Unicode></TextEquiv></Word>
<Word id="r1036">
<Coords points="1939,1082 1953,1095 1969,1096 1969,1099 1967,1101 1966,1103 1964,1109 1957,1111 1951,1115 1949,1119 1948,1120 1939,1111 1922,1110 1921,1106 1916,1095 1927,1094"/>
<Glyph id="r10207">
<Coords points="1916,1093 1916,1110 1929,1110 1929,1093"/>
<TextEquiv>
<Unicode>τ</Unicode></TextEquiv></Glyph>
<Glyph id="r10208">
<Coords points="1933,1083 1933,1119 1951,1119 1951,1083"/>
<TextEquiv>
<Unicode>ὴ</Unicode></TextEquiv></Glyph>
<Glyph id="r10209">
<Coords points="1957,1096 1957,1109 1969,1109 1969,1096"/>
<TextEquiv>
<Unicode>ν</Unicode></TextEquiv></Glyph>
<TextEquiv>
<Unicode>τὴν</Unicode></TextEquiv></Word>
<Word id="r507">
<Coords points="1996,1086 2007,1118 2063,1120 2071,1117 2133,1115 2156,1118 2167,1112 2158,1094 2138,1086 2110,1086 2107,1081 2065,1081 2028,1083 2008,1082 1995,1081 1992,1088 1992,1095"/>
<Glyph id="r10210">
<Coords points="1998,1083 1998,1111 2034,1111 2034,1083"/>
<TextEquiv>
<Unicode>Ἀ</Unicode></TextEquiv></Glyph>
<Glyph id="r10211">
<Coords points="2038,1094 2038,1119 2056,1119 2056,1094"/>
<TextEquiv>
<Unicode>γ</Unicode></TextEquiv></Glyph>
<Glyph id="r10213">
<Coords points="2060,1094 2060,1117 2078,1117 2078,1094"/>
<TextEquiv>
<Unicode>γ</Unicode></TextEquiv></Glyph>
<Glyph id="r10214">
<Coords points="2080,1082 2080,1110 2096,1110 2096,1082"/>
<TextEquiv>
<Unicode>λ</Unicode></TextEquiv></Glyph>
<Glyph id="r10215">
<Coords points="2102,1081 2102,1111 2108,1111 2108,1081"/>
<TextEquiv>
<Unicode>ί</Unicode></TextEquiv></Glyph>
<Glyph id="r10216">
<Coords points="2112,1093 2112,1110 2130,1110 2130,1093"/>
<TextEquiv>
<Unicode>α</Unicode></TextEquiv></Glyph>
<Glyph id="r4781">
<Coords points="2134,1094 2134,1111 2148,1111 2148,1094"/>
<TextEquiv>
<Unicode>ν</Unicode></TextEquiv></Glyph>
<Glyph id="r4782">
<Coords points="2154,1107 2154,1117 2159,1117 2159,1107"/>
<TextEquiv>
<Unicode>,</Unicode></TextEquiv></Glyph>
<TextEquiv>
<Unicode>Ἀγγλίαν,</Unicode></TextEquiv></Word>
<Word id="r1040">
<Coords points="2204,1083 2221,1094 2228,1096 2227,1114 2225,1115 2223,1117 2220,1118 2213,1112 2190,1111 2188,1110 2187,1103 2190,1094 2200,1086"/>
<Glyph id="r10218">
<Coords points="2187,1094 2187,1111 2200,1111 2200,1094"/>
<TextEquiv>
<Unicode>ε</Unicode></TextEquiv></Glyph>
<Glyph id="r10219">
<Coords points="2203,1084 2203,1111 2213,1111 2213,1084"/>
<TextEquiv>
<Unicode>ἰ</Unicode></TextEquiv></Glyph>
<Glyph id="r10220">
<Coords points="2216,1094 2216,1118 2229,1118 2229,1094"/>
<TextEquiv>
<Unicode>ς</Unicode></TextEquiv></Glyph>
<TextEquiv>
<Unicode>εἰς</Unicode></TextEquiv></Word>
<TextEquiv>
<Unicode>Λοιπὸν διὰ τὴν ἐπίσκεψίν μου εἰς τὴν Ἀγγλίαν, εἰς</Unicode></TextEquiv></TextLine>
<TextLine id="r179">
<Coords points="1204,1125 1205,1126 1626,1126 1627,1127 2056,1127 2057,1128 2184,1128 2185,1129 2187,1129 2188,1130 2189,1130 2198,1139 2203,1139 2204,1140 2218,1127 2222,1126 2226,1140 2227,1141 2228,1141 2228,1152 2229,1153 2230,1153 2229,1154 2229,1156 2228,1157 2159,1157 2154,1162 2152,1162 2151,1163 2119,1163 2116,1166 2021,1166 2020,1165 1214,1165 1213,1164 1211,1164 1202,1155 1185,1155 1185,1142 1182,1139 1183,1138 1191,1138"/>
<Word id="r1041">
<Coords points="1203,1126 1219,1138 1224,1141 1241,1135 1243,1147 1245,1152 1245,1153 1221,1154 1215,1160 1213,1164 1203,1155 1184,1155 1185,1148 1182,1138 1191,1138"/>
<Glyph id="r10221">
<Coords points="1182,1136 1182,1154 1193,1154 1193,1136"/>
<TextEquiv>
<Unicode>τ</Unicode></TextEquiv></Glyph>
<Glyph id="r10222">
<Coords points="1201,1127 1201,1165 1217,1165 1217,1127"/>
<TextEquiv>
<Unicode>ὴ</Unicode></TextEquiv></Glyph>
<Glyph id="r10223">
<Coords points="1222,1138 1222,1153 1235,1153 1235,1138"/>
<TextEquiv>
<Unicode>ν</Unicode></TextEquiv></Glyph>
<TextEquiv>
<Unicode>τὴν</Unicode></TextEquiv></Word>
<Word id="r1042">
<Coords points="1280,1126 1399,1126 1399,1127 1400,1127 1400,1128 1401,1128 1401,1129 1402,1129 1402,1130 1403,1130 1403,1131 1404,1131 1404,1132 1405,1132 1405,1133 1406,1133 1406,1134 1407,1134 1407,1135 1408,1135 1408,1136 1409,1136 1409,1137 1410,1137 1410,1138 1428,1138 1427,1138 1427,1142 1426,1142 1426,1144 1425,1144 1425,1146 1422,1146 1422,1147 1421,1147 1421,1153 1418,1153 1418,1154 1415,1154 1415,1155 1413,1155 1413,1156 1412,1156 1412,1157 1411,1157 1411,1158 1410,1158 1410,1159 1409,1159 1409,1160 1381,1160 1381,1161 1354,1161 1354,1162 1326,1162 1326,1163 1299,1163 1299,1164 1299,1163 1298,1163 1298,1162 1297,1162 1297,1161 1296,1161 1296,1160 1295,1160 1295,1159 1294,1159 1294,1158 1293,1158 1293,1157 1292,1157 1292,1156 1291,1156 1291,1155 1290,1155 1290,1154 1267,1154 1269,1154 1269,1153 1270,1153 1270,1152 1271,1152 1271,1149 1272,1149 1272,1147 1273,1147 1273,1144 1274,1144 1274,1141 1275,1141 1275,1139 1276,1139 1276,1137 1277,1137 1277,1135 1258,1135 1258,1134 1259,1134 1259,1127 1280,1127"/>
<Glyph id="r10224">
<Coords points="1258,1126 1258,1155 1295,1155 1295,1126"/>
<TextEquiv>
<Unicode>Ἀ</Unicode></TextEquiv></Glyph>
<Glyph id="r10225">
<Coords points="1299,1137 1297,1166 1317,1162 1317,1137"/>
<TextEquiv>
<Unicode>μ</Unicode></TextEquiv></Glyph>
<Glyph id="r10226">
<Coords points="1321,1137 1321,1155 1333,1155 1333,1137"/>
<TextEquiv>
<Unicode>ε</Unicode></TextEquiv></Glyph>
<Glyph id="r10227">
<Coords points="1339,1137 1339,1161 1355,1166 1355,1137"/>
<TextEquiv>
<Unicode>ρ</Unicode></TextEquiv></Glyph>
<Glyph id="r10228">
<Coords points="1361,1137 1361,1154 1368,1154 1368,1137"/>
<TextEquiv>
<Unicode>ι</Unicode></TextEquiv></Glyph>
<Glyph id="r10229">
<Coords points="1371,1138 1371,1155 1388,1155 1388,1138"/>
<TextEquiv>
<Unicode>κ</Unicode></TextEquiv></Glyph>
<Glyph id="r10230">
<Coords points="1391,1126 1391,1159 1411,1165 1412,1126"/>
<TextEquiv>
<Unicode>ὴ</Unicode></TextEquiv></Glyph>
<Glyph id="r4784">
<Coords points="1414,1138 1414,1157 1430,1157 1430,1138"/>
<TextEquiv>
<Unicode>ν</Unicode></TextEquiv></Glyph>
<TextEquiv>
<Unicode>Ἀμερικὴν</Unicode></TextEquiv></Word>
<Word id="r1044">
<Coords points="1493,1126 1494,1127 1495,1129 1496,1132 1497,1150 1498,1152 1500,1153 1498,1154 1497,1154 1453,1158 1453,1148 1451,1140 1452,1138 1475,1137 1482,1137"/>
<Glyph id="r10232">
<Coords points="1451,1138 1451,1154 1467,1154 1467,1138"/>
<TextEquiv>
<Unicode>κ</Unicode></TextEquiv></Glyph>
<Glyph id="r10233">
<Coords points="1472,1137 1472,1154 1489,1154 1489,1137"/>
<TextEquiv>
<Unicode>α</Unicode></TextEquiv></Glyph>
<Glyph id="r10234">
<Coords points="1493,1126 1493,1154 1500,1154 1500,1126"/>
<TextEquiv>
<Unicode>ὶ</Unicode></TextEquiv></Glyph>
<TextEquiv>
<Unicode>καὶ</Unicode></TextEquiv></Word>
<Word id="r1045">
<Coords points="1547,1126 1555,1127 1574,1138 1575,1142 1574,1144 1573,1147 1571,1150 1570,1152 1569,1153 1534,1155 1532,1155 1531,1150 1526,1140 1528,1139 1532,1138"/>
<Glyph id="r10235">
<Coords points="1526,1138 1526,1154 1537,1154 1537,1138"/>
<TextEquiv>
<Unicode>τ</Unicode></TextEquiv></Glyph>
<Glyph id="r10236">
<Coords points="1543,1127 1543,1156 1557,1156 1557,1127"/>
<TextEquiv>
<Unicode>ὸ</Unicode></TextEquiv></Glyph>
<Glyph id="r10237">
<Coords points="1563,1138 1563,1155 1577,1155 1577,1138"/>
<TextEquiv>
<Unicode>ν</Unicode></TextEquiv></Glyph>
<TextEquiv>
<Unicode>τὸν</Unicode></TextEquiv></Word>
<Word id="r1046">
<Coords points="1601,1126 1699,1127 1730,1128 1746,1139 1750,1141 1748,1147 1746,1150 1745,1152 1744,1155 1601,1155"/>
<Glyph id="r10238">
<Coords points="1601,1127 1601,1154 1626,1154 1626,1127"/>
<TextEquiv>
<Unicode>Κ</Unicode></TextEquiv></Glyph>
<Glyph id="r10239">
<Coords points="1633,1137 1633,1154 1649,1154 1649,1137"/>
<TextEquiv>
<Unicode>α</Unicode></TextEquiv></Glyph>
<Glyph id="r10240">
<Coords points="1654,1137 1654,1155 1668,1155 1668,1137"/>
<TextEquiv>
<Unicode>ν</Unicode></TextEquiv></Glyph>
<Glyph id="r10241">
<Coords points="1674,1131 1674,1154 1692,1154 1692,1131"/>
<TextEquiv>
<Unicode>α</Unicode></TextEquiv></Glyph>
<Glyph id="r10242">
<Coords points="1694,1128 1694,1154 1710,1154 1710,1128"/>
<TextEquiv>
<Unicode>δ</Unicode></TextEquiv></Glyph>
<Glyph id="r10243">
<Coords points="1715,1128 1715,1154 1726,1158 1734,1154 1734,1128"/>
<TextEquiv>
<Unicode>ᾶ</Unicode></TextEquiv></Glyph>
<Glyph id="r10244">
<Coords points="1736,1139 1736,1156 1753,1156 1753,1139"/>
<TextEquiv>
<Unicode>ν</Unicode></TextEquiv></Glyph>
<TextEquiv>
<Unicode>Καναδᾶν</Unicode></TextEquiv></Word>
<Word id="r1047">
<Coords points="1783,1127 1869,1129 1875,1131 1887,1139 1895,1140 1899,1147 1900,1154 1896,1155 1885,1156 1878,1158 1874,1162 1872,1163 1852,1163 1832,1164 1824,1156 1780,1155 1779,1153 1778,1150 1774,1140 1778,1136 1781,1129"/>
<Glyph id="r10245">
<Coords points="1774,1128 1774,1155 1793,1155 1793,1128"/>
<TextEquiv>
<Unicode>ὑ</Unicode></TextEquiv></Glyph>
<Glyph id="r10246">
<Coords points="1795,1138 1795,1155 1813,1155 1813,1138"/>
<TextEquiv>
<Unicode>π</Unicode></TextEquiv></Glyph>
<Glyph id="r10247">
<Coords points="1816,1128 1816,1163 1835,1163 1835,1128"/>
<TextEquiv>
<Unicode>ῆ</Unicode></TextEquiv></Glyph>
<Glyph id="r10248">
<Coords points="1841,1138 1841,1163 1856,1163 1856,1138"/>
<TextEquiv>
<Unicode>ρ</Unicode></TextEquiv></Glyph>
<Glyph id="r10249">
<Coords points="1862,1126 1862,1162 1878,1162 1878,1126"/>
<TextEquiv>
<Unicode>ξ</Unicode></TextEquiv></Glyph>
<Glyph id="r10250">
<Coords points="1884,1140 1884,1157 1899,1157 1899,1140"/>
<TextEquiv>
<Unicode>α</Unicode></TextEquiv></Glyph>
<TextEquiv>
<Unicode>ὑπῆρξα</Unicode></TextEquiv></Word>
<Word id="r1048">
<Coords points="2055,1127 2066,1138 2157,1139 2156,1141 2155,1160 2151,1161 2116,1163 2021,1165 2013,1157 1930,1156 1928,1155 1926,1151 1926,1144 1930,1140 1940,1139 1958,1138 2044,1138"/>
<Glyph id="r10251">
<Coords points="1926,1139 1926,1158 1941,1158 1941,1139"/>
<TextEquiv>
<Unicode>σ</Unicode></TextEquiv></Glyph>
<Glyph id="r10252">
<Coords points="1944,1138 1944,1156 1963,1156 1963,1138"/>
<TextEquiv>
<Unicode>υ</Unicode></TextEquiv></Glyph>
<Glyph id="r10253">
<Coords points="1968,1139 1968,1156 1979,1156 1979,1139"/>
<TextEquiv>
<Unicode>ν</Unicode></TextEquiv></Glyph>
<Glyph id="r10254">
<Coords points="1983,1138 1983,1156 1998,1156 1998,1138"/>
<TextEquiv>
<Unicode>τ</Unicode></TextEquiv></Glyph>
<Glyph id="r10255">
<Coords points="2002,1138 2002,1156 2016,1156 2016,1138"/>
<TextEquiv>
<Unicode>ο</Unicode></TextEquiv></Glyph>
<Glyph id="r10256">
<Coords points="2021,1139 2020,1168 2039,1164 2039,1139"/>
<TextEquiv>
<Unicode>μ</Unicode></TextEquiv></Glyph>
<Glyph id="r10257">
<Coords points="2041,1128 2041,1157 2064,1157 2064,1128"/>
<TextEquiv>
<Unicode>ώ</Unicode></TextEquiv></Glyph>
<Glyph id="r10258">
<Coords points="2067,1139 2067,1157 2082,1157 2082,1139"/>
<TextEquiv>
<Unicode>τ</Unicode></TextEquiv></Glyph>
<Glyph id="r10259">
<Coords points="2086,1139 2086,1157 2098,1157 2098,1139"/>
<TextEquiv>
<Unicode>ε</Unicode></TextEquiv></Glyph>
<Glyph id="r10260">
<Coords points="2105,1139 2105,1163 2119,1163 2119,1139"/>
<TextEquiv>
<Unicode>ρ</Unicode></TextEquiv></Glyph>
<Glyph id="r10261">
<Coords points="2124,1139 2124,1156 2139,1156 2139,1139"/>
<TextEquiv>
<Unicode>ο</Unicode></TextEquiv></Glyph>
<Glyph id="r10262">
<Coords points="2144,1139 2144,1164 2157,1164 2157,1139"/>
<TextEquiv>
<Unicode>ς</Unicode></TextEquiv></Glyph>
<TextEquiv>
<Unicode>συντομώτερος</Unicode></TextEquiv></Word>
<Word id="r1049">
<Coords points="2219,1128 2221,1131 2223,1137 2225,1141 2227,1153 2228,1156 2182,1155 2180,1151 2180,1145 2181,1129 2218,1129"/>
<Glyph id="r10263">
<Coords points="2180,1129 2180,1155 2195,1155 2195,1129"/>
<TextEquiv>
<Unicode>δ</Unicode></TextEquiv></Glyph>
<Glyph id="r10264">
<Coords points="2200,1139 2200,1155 2208,1155 2208,1139"/>
<TextEquiv>
<Unicode>ι</Unicode></TextEquiv></Glyph>
<Glyph id="r10265">
<Coords points="2211,1129 2211,1155 2227,1155 2227,1129"/>
<TextEquiv>
<Unicode>ὰ</Unicode></TextEquiv></Glyph>
<TextEquiv>
<Unicode>διὰ</Unicode></TextEquiv></Word>
<TextEquiv>
<Unicode>τὴν Ἀμερικὴν καὶ τὸν Καναδᾶν ὑπῆρξα συντομώτερος διὰ</Unicode></TextEquiv></TextLine>
<TextLine id="r180">
<Coords points="1201,1171 1650,1171 1651,1172 1801,1172 1802,1173 2153,1173 2164,1184 2216,1184 2217,1185 2217,1190 2226,1199 2226,1201 2227,1202 2226,1203 2227,1210 2129,1205 2124,1210 2029,1210 2028,1209 1613,1209 1607,1203 1442,1211 1438,1203 1438,1201 1437,1200 1302,1210 1185,1200 1185,1184 1188,1184"/>
<Word id="r1050">
<Coords points="1201,1171 1221,1183 1228,1188 1226,1192 1225,1196 1223,1198 1185,1203 1185,1191 1182,1181"/>
<Glyph id="r10266">
<Coords points="1178,1183 1185,1200 1192,1200 1192,1183"/>
<TextEquiv>
<Unicode>τ</Unicode></TextEquiv></Glyph>
<Glyph id="r10267">
<Coords points="1197,1172 1197,1200 1211,1200 1211,1172"/>
<TextEquiv>
<Unicode>ὸ</Unicode></TextEquiv></Glyph>
<Glyph id="r10268">
<Coords points="1215,1183 1215,1201 1231,1201 1231,1183"/>
<TextEquiv>
<Unicode>ν</Unicode></TextEquiv></Glyph>
<TextEquiv>
<Unicode>τὸν</Unicode></TextEquiv></Word>
<Word id="r1051">
<Coords points="1282,1171 1294,1182 1321,1182 1346,1183 1346,1186 1344,1188 1343,1191 1342,1193 1340,1194 1339,1198 1303,1215 1254,1199 1254,1175 1255,1172 1280,1172"/>
<Glyph id="r10269">
<Coords points="1254,1172 1254,1200 1268,1200 1268,1172"/>
<TextEquiv>
<Unicode>λ</Unicode></TextEquiv></Glyph>
<Glyph id="r10270">
<Coords points="1272,1172 1272,1200 1288,1200 1288,1172"/>
<TextEquiv>
<Unicode>ό</Unicode></TextEquiv></Glyph>
<Glyph id="r10271">
<Coords points="1291,1183 1291,1209 1308,1209 1308,1183"/>
<TextEquiv>
<Unicode>γ</Unicode></TextEquiv></Glyph>
<Glyph id="r10272">
<Coords points="1313,1182 1313,1200 1327,1200 1327,1182"/>
<TextEquiv>
<Unicode>ο</Unicode></TextEquiv></Glyph>
<Glyph id="r10273">
<Coords points="1332,1183 1332,1200 1348,1200 1348,1183"/>
<TextEquiv>
<Unicode>ν</Unicode></TextEquiv></Glyph>
<TextEquiv>
<Unicode>λόγον</Unicode></TextEquiv></Word>
<Word id="r1052">
<Coords points="1385,1171 1403,1182 1418,1179 1412,1191 1414,1194 1415,1197 1415,1199 1371,1204 1372,1197 1371,1187 1373,1185 1375,1173 1384,1172"/>
<Glyph id="r10274">
<Coords points="1371,1172 1371,1200 1386,1200 1386,1172"/>
<TextEquiv>
<Unicode>ὅ</Unicode></TextEquiv></Glyph>
<Glyph id="r10275">
<Coords points="1391,1182 1391,1200 1404,1200 1404,1182"/>
<TextEquiv>
<Unicode>τ</Unicode></TextEquiv></Glyph>
<Glyph id="r10276">
<Coords points="1409,1182 1409,1201 1419,1201 1419,1182"/>
<TextEquiv>
<Unicode>ι</Unicode></TextEquiv></Glyph>
<TextEquiv>
<Unicode>ὅτι</Unicode></TextEquiv></Word>
<Word id="r1053">
<Coords points="1491,1173 1497,1187 1497,1189 1496,1193 1494,1198 1437,1215 1441,1183 1469,1182 1476,1179 1480,1175 1484,1175"/>
<Glyph id="r10277">
<Coords points="1441,1183 1441,1210 1458,1210 1458,1183"/>
<TextEquiv>
<Unicode>μ</Unicode></TextEquiv></Glyph>
<Glyph id="r10278">
<Coords points="1462,1182 1462,1200 1476,1200 1476,1182"/>
<TextEquiv>
<Unicode>ο</Unicode></TextEquiv></Glyph>
<Glyph id="r10279">
<Coords points="1479,1173 1479,1201 1499,1201 1499,1173"/>
<TextEquiv>
<Unicode>ῦ</Unicode></TextEquiv></Glyph>
<TextEquiv>
<Unicode>μοῦ</Unicode></TextEquiv></Word>
<Word id="r1054">
<Coords points="1566,1171 1568,1172 1587,1172 1600,1183 1608,1184 1613,1185 1614,1200 1614,1202 1613,1208 1606,1201 1522,1199 1520,1197 1519,1175 1521,1173 1565,1172"/>
<Glyph id="r10280">
<Coords points="1519,1173 1519,1201 1535,1201 1535,1173"/>
<TextEquiv>
<Unicode>ἐ</Unicode></TextEquiv></Glyph>
<Glyph id="r10281">
<Coords points="1537,1173 1537,1199 1552,1199 1552,1173"/>
<TextEquiv>
<Unicode>δ</Unicode></TextEquiv></Glyph>
<Glyph id="r10282">
<Coords points="1556,1172 1556,1200 1571,1200 1571,1172"/>
<TextEquiv>
<Unicode>ό</Unicode></TextEquiv></Glyph>
<Glyph id="r10283">
<Coords points="1573,1172 1573,1200 1594,1200 1594,1172"/>
<TextEquiv>
<Unicode>θ</Unicode></TextEquiv></Glyph>
<Glyph id="r10284">
<Coords points="1601,1184 1601,1211 1616,1211 1616,1184"/>
<TextEquiv>
<Unicode>η</Unicode></TextEquiv></Glyph>
<TextEquiv>
<Unicode>ἐδόθη</Unicode></TextEquiv></Word>
<Word id="r1055">
<Coords points="1649,1171 1652,1176 1656,1185 1657,1189 1658,1192 1657,1208 1646,1200 1641,1191 1639,1185 1643,1181 1646,1174"/>
<Glyph id="r10285">
<Coords points="1639,1172 1639,1209 1658,1209 1658,1172"/>
<TextEquiv>
<Unicode>ἡ</Unicode></TextEquiv></Glyph>
<TextEquiv>
<Unicode>ἡ</Unicode></TextEquiv></Word>
<Word id="r1056">
<Coords points="1707,1172 1800,1172 1813,1183 1820,1184 1824,1196 1826,1198 1825,1200 1801,1200 1790,1204 1776,1204 1686,1200 1686,1184 1696,1183"/>
<Glyph id="r10286">
<Coords points="1683,1182 1685,1206 1696,1200 1696,1184"/>
<TextEquiv>
<Unicode>ε</Unicode></TextEquiv></Glyph>
<Glyph id="r10287">
<Coords points="1700,1172 1700,1201 1716,1201 1716,1172"/>
<TextEquiv>
<Unicode>ὐ</Unicode></TextEquiv></Glyph>
<Glyph id="r10288">
<Coords points="1718,1183 1718,1200 1738,1200 1738,1183"/>
<TextEquiv>
<Unicode>κ</Unicode></TextEquiv></Glyph>
<Glyph id="r10289">
<Coords points="1741,1183 1741,1200 1758,1200 1758,1183"/>
<TextEquiv>
<Unicode>α</Unicode></TextEquiv></Glyph>
<Glyph id="r10290">
<Coords points="1763,1183 1763,1200 1770,1200 1770,1183"/>
<TextEquiv>
<Unicode>ι</Unicode></TextEquiv></Glyph>
<Glyph id="r10291">
<Coords points="1776,1183 1776,1210 1793,1210 1793,1183"/>
<TextEquiv>
<Unicode>ρ</Unicode></TextEquiv></Glyph>
<Glyph id="r10292">
<Coords points="1797,1173 1797,1200 1801,1200 1801,1173"/>
<TextEquiv>
<Unicode>ί</Unicode></TextEquiv></Glyph>
<Glyph id="r10293">
<Coords points="1806,1183 1806,1201 1829,1201 1829,1183"/>
<TextEquiv>
<Unicode>α</Unicode></TextEquiv></Glyph>
<TextEquiv>
<Unicode>εὐκαιρία</Unicode></TextEquiv></Word>
<Word id="r1057">
<Coords points="1871,1173 1890,1183 1908,1185 1908,1198 1907,1200 1906,1201 1854,1201 1852,1200 1851,1197 1852,1186 1862,1175 1864,1174"/>
<Glyph id="r10294">
<Coords points="1851,1183 1851,1203 1865,1203 1865,1183"/>
<TextEquiv>
<Unicode>ε</Unicode></TextEquiv></Glyph>
<Glyph id="r10295">
<Coords points="1867,1174 1867,1200 1878,1200 1878,1174"/>
<TextEquiv>
<Unicode>ἴ</Unicode></TextEquiv></Glyph>
<Glyph id="r10296">
<Coords points="1880,1184 1880,1200 1894,1200 1894,1184"/>
<TextEquiv>
<Unicode>τ</Unicode></TextEquiv></Glyph>
<Glyph id="r10297">
<Coords points="1898,1185 1898,1201 1908,1201 1908,1185"/>
<TextEquiv>
<Unicode>ε</Unicode></TextEquiv></Glyph>
<TextEquiv>
<Unicode>εἴτε</Unicode></TextEquiv></Word>
<Word id="r1058">
<Coords points="1943,1173 1984,1173 1985,1175 1986,1179 1987,1184 1991,1186 1992,1188 1992,1196 1990,1199 1973,1201 1958,1201 1938,1200 1936,1197 1936,1188 1937,1186 1939,1175"/>
<Glyph id="r10298">
<Coords points="1936,1173 1936,1200 1953,1200 1953,1173"/>
<TextEquiv>
<Unicode>ἀ</Unicode></TextEquiv></Glyph>
<Glyph id="r10299">
<Coords points="1957,1184 1957,1200 1975,1200 1975,1184"/>
<TextEquiv>
<Unicode>π</Unicode></TextEquiv></Glyph>
<Glyph id="r10300">
<Coords points="1979,1173 1979,1202 1993,1202 1993,1173"/>
<TextEquiv>
<Unicode>ὸ</Unicode></TextEquiv></Glyph>
<TextEquiv>
<Unicode>ἀπὸ</Unicode></TextEquiv></Word>
<Word id="r1059">
<Coords points="2064,1173 2152,1173 2163,1184 2215,1184 2216,1190 2225,1200 2226,1203 2225,1207 2027,1208 2022,1206 2020,1202 2020,1191 2022,1185 2024,1184 2053,1184"/>
<Glyph id="r10301">
<Coords points="2020,1184 2020,1210 2034,1210 2034,1184"/>
<TextEquiv>
<Unicode>ρ</Unicode></TextEquiv></Glyph>
<Glyph id="r10302">
<Coords points="2041,1184 2041,1201 2059,1201 2059,1184"/>
<TextEquiv>
<Unicode>α</Unicode></TextEquiv></Glyph>
<Glyph id="r10303">
<Coords points="2061,1173 2061,1201 2076,1201 2076,1173"/>
<TextEquiv>
<Unicode>δ</Unicode></TextEquiv></Glyph>
<Glyph id="r10304">
<Coords points="2082,1184 2082,1201 2089,1201 2089,1184"/>
<TextEquiv>
<Unicode>ι</Unicode></TextEquiv></Glyph>
<Glyph id="r10305">
<Coords points="2093,1184 2093,1202 2107,1202 2107,1184"/>
<TextEquiv>
<Unicode>ο</Unicode></TextEquiv></Glyph>
<Glyph id="r10306">
<Coords points="2112,1184 2112,1207 2134,1207 2134,1184"/>
<TextEquiv>
<Unicode>φ</Unicode></TextEquiv></Glyph>
<Glyph id="r10307">
<Coords points="2138,1174 2138,1202 2161,1202 2161,1174"/>
<TextEquiv>
<Unicode>ώ</Unicode></TextEquiv></Glyph>
<Glyph id="r10308">
<Coords points="2165,1184 2165,1201 2180,1201 2180,1184"/>
<TextEquiv>
<Unicode>ν</Unicode></TextEquiv></Glyph>
<Glyph id="r10309">
<Coords points="2184,1184 2184,1202 2198,1202 2198,1184"/>
<TextEquiv>
<Unicode>ο</Unicode></TextEquiv></Glyph>
<Glyph id="r10310">
<Coords points="2200,1184 2200,1202 2217,1202 2217,1184"/>
<TextEquiv>
<Unicode>υ</Unicode></TextEquiv></Glyph>
<Glyph id="r4785">
<Coords points="2224,1199 2224,1211 2231,1212 2227,1199"/>
<TextEquiv>
<Unicode>,</Unicode></TextEquiv></Glyph>
<TextEquiv>
<Unicode>ραδιοφώνου,</Unicode></TextEquiv></Word>
<TextEquiv>
<Unicode>τὸν λόγον ὅτι μοῦ ἐδόθη ἡ εὐκαιρία εἴτε ἀπὸ ραδιοφώνου,</Unicode></TextEquiv></TextLine>
<TextLine id="r181">
<Coords points="1203,1216 1786,1216 1786,1217 1787,1217 1787,1218 2055,1218 2055,1219 2056,1219 2056,1220 2057,1220 2057,1221 2058,1221 2058,1222 2059,1222 2059,1223 2060,1223 2060,1224 2061,1224 2061,1225 2062,1225 2062,1226 2063,1226 2063,1227 2064,1227 2064,1228 2065,1228 2065,1229 2211,1229 2211,1230 2214,1230 2214,1231 2215,1231 2215,1232 2216,1232 2216,1235 2232,1235 2232,1243 2217,1243 2217,1244 2216,1244 2216,1245 2215,1245 2215,1246 2213,1246 2213,1247 2196,1247 2196,1256 2196,1255 2192,1255 2192,1254 1614,1254 1614,1253 1611,1253 1611,1252 1294,1252 1294,1251 1293,1251 1293,1250 1292,1250 1292,1249 1291,1249 1291,1248 1290,1248 1290,1247 1289,1247 1289,1246 1182,1246 1182,1245 1179,1245 1179,1231 1180,1231 1180,1229 1182,1229 1182,1228 1183,1228 1183,1227 1184,1227 1184,1226 1185,1226 1185,1225 1186,1225 1186,1224 1187,1224 1187,1223 1188,1223 1188,1222 1189,1222 1189,1221 1190,1221 1190,1220 1191,1220 1191,1219 1194,1219 1194,1218 1195,1218 1195,1217 1203,1217"/>
<Word id="r1060">
<Coords points="1203,1216 1215,1227 1231,1227 1234,1228 1235,1240 1235,1244 1181,1244 1180,1238 1179,1230 1180,1229 1192,1219 1198,1217"/>
<Glyph id="r10312">
<Coords points="1179,1227 1179,1247 1190,1247 1190,1227"/>
<TextEquiv>
<Unicode>ε</Unicode></TextEquiv></Glyph>
<Glyph id="r10313">
<Coords points="1194,1217 1194,1246 1205,1246 1205,1217"/>
<TextEquiv>
<Unicode>ἴ</Unicode></TextEquiv></Glyph>
<Glyph id="r10314">
<Coords points="1207,1227 1207,1243 1221,1243 1221,1227"/>
<TextEquiv>
<Unicode>τ</Unicode></TextEquiv></Glyph>
<Glyph id="r10315">
<Coords points="1226,1227 1226,1247 1237,1247 1237,1227"/>
<TextEquiv>
<Unicode>ε</Unicode></TextEquiv></Glyph>
<TextEquiv>
<Unicode>εἴτε</Unicode></TextEquiv></Word>
<Word id="r1061">
<Coords points="1280,1217 1297,1227 1302,1247 1301,1249 1299,1250 1291,1248 1265,1244 1264,1236 1266,1228"/>
<Glyph id="r10316">
<Coords points="1264,1227 1264,1245 1274,1245 1274,1227"/>
<TextEquiv>
<Unicode>ε</Unicode></TextEquiv></Glyph>
<Glyph id="r10317">
<Coords points="1279,1218 1279,1245 1287,1245 1287,1218"/>
<TextEquiv>
<Unicode>ἰ</Unicode></TextEquiv></Glyph>
<Glyph id="r10318">
<Coords points="1291,1228 1291,1254 1303,1254 1303,1228"/>
<TextEquiv>
<Unicode>ς</Unicode></TextEquiv></Glyph>
<TextEquiv>
<Unicode>εἰς</Unicode></TextEquiv></Word>
<Word id="r1062">
<Coords points="1476,1216 1488,1227 1520,1227 1552,1228 1551,1248 1550,1250 1546,1251 1537,1245 1334,1244 1332,1241 1331,1236 1332,1232 1339,1220 1475,1217"/>
<Glyph id="r10319">
<Coords points="1331,1216 1331,1244 1348,1244 1348,1216"/>
<TextEquiv>
<Unicode>ἀ</Unicode></TextEquiv></Glyph>
<Glyph id="r10320">
<Coords points="1351,1228 1351,1244 1367,1244 1367,1228"/>
<TextEquiv>
<Unicode>ν</Unicode></TextEquiv></Glyph>
<Glyph id="r10321">
<Coords points="1371,1227 1371,1244 1389,1244 1389,1227"/>
<TextEquiv>
<Unicode>α</Unicode></TextEquiv></Glyph>
<Glyph id="r10322">
<Coords points="1392,1228 1392,1244 1411,1244 1411,1228"/>
<TextEquiv>
<Unicode>κ</Unicode></TextEquiv></Glyph>
<Glyph id="r10323">
<Coords points="1413,1227 1413,1244 1428,1244 1428,1227"/>
<TextEquiv>
<Unicode>ο</Unicode></TextEquiv></Glyph>
<Glyph id="r10324">
<Coords points="1433,1228 1433,1244 1440,1244 1440,1228"/>
<TextEquiv>
<Unicode>ι</Unicode></TextEquiv></Glyph>
<Glyph id="r10325">
<Coords points="1444,1228 1444,1244 1461,1244 1461,1228"/>
<TextEquiv>
<Unicode>ν</Unicode></TextEquiv></Glyph>
<Glyph id="r10326">
<Coords points="1463,1217 1463,1244 1488,1244 1488,1217"/>
<TextEquiv>
<Unicode>ώ</Unicode></TextEquiv></Glyph>
<Glyph id="r10327">
<Coords points="1492,1227 1492,1244 1507,1244 1507,1227"/>
<TextEquiv>
<Unicode>σ</Unicode></TextEquiv></Glyph>
<Glyph id="r10328">
<Coords points="1511,1227 1511,1244 1523,1244 1523,1227"/>
<TextEquiv>
<Unicode>ε</Unicode></TextEquiv></Glyph>
<Glyph id="r10329">
<Coords points="1529,1228 1529,1244 1536,1244 1536,1228"/>
<TextEquiv>
<Unicode>ι</Unicode></TextEquiv></Glyph>
<Glyph id="r10330">
<Coords points="1538,1228 1538,1254 1552,1254 1552,1228"/>
<TextEquiv>
<Unicode>ς</Unicode></TextEquiv></Glyph>
<TextEquiv>
<Unicode>ἀνακοινώσεις</Unicode></TextEquiv></Word>
<Word id="r1063">
<Coords points="1628,1216 1640,1227 1656,1228 1655,1230 1654,1247 1653,1249 1649,1251 1615,1252 1613,1252 1607,1250 1604,1248 1580,1245 1579,1238 1582,1230 1584,1229 1607,1228 1609,1227 1617,1227"/>
<Glyph id="r10331">
<Coords points="1579,1229 1579,1246 1598,1246 1598,1229"/>
<TextEquiv>
<Unicode>π</Unicode></TextEquiv></Glyph>
<Glyph id="r10332">
<Coords points="1604,1227 1604,1255 1619,1255 1619,1227"/>
<TextEquiv>
<Unicode>ρ</Unicode></TextEquiv></Glyph>
<Glyph id="r10333">
<Coords points="1624,1217 1624,1245 1638,1245 1638,1217"/>
<TextEquiv>
<Unicode>ὸ</Unicode></TextEquiv></Glyph>
<Glyph id="r10334">
<Coords points="1643,1228 1643,1253 1656,1253 1656,1228"/>
<TextEquiv>
<Unicode>ς</Unicode></TextEquiv></Glyph>
<TextEquiv>
<Unicode>πρὸς</Unicode></TextEquiv></Word>
<Word id="r1064">
<Coords points="1705,1216 1718,1229 1734,1229 1735,1231 1732,1232 1731,1235 1729,1239 1728,1242 1726,1245 1704,1245 1688,1244 1685,1243 1682,1231 1682,1229 1684,1228 1693,1228"/>
<Glyph id="r10335">
<Coords points="1682,1227 1682,1244 1697,1244 1697,1227"/>
<TextEquiv>
<Unicode>τ</Unicode></TextEquiv></Glyph>
<Glyph id="r10336">
<Coords points="1701,1217 1701,1244 1715,1244 1715,1217"/>
<TextEquiv>
<Unicode>ὸ</Unicode></TextEquiv></Glyph>
<Glyph id="r10337">
<Coords points="1719,1229 1719,1247 1735,1247 1735,1229"/>
<TextEquiv>
<Unicode>ν</Unicode></TextEquiv></Glyph>
<TextEquiv>
<Unicode>τὸν</Unicode></TextEquiv></Word>
<Word id="r1065">
<Coords points="1785,1217 1797,1228 1838,1228 1849,1231 1847,1237 1845,1241 1834,1245 1826,1246 1782,1245 1762,1244 1759,1235 1757,1230 1758,1229 1769,1228 1774,1228"/>
<Glyph id="r10338">
<Coords points="1757,1228 1757,1244 1771,1244 1771,1228"/>
<TextEquiv>
<Unicode>τ</Unicode></TextEquiv></Glyph>
<Glyph id="r10339">
<Coords points="1776,1218 1776,1245 1793,1245 1793,1218"/>
<TextEquiv>
<Unicode>ύ</Unicode></TextEquiv></Glyph>
<Glyph id="r10340">
<Coords points="1795,1228 1795,1245 1813,1245 1813,1228"/>
<TextEquiv>
<Unicode>π</Unicode></TextEquiv></Glyph>
<Glyph id="r10341">
<Coords points="1817,1228 1817,1245 1831,1245 1831,1228"/>
<TextEquiv>
<Unicode>ο</Unicode></TextEquiv></Glyph>
<Glyph id="r10342">
<Coords points="1835,1229 1835,1245 1851,1245 1851,1229"/>
<TextEquiv>
<Unicode>ν</Unicode></TextEquiv></Glyph>
<TextEquiv>
<Unicode>τύπον</Unicode></TextEquiv></Word>
<Word id="r1066">
<Coords points="1902,1218 1903,1219 1904,1222 1905,1224 1908,1228 1910,1241 1913,1243 1911,1246 1883,1247 1881,1244 1880,1242 1877,1235 1876,1231 1890,1230"/>
<Glyph id="r10343">
<Coords points="1876,1230 1876,1246 1890,1246 1890,1230"/>
<TextEquiv>
<Unicode>ν</Unicode></TextEquiv></Glyph>
<Glyph id="r10344">
<Coords points="1895,1219 1895,1246 1912,1246 1912,1219"/>
<TextEquiv>
<Unicode>ὰ</Unicode></TextEquiv></Glyph>
<TextEquiv>
<Unicode>νὰ</Unicode></TextEquiv></Word>
<Word id="r1067">
<Coords points="1943,1218 1973,1218 1984,1229 2021,1229 2024,1231 2026,1239 2026,1242 2021,1247 1943,1246 1941,1245 1939,1242 1937,1226 1938,1225 1939,1219 1942,1219"/>
<Glyph id="r10345">
<Coords points="1937,1218 1937,1246 1953,1246 1953,1218"/>
<TextEquiv>
<Unicode>δ</Unicode></TextEquiv></Glyph>
<Glyph id="r10346">
<Coords points="1958,1218 1958,1248 1980,1248 1980,1218"/>
<TextEquiv>
<Unicode>ώ</Unicode></TextEquiv></Glyph>
<Glyph id="r10347">
<Coords points="1986,1229 1986,1246 2001,1246 2001,1229"/>
<TextEquiv>
<Unicode>σ</Unicode></TextEquiv></Glyph>
<Glyph id="r10348">
<Coords points="2005,1229 2005,1247 2027,1247 2027,1229"/>
<TextEquiv>
<Unicode>ω</Unicode></TextEquiv></Glyph>
<TextEquiv>
<Unicode>δώσω</Unicode></TextEquiv></Word>
<Word id="r1068">
<Coords points="2054,1219 2065,1229 2210,1229 2213,1230 2225,1238 2228,1239 2210,1239 2206,1246 2195,1253 2191,1253 2143,1250 2051,1246 2052,1220"/>
<Glyph id="r10349">
<Coords points="2052,1220 2052,1246 2066,1246 2066,1220"/>
<TextEquiv>
<Unicode>λ</Unicode></TextEquiv></Glyph>
<Glyph id="r10350">
<Coords points="2070,1229 2070,1247 2081,1247 2081,1229"/>
<TextEquiv>
<Unicode>ε</Unicode></TextEquiv></Glyph>
<Glyph id="r10351">
<Coords points="2086,1230 2086,1247 2105,1247 2105,1230"/>
<TextEquiv>
<Unicode>π</Unicode></TextEquiv></Glyph>
<Glyph id="r10352">
<Coords points="2109,1229 2109,1247 2123,1247 2123,1229"/>
<TextEquiv>
<Unicode>τ</Unicode></TextEquiv></Glyph>
<Glyph id="r10353">
<Coords points="2125,1230 2125,1247 2140,1247 2140,1230"/>
<TextEquiv>
<Unicode>ο</Unicode></TextEquiv></Glyph>
<Glyph id="r10355">
<Coords points="2145,1230 2145,1258 2162,1258 2162,1230"/>
<TextEquiv>
<Unicode>μ</Unicode></TextEquiv></Glyph>
<Glyph id="r10356">
<Coords points="2185,1229 2185,1258 2200,1258 2200,1229"/>
<TextEquiv>
<Unicode>ρ</Unicode></TextEquiv></Glyph>
<Glyph id="r10357">
<Coords points="2205,1229 2205,1248 2218,1248 2218,1229"/>
<TextEquiv>
<Unicode>ε</Unicode></TextEquiv></Glyph>
<Glyph id="r10358">
<Coords points="2166,1229 2166,1247 2178,1247 2178,1229"/>
<TextEquiv>
<Unicode>ε</Unicode></TextEquiv></Glyph>
<Glyph id="r4786">
<Coords points="2221,1238 2220,1242 2229,1246 2232,1233"/>
<TextEquiv>
<Unicode>-</Unicode></TextEquiv></Glyph>
<TextEquiv>
<Unicode>λεπτομερε-</Unicode></TextEquiv></Word>
<TextEquiv>
<Unicode>εἴτε εἰς ἀνακοινώσεις πρὸς τὸν τύπον νὰ δώσω λεπτομερε-</Unicode></TextEquiv></TextLine>
<TextLine id="r182">
<Coords points="1233,1261 1548,1261 1549,1262 1974,1262 1975,1263 2174,1263 2185,1274 2196,1274 2197,1275 2203,1275 2205,1277 2207,1277 2207,1281 2208,1282 2229,1282 2229,1283 2228,1284 2215,1284 2214,1285 2214,1291 2213,1292 2036,1292 2035,1293 2035,1295 2033,1297 2032,1297 2031,1298 2030,1298 2029,1299 1994,1299 1992,1301 1874,1301 1873,1300 1376,1300 1375,1299 1374,1299 1372,1297 1281,1297 1275,1291 1185,1291 1183,1289 1182,1289 1182,1284 1181,1283 1182,1282 1182,1277 1183,1276 1183,1275 1184,1275 1185,1274 1195,1274 1197,1272 1221,1272 1231,1262 1232,1262"/>
<Word id="r1069">
<Coords points="1233,1261 1243,1271 1275,1271 1291,1272 1290,1274 1289,1293 1287,1295 1278,1293 1183,1289 1181,1283 1183,1275 1184,1274 1196,1273 1221,1272 1231,1262"/>
<Glyph id="r10359">
<Coords points="1181,1273 1181,1289 1189,1294 1197,1289 1197,1273"/>
<TextEquiv>
<Unicode>σ</Unicode></TextEquiv></Glyph>
<Glyph id="r10360">
<Coords points="1200,1273 1200,1290 1214,1290 1214,1273"/>
<TextEquiv>
<Unicode>τ</Unicode></TextEquiv></Glyph>
<Glyph id="r10361">
<Coords points="1218,1262 1218,1290 1237,1290 1237,1262"/>
<TextEquiv>
<Unicode>ά</Unicode></TextEquiv></Glyph>
<Glyph id="r10362">
<Coords points="1240,1273 1240,1291 1252,1291 1252,1273"/>
<TextEquiv>
<Unicode>τ</Unicode></TextEquiv></Glyph>
<Glyph id="r10363">
<Coords points="1258,1273 1258,1290 1272,1290 1272,1273"/>
<TextEquiv>
<Unicode>α</Unicode></TextEquiv></Glyph>
<Glyph id="r10364">
<Coords points="1275,1272 1275,1298 1292,1298 1292,1272"/>
<TextEquiv>
<Unicode>ς</Unicode></TextEquiv></Glyph>
<TextEquiv>
<Unicode>στάτας</Unicode></TextEquiv></Word>
<Word id="r1070">
<Coords points="1325,1261 1415,1261 1426,1272 1488,1272 1511,1293 1486,1293 1485,1294 1483,1295 1480,1296 1450,1298 1373,1297 1340,1293 1322,1289 1322,1281 1324,1267"/>
<Glyph id="r10365">
<Coords points="1322,1261 1322,1290 1333,1290 1333,1261"/>
<TextEquiv>
<Unicode>ἐ</Unicode></TextEquiv></Glyph>
<Glyph id="r10366">
<Coords points="1338,1261 1338,1299 1354,1299 1354,1261"/>
<TextEquiv>
<Unicode>ξ</Unicode></TextEquiv></Glyph>
<Glyph id="r10367">
<Coords points="1359,1273 1359,1297 1377,1297 1377,1273"/>
<TextEquiv>
<Unicode>η</Unicode></TextEquiv></Glyph>
<Glyph id="r10369">
<Coords points="1381,1273 1381,1297 1399,1297 1399,1273"/>
<TextEquiv>
<Unicode>γ</Unicode></TextEquiv></Glyph>
<Glyph id="r10370">
<Coords points="1403,1261 1403,1297 1420,1297 1420,1261"/>
<TextEquiv>
<Unicode>ή</Unicode></TextEquiv></Glyph>
<Glyph id="r10371">
<Coords points="1426,1273 1426,1291 1442,1291 1442,1273"/>
<TextEquiv>
<Unicode>σ</Unicode></TextEquiv></Glyph>
<Glyph id="r10372">
<Coords points="1447,1272 1447,1291 1458,1291 1458,1272"/>
<TextEquiv>
<Unicode>ε</Unicode></TextEquiv></Glyph>
<Glyph id="r10373">
<Coords points="1464,1273 1464,1290 1471,1290 1471,1273"/>
<TextEquiv>
<Unicode>ι</Unicode></TextEquiv></Glyph>
<Glyph id="r4787">
<Coords points="1475,1272 1475,1298 1488,1298 1488,1272"/>
<TextEquiv>
<Unicode>ς</Unicode></TextEquiv></Glyph>
<Glyph id="r4788">
<Coords points="1495,1287 1495,1291 1498,1291 1498,1287"/>
<TextEquiv>
<Unicode>.</Unicode></TextEquiv></Glyph>
<TextEquiv>
<Unicode>ἐξηγήσεις.</Unicode></TextEquiv></Word>
<Word id="r1071">
<Coords points="1538,1261 1550,1262 1555,1263 1654,1263 1670,1272 1677,1274 1675,1295 1672,1297 1663,1294 1616,1290 1530,1290 1530,1264"/>
<Glyph id="r10375">
<Coords points="1530,1262 1530,1289 1555,1289 1555,1262"/>
<TextEquiv>
<Unicode>Σ</Unicode></TextEquiv></Glyph>
<Glyph id="r10376">
<Coords points="1559,1272 1559,1289 1578,1289 1578,1272"/>
<TextEquiv>
<Unicode>υ</Unicode></TextEquiv></Glyph>
<Glyph id="r10377">
<Coords points="1581,1272 1581,1289 1595,1289 1595,1272"/>
<TextEquiv>
<Unicode>ν</Unicode></TextEquiv></Glyph>
<Glyph id="r10378">
<Coords points="1600,1272 1600,1289 1611,1289 1611,1272"/>
<TextEquiv>
<Unicode>ε</Unicode></TextEquiv></Glyph>
<Glyph id="r10379">
<Coords points="1616,1273 1616,1291 1634,1291 1634,1273"/>
<TextEquiv>
<Unicode>π</Unicode></TextEquiv></Glyph>
<Glyph id="r10380">
<Coords points="1637,1263 1637,1290 1660,1290 1660,1263"/>
<TextEquiv>
<Unicode>ῶ</Unicode></TextEquiv></Glyph>
<Glyph id="r10381">
<Coords points="1665,1274 1665,1298 1678,1298 1678,1274"/>
<TextEquiv>
<Unicode>ς</Unicode></TextEquiv></Glyph>
<TextEquiv>
<Unicode>Συνεπῶς</Unicode></TextEquiv></Word>
<Word id="r1072">
<Coords points="1730,1262 1750,1274 1757,1276 1754,1285 1752,1287 1751,1289 1751,1291 1713,1290 1711,1289 1710,1288 1709,1286 1708,1282 1710,1263 1729,1263"/>
<Glyph id="r10382">
<Coords points="1708,1263 1708,1290 1723,1290 1723,1263"/>
<TextEquiv>
<Unicode>δ</Unicode></TextEquiv></Glyph>
<Glyph id="r10383">
<Coords points="1727,1263 1727,1290 1739,1290 1739,1263"/>
<TextEquiv>
<Unicode>ὲ</Unicode></TextEquiv></Glyph>
<Glyph id="r10384">
<Coords points="1744,1274 1744,1291 1759,1291 1759,1274"/>
<TextEquiv>
<Unicode>ν</Unicode></TextEquiv></Glyph>
<TextEquiv>
<Unicode>δὲν</Unicode></TextEquiv></Word>
<Word id="r1073">
<Coords points="1795,1262 1845,1262 1859,1273 1864,1274 1912,1274 1913,1277 1914,1290 1908,1291 1895,1292 1889,1296 1872,1299 1859,1298 1857,1297 1853,1294 1793,1290 1791,1286 1789,1279 1787,1266 1790,1265"/>
<Glyph id="r10385">
<Coords points="1787,1262 1787,1290 1806,1290 1806,1262"/>
<TextEquiv>
<Unicode>ὑ</Unicode></TextEquiv></Glyph>
<Glyph id="r10386">
<Coords points="1808,1274 1808,1291 1826,1291 1826,1274"/>
<TextEquiv>
<Unicode>π</Unicode></TextEquiv></Glyph>
<Glyph id="r10387">
<Coords points="1830,1262 1830,1291 1849,1291 1849,1262"/>
<TextEquiv>
<Unicode>ά</Unicode></TextEquiv></Glyph>
<Glyph id="r10388">
<Coords points="1853,1274 1853,1298 1869,1298 1869,1274"/>
<TextEquiv>
<Unicode>ρ</Unicode></TextEquiv></Glyph>
<Glyph id="r10389">
<Coords points="1874,1274 1872,1302 1890,1302 1888,1274"/>
<TextEquiv>
<Unicode>χ</Unicode></TextEquiv></Glyph>
<Glyph id="r10390">
<Coords points="1894,1274 1894,1291 1905,1291 1905,1274"/>
<TextEquiv>
<Unicode>ε</Unicode></TextEquiv></Glyph>
<Glyph id="r10391">
<Coords points="1912,1273 1912,1291 1917,1291 1917,1273"/>
<TextEquiv>
<Unicode>ι</Unicode></TextEquiv></Glyph>
<TextEquiv>
<Unicode>ὑπάρχει</Unicode></TextEquiv></Word>
<Word id="r1074">
<Coords points="1949,1263 1975,1263 1986,1274 2036,1274 2035,1276 2033,1292 2031,1295 2029,1297 1993,1299 1976,1292 1968,1291 1946,1291 1946,1266 1947,1264"/>
<Glyph id="r10392">
<Coords points="1946,1263 1946,1290 1961,1290 1961,1263"/>
<TextEquiv>
<Unicode>λ</Unicode></TextEquiv></Glyph>
<Glyph id="r10393">
<Coords points="1964,1263 1964,1291 1980,1291 1980,1263"/>
<TextEquiv>
<Unicode>ό</Unicode></TextEquiv></Glyph>
<Glyph id="r10394">
<Coords points="1984,1274 1984,1298 2001,1298 2001,1274"/>
<TextEquiv>
<Unicode>γ</Unicode></TextEquiv></Glyph>
<Glyph id="r10395">
<Coords points="2006,1274 2006,1292 2019,1292 2019,1274"/>
<TextEquiv>
<Unicode>ο</Unicode></TextEquiv></Glyph>
<Glyph id="r10396">
<Coords points="2024,1275 2024,1299 2037,1299 2037,1275"/>
<TextEquiv>
<Unicode>ς</Unicode></TextEquiv></Glyph>
<TextEquiv>
<Unicode>λόγος</Unicode></TextEquiv></Word>
<Word id="r1075">
<Coords points="2093,1263 2095,1265 2096,1268 2097,1270 2101,1275 2102,1282 2104,1290 2102,1291 2073,1290 2071,1286 2065,1278 2066,1276 2074,1275"/>
<Glyph id="r10397">
<Coords points="2065,1275 2065,1290 2081,1290 2081,1275"/>
<TextEquiv>
<Unicode>ν</Unicode></TextEquiv></Glyph>
<Glyph id="r10398">
<Coords points="2086,1261 2086,1292 2105,1292 2105,1261"/>
<TextEquiv>
<Unicode>ὰ</Unicode></TextEquiv></Glyph>
<TextEquiv>
<Unicode>νὰ</Unicode></TextEquiv></Word>
<Word id="r1076">
<Coords points="2172,1263 2189,1274 2219,1274 2225,1277 2231,1281 2233,1290 2136,1290 2133,1281 2131,1276 2138,1275 2150,1274 2166,1267"/>
<Glyph id="r10399">
<Coords points="2131,1275 2131,1293 2144,1293 2144,1275"/>
<TextEquiv>
<Unicode>τ</Unicode></TextEquiv></Glyph>
<Glyph id="r10400">
<Coords points="2150,1274 2150,1289 2166,1289 2166,1274"/>
<TextEquiv>
<Unicode>α</Unicode></TextEquiv></Glyph>
<Glyph id="r10401">
<Coords points="2170,1264 2170,1293 2184,1293 2184,1264"/>
<TextEquiv>
<Unicode>λ</Unicode></TextEquiv></Glyph>
<Glyph id="r10402">
<Coords points="2189,1274 2189,1292 2205,1292 2205,1274"/>
<TextEquiv>
<Unicode>α</Unicode></TextEquiv></Glyph>
<Glyph id="r10403">
<Coords points="2209,1275 2209,1292 2215,1292 2215,1275"/>
<TextEquiv>
<Unicode>ι</Unicode></TextEquiv></Glyph>
<Glyph id="r10404">
<Coords points="2221,1282 2221,1284 2229,1284 2229,1282"/>
<TextEquiv>
<Unicode>-</Unicode></TextEquiv></Glyph>
<TextEquiv>
<Unicode>ταλαι-</Unicode></TextEquiv></Word>
<TextEquiv>
<Unicode>στάτας ἐξηγήσεις. Συνεπῶς δὲν ὑπάρχει λόγος νὰ ταλαι-</Unicode></TextEquiv></TextLine>
<TextLine id="r183">
<Coords points="1413,1307 1768,1307 1769,1308 2101,1308 2102,1309 2220,1309 2221,1310 2221,1312 2222,1313 2222,1315 2223,1316 2223,1320 2224,1321 2227,1321 2228,1322 2228,1335 2229,1336 2229,1337 2221,1337 2220,1338 2068,1346 2028,1338 2020,1346 1767,1346 1766,1345 1239,1345 1238,1344 1236,1344 1235,1343 1234,1343 1227,1336 1180,1337 1179,1318 1233,1319 1234,1318 1245,1318 1254,1309 1256,1309 1257,1308 1412,1308"/>
<Word id="r1077">
<Coords points="1257,1308 1259,1309 1263,1310 1267,1318 1270,1322 1271,1324 1280,1333 1280,1338 1277,1339 1277,1342 1241,1343 1237,1343 1234,1342 1230,1339 1182,1335 1183,1332 1184,1325 1185,1319 1233,1318 1245,1318 1255,1309"/>
<Glyph id="r10405">
<Coords points="1182,1319 1182,1336 1196,1336 1196,1319"/>
<TextEquiv>
<Unicode>π</Unicode></TextEquiv></Glyph>
<Glyph id="r10406">
<Coords points="1200,1316 1200,1336 1225,1336 1225,1316"/>
<TextEquiv>
<Unicode>ω</Unicode></TextEquiv></Glyph>
<Glyph id="r10407">
<Coords points="1229,1318 1229,1342 1237,1346 1244,1342 1244,1318"/>
<TextEquiv>
<Unicode>ρ</Unicode></TextEquiv></Glyph>
<Glyph id="r10408">
<Coords points="1249,1309 1249,1336 1271,1336 1271,1309"/>
<TextEquiv>
<Unicode>ῶ</Unicode></TextEquiv></Glyph>
<Glyph id="r4789">
<Coords points="1275,1331 1275,1344 1283,1344 1283,1331"/>
<TextEquiv>
<Unicode>,</Unicode></TextEquiv></Glyph>
<TextEquiv>
<Unicode>πωρῶ,</Unicode></TextEquiv></Word>
<Word id="r1078">
<Coords points="1413,1307 1509,1307 1520,1318 1552,1318 1576,1319 1576,1321 1575,1324 1570,1334 1552,1335 1461,1336 1452,1344 1443,1336 1312,1335 1311,1328 1312,1320 1314,1308 1412,1308"/>
<Glyph id="r10409">
<Coords points="1311,1308 1311,1335 1322,1335 1322,1308"/>
<TextEquiv>
<Unicode>ἐ</Unicode></TextEquiv></Glyph>
<Glyph id="r10410">
<Coords points="1327,1318 1327,1335 1345,1335 1345,1318"/>
<TextEquiv>
<Unicode>π</Unicode></TextEquiv></Glyph>
<Glyph id="r10411">
<Coords points="1350,1319 1350,1335 1367,1335 1367,1319"/>
<TextEquiv>
<Unicode>α</Unicode></TextEquiv></Glyph>
<Glyph id="r10412">
<Coords points="1371,1319 1371,1335 1385,1335 1385,1319"/>
<TextEquiv>
<Unicode>ν</Unicode></TextEquiv></Glyph>
<Glyph id="r10413">
<Coords points="1390,1318 1390,1335 1407,1335 1407,1318"/>
<TextEquiv>
<Unicode>α</Unicode></TextEquiv></Glyph>
<Glyph id="r10414">
<Coords points="1409,1307 1409,1335 1425,1335 1425,1307"/>
<TextEquiv>
<Unicode>λ</Unicode></TextEquiv></Glyph>
<Glyph id="r10415">
<Coords points="1430,1318 1430,1335 1448,1335 1448,1318"/>
<TextEquiv>
<Unicode>α</Unicode></TextEquiv></Glyph>
<Glyph id="r10416">
<Coords points="1451,1318 1451,1343 1469,1343 1469,1318"/>
<TextEquiv>
<Unicode>μ</Unicode></TextEquiv></Glyph>
<Glyph id="r10417">
<Coords points="1474,1307 1474,1335 1489,1335 1489,1307"/>
<TextEquiv>
<Unicode>β</Unicode></TextEquiv></Glyph>
<Glyph id="r10418">
<Coords points="1495,1307 1495,1335 1514,1335 1514,1307"/>
<TextEquiv>
<Unicode>ά</Unicode></TextEquiv></Glyph>
<Glyph id="r10419">
<Coords points="1516,1319 1516,1335 1531,1335 1531,1319"/>
<TextEquiv>
<Unicode>ν</Unicode></TextEquiv></Glyph>
<Glyph id="r10420">
<Coords points="1535,1318 1535,1335 1558,1335 1558,1318"/>
<TextEquiv>
<Unicode>ω</Unicode></TextEquiv></Glyph>
<Glyph id="r10421">
<Coords points="1561,1318 1561,1336 1577,1336 1577,1318"/>
<TextEquiv>
<Unicode>ν</Unicode></TextEquiv></Glyph>
<TextEquiv>
<Unicode>ἐπαναλαμβάνων</Unicode></TextEquiv></Word>
<Word id="r1079">
<Coords points="1630,1308 1631,1312 1635,1317 1638,1331 1640,1333 1634,1335 1628,1336 1609,1335 1608,1333 1605,1324 1603,1320 1617,1318"/>
<Glyph id="r10422">
<Coords points="1603,1318 1603,1335 1617,1335 1617,1318"/>
<TextEquiv>
<Unicode>τ</Unicode></TextEquiv></Glyph>
<Glyph id="r10423">
<Coords points="1622,1307 1622,1335 1639,1335 1639,1307"/>
<TextEquiv>
<Unicode>ὰ</Unicode></TextEquiv></Glyph>
<TextEquiv>
<Unicode>τὰ</Unicode></TextEquiv></Word>
<Word id="r1080">
<Coords points="1681,1307 1693,1319 1729,1313 1723,1324 1725,1331 1724,1334 1675,1336 1673,1336 1669,1335 1667,1331 1667,1324 1669,1320 1670,1308 1680,1308"/>
<Glyph id="r10424">
<Coords points="1667,1308 1667,1335 1682,1335 1682,1308"/>
<TextEquiv>
<Unicode>ὅ</Unicode></TextEquiv></Glyph>
<Glyph id="r10425">
<Coords points="1688,1319 1688,1335 1703,1335 1703,1319"/>
<TextEquiv>
<Unicode>σ</Unicode></TextEquiv></Glyph>
<Glyph id="r10426">
<Coords points="1708,1319 1708,1336 1725,1336 1725,1319"/>
<TextEquiv>
<Unicode>α</Unicode></TextEquiv></Glyph>
<TextEquiv>
<Unicode>ὅσα</Unicode></TextEquiv></Word>
<Word id="r1081">
<Coords points="1762,1307 1774,1308 1782,1309 1818,1315 1810,1323 1811,1326 1811,1345 1767,1345 1757,1336 1753,1326 1751,1322 1753,1318 1755,1308"/>
<Glyph id="r10427">
<Coords points="1751,1308 1751,1344 1770,1344 1770,1308"/>
<TextEquiv>
<Unicode>ἤ</Unicode></TextEquiv></Glyph>
<Glyph id="r10428">
<Coords points="1775,1309 1775,1336 1789,1336 1789,1309"/>
<TextEquiv>
<Unicode>δ</Unicode></TextEquiv></Glyph>
<Glyph id="r10429">
<Coords points="1794,1319 1794,1344 1810,1344 1810,1319"/>
<TextEquiv>
<Unicode>η</Unicode></TextEquiv></Glyph>
<TextEquiv>
<Unicode>ἤδη</Unicode></TextEquiv></Word>
<Word id="r1082">
<Coords points="1863,1308 1877,1319 1902,1319 1933,1312 1945,1327 1943,1333 1941,1337 1940,1340 1939,1342 1843,1336 1841,1335 1842,1320 1847,1319 1858,1309"/>
<Glyph id="r10430">
<Coords points="1841,1319 1841,1336 1853,1336 1853,1319"/>
<TextEquiv>
<Unicode>ε</Unicode></TextEquiv></Glyph>
<Glyph id="r10431">
<Coords points="1856,1309 1856,1337 1867,1337 1867,1309"/>
<TextEquiv>
<Unicode>ἶ</Unicode></TextEquiv></Glyph>
<Glyph id="r10432">
<Coords points="1870,1319 1870,1336 1889,1336 1889,1319"/>
<TextEquiv>
<Unicode>π</Unicode></TextEquiv></Glyph>
<Glyph id="r10433">
<Coords points="1892,1319 1892,1337 1906,1337 1906,1319"/>
<TextEquiv>
<Unicode>ο</Unicode></TextEquiv></Glyph>
<Glyph id="r10434">
<Coords points="1911,1320 1911,1336 1924,1336 1924,1320"/>
<TextEquiv>
<Unicode>ν</Unicode></TextEquiv></Glyph>
<Glyph id="r10435">
<Coords points="1931,1334 1931,1340 1934,1340 1934,1334"/>
<TextEquiv>
<Unicode>,</Unicode></TextEquiv></Glyph>
<TextEquiv>
<Unicode>εἶπον,</Unicode></TextEquiv></Word>
<Word id="r1083">
<Coords points="2009,1308 2022,1320 2038,1320 2038,1323 2037,1325 2036,1328 2032,1336 2020,1337 2019,1345 2010,1337 1964,1330 1965,1321 1967,1320 1971,1320 1983,1310 1987,1309 2008,1309"/>
<Glyph id="r10436">
<Coords points="1963,1318 1963,1338 1983,1338 1983,1318"/>
<TextEquiv>
<Unicode>π</Unicode></TextEquiv></Glyph>
<Glyph id="r10437">
<Coords points="1986,1309 1986,1335 2000,1335 2000,1309"/>
<TextEquiv>
<Unicode>λ</Unicode></TextEquiv></Glyph>
<Glyph id="r10438">
<Coords points="2003,1309 2003,1344 2020,1344 2020,1309"/>
<TextEquiv>
<Unicode>ὴ</Unicode></TextEquiv></Glyph>
<Glyph id="r10439">
<Coords points="2024,1320 2024,1337 2038,1337 2038,1320"/>
<TextEquiv>
<Unicode>ν</Unicode></TextEquiv></Glyph>
<TextEquiv>
<Unicode>πλὴν</Unicode></TextEquiv></Word>
<Word id="r1084">
<Coords points="2100,1308 2111,1319 2135,1319 2161,1322 2160,1326 2156,1328 2155,1334 2154,1336 2068,1355 2069,1320 2088,1320"/>
<Glyph id="r10440">
<Coords points="2069,1320 2069,1348 2087,1348 2087,1320"/>
<TextEquiv>
<Unicode>μ</Unicode></TextEquiv></Glyph>
<Glyph id="r10441">
<Coords points="2091,1309 2091,1338 2108,1338 2108,1309"/>
<TextEquiv>
<Unicode>ό</Unicode></TextEquiv></Glyph>
<Glyph id="r10442">
<Coords points="2111,1321 2111,1337 2123,1337 2123,1321"/>
<TextEquiv>
<Unicode>ν</Unicode></TextEquiv></Glyph>
<Glyph id="r10443">
<Coords points="2128,1320 2128,1337 2142,1337 2142,1320"/>
<TextEquiv>
<Unicode>ο</Unicode></TextEquiv></Glyph>
<Glyph id="r10444">
<Coords points="2148,1320 2148,1334 2161,1338 2162,1320"/>
<TextEquiv>
<Unicode>ν</Unicode></TextEquiv></Glyph>
<TextEquiv>
<Unicode>μόνον</Unicode></TextEquiv></Word>
<Word id="r1085">
<Coords points="2196,1310 2226,1312 2227,1318 2230,1323 2233,1336 2226,1337 2194,1336 2193,1333 2191,1329 2188,1316 2190,1316"/>
<Glyph id="r10445">
<Coords points="2189,1311 2189,1336 2199,1339 2208,1336 2208,1311"/>
<TextEquiv>
<Unicode>θ</Unicode></TextEquiv></Glyph>
<Glyph id="r10446">
<Coords points="2212,1312 2212,1338 2229,1338 2229,1312"/>
<TextEquiv>
<Unicode>ὰ</Unicode></TextEquiv></Glyph>
<TextEquiv>
<Unicode>θὰ</Unicode></TextEquiv></Word>
<TextEquiv>
<Unicode>πωρῶ, ἐπαναλαμβάνων τὰ ὅσα ἤδη εἶπον, πλὴν μόνον θὰ</Unicode></TextEquiv></TextLine>
<TextLine id="r184">
<Coords points="1473,1351 1474,1352 2008,1352 2009,1353 2137,1353 2138,1354 2138,1355 2139,1356 2222,1356 2223,1357 2224,1357 2225,1358 2226,1358 2226,1364 2231,1368 2228,1384 2037,1383 2028,1392 2026,1390 2024,1390 2023,1389 1979,1389 1978,1388 1849,1388 1843,1382 1187,1382 1186,1381 1185,1381 1178,1365 1198,1365 1199,1364 1200,1364 1201,1363 1228,1363 1238,1353 1318,1353 1319,1352 1472,1352"/>
<Word id="r1086">
<Coords points="1238,1353 1249,1363 1282,1363 1285,1364 1286,1366 1289,1371 1287,1377 1284,1381 1185,1380 1177,1364 1199,1364 1201,1363 1228,1363"/>
<Glyph id="r10447">
<Coords points="1177,1361 1185,1380 1192,1380 1192,1364"/>
<TextEquiv>
<Unicode>τ</Unicode></TextEquiv></Glyph>
<Glyph id="r10448">
<Coords points="1196,1363 1196,1380 1210,1380 1210,1363"/>
<TextEquiv>
<Unicode>ο</Unicode></TextEquiv></Glyph>
<Glyph id="r10449">
<Coords points="1214,1364 1214,1380 1229,1380 1229,1364"/>
<TextEquiv>
<Unicode>ν</Unicode></TextEquiv></Glyph>
<Glyph id="r10450">
<Coords points="1235,1354 1235,1380 1242,1380 1242,1354"/>
<TextEquiv>
<Unicode>ί</Unicode></TextEquiv></Glyph>
<Glyph id="r10451">
<Coords points="1247,1364 1247,1380 1262,1380 1262,1364"/>
<TextEquiv>
<Unicode>σ</Unicode></TextEquiv></Glyph>
<Glyph id="r10452">
<Coords points="1266,1363 1266,1382 1288,1382 1288,1363"/>
<TextEquiv>
<Unicode>ω</Unicode></TextEquiv></Glyph>
<TextEquiv>
<Unicode>τονίσω</Unicode></TextEquiv></Word>
<Word id="r1087">
<Coords points="1321,1352 1325,1354 1377,1354 1386,1363 1409,1363 1424,1361 1417,1377 1417,1378 1412,1380 1406,1381 1318,1380 1316,1377 1317,1364"/>
<Glyph id="r10453">
<Coords points="1316,1353 1316,1380 1328,1380 1328,1353"/>
<TextEquiv>
<Unicode>ἐ</Unicode></TextEquiv></Glyph>
<Glyph id="r10454">
<Coords points="1332,1363 1332,1380 1348,1380 1348,1363"/>
<TextEquiv>
<Unicode>κ</Unicode></TextEquiv></Glyph>
<Glyph id="r10455">
<Coords points="1353,1363 1353,1380 1364,1380 1364,1363"/>
<TextEquiv>
<Unicode>ε</Unicode></TextEquiv></Glyph>
<Glyph id="r10456">
<Coords points="1367,1354 1367,1380 1379,1380 1379,1354"/>
<TextEquiv>
<Unicode>ῖ</Unicode></TextEquiv></Glyph>
<Glyph id="r10457">
<Coords points="1400,1363 1400,1381 1418,1381 1418,1363"/>
<TextEquiv>
<Unicode>α</Unicode></TextEquiv></Glyph>
<Glyph id="r10458">
<Coords points="1380,1364 1380,1380 1396,1380 1396,1364"/>
<TextEquiv>
<Unicode>ν</Unicode></TextEquiv></Glyph>
<TextEquiv>
<Unicode>ἐκεῖνα</Unicode></TextEquiv></Word>
<Word id="r1088">
<Coords points="1473,1352 1475,1354 1476,1357 1481,1369 1483,1377 1481,1381 1452,1380 1448,1372 1446,1367 1447,1365 1461,1363"/>
<Glyph id="r10459">
<Coords points="1446,1363 1446,1380 1461,1380 1461,1363"/>
<TextEquiv>
<Unicode>τ</Unicode></TextEquiv></Glyph>
<Glyph id="r10460">
<Coords points="1465,1353 1465,1382 1483,1382 1483,1353"/>
<TextEquiv>
<Unicode>ὰ</Unicode></TextEquiv></Glyph>
<TextEquiv>
<Unicode>τὰ</Unicode></TextEquiv></Word>
<Word id="r1089">
<Coords points="1519,1352 1523,1354 1581,1354 1590,1362 1596,1363 1600,1375 1602,1377 1597,1379 1586,1380 1579,1381 1514,1379 1512,1376 1512,1368 1513,1366 1515,1364 1516,1353"/>
<Glyph id="r10461">
<Coords points="1512,1353 1512,1379 1520,1386 1526,1379 1526,1353"/>
<TextEquiv>
<Unicode>ὁ</Unicode></TextEquiv></Glyph>
<Glyph id="r10462">
<Coords points="1531,1364 1531,1382 1550,1382 1550,1364"/>
<TextEquiv>
<Unicode>π</Unicode></TextEquiv></Glyph>
<Glyph id="r10463">
<Coords points="1553,1363 1553,1380 1568,1380 1568,1363"/>
<TextEquiv>
<Unicode>ο</Unicode></TextEquiv></Glyph>
<Glyph id="r10464">
<Coords points="1571,1354 1571,1382 1582,1382 1582,1354"/>
<TextEquiv>
<Unicode>ῖ</Unicode></TextEquiv></Glyph>
<Glyph id="r10465">
<Coords points="1585,1363 1585,1381 1603,1381 1603,1363"/>
<TextEquiv>
<Unicode>α</Unicode></TextEquiv></Glyph>
<TextEquiv>
<Unicode>ὁποῖα</Unicode></TextEquiv></Word>
<Word id="r1090">
<Coords points="1663,1352 1670,1353 1686,1364 1707,1365 1710,1367 1712,1370 1710,1372 1709,1377 1708,1380 1636,1380 1630,1368 1633,1364 1636,1355 1637,1353 1661,1353"/>
<Glyph id="r10466">
<Coords points="1630,1353 1630,1383 1652,1383 1652,1353"/>
<TextEquiv>
<Unicode>θ</Unicode></TextEquiv></Glyph>
<Glyph id="r10467">
<Coords points="1654,1353 1654,1382 1666,1382 1666,1353"/>
<TextEquiv>
<Unicode>έ</Unicode></TextEquiv></Glyph>
<Glyph id="r10468">
<Coords points="1670,1354 1670,1382 1685,1382 1685,1354"/>
<TextEquiv>
<Unicode>λ</Unicode></TextEquiv></Glyph>
<Glyph id="r10469">
<Coords points="1688,1365 1688,1382 1711,1382 1711,1365"/>
<TextEquiv>
<Unicode>ω</Unicode></TextEquiv></Glyph>
<TextEquiv>
<Unicode>θέλω</Unicode></TextEquiv></Word>
<Word id="r1091">
<Coords points="1756,1353 1837,1354 1853,1364 1858,1383 1857,1386 1847,1384 1741,1380 1739,1377 1738,1372 1740,1367 1741,1365 1744,1364"/>
<Glyph id="r10470">
<Coords points="1738,1364 1738,1380 1751,1380 1751,1364"/>
<TextEquiv>
<Unicode>ε</Unicode></TextEquiv></Glyph>
<Glyph id="r10471">
<Coords points="1755,1354 1755,1380 1766,1380 1766,1354"/>
<TextEquiv>
<Unicode>ἰ</Unicode></TextEquiv></Glyph>
<Glyph id="r10472">
<Coords points="1768,1354 1768,1381 1785,1381 1785,1354"/>
<TextEquiv>
<Unicode>δ</Unicode></TextEquiv></Glyph>
<Glyph id="r10473">
<Coords points="1790,1364 1790,1381 1797,1381 1797,1364"/>
<TextEquiv>
<Unicode>ι</Unicode></TextEquiv></Glyph>
<Glyph id="r10474">
<Coords points="1799,1364 1799,1381 1816,1381 1816,1364"/>
<TextEquiv>
<Unicode>κ</Unicode></TextEquiv></Glyph>
<Glyph id="r10475">
<Coords points="1820,1354 1820,1382 1843,1382 1843,1354"/>
<TextEquiv>
<Unicode>ῶ</Unicode></TextEquiv></Glyph>
<Glyph id="r10476">
<Coords points="1847,1365 1847,1389 1860,1389 1860,1365"/>
<TextEquiv>
<Unicode>ς</Unicode></TextEquiv></Glyph>
<TextEquiv>
<Unicode>εἰδικῶς</Unicode></TextEquiv></Word>
<Word id="r1092">
<Coords points="1917,1354 1918,1355 1919,1359 1922,1363 1925,1378 1927,1379 1924,1382 1896,1381 1887,1371 1888,1370 1890,1366 1901,1366 1912,1356"/>
<Glyph id="r10477">
<Coords points="1887,1366 1887,1381 1905,1381 1905,1366"/>
<TextEquiv>
<Unicode>ν</Unicode></TextEquiv></Glyph>
<Glyph id="r10478">
<Coords points="1909,1355 1909,1381 1926,1381 1926,1355"/>
<TextEquiv>
<Unicode>ὰ</Unicode></TextEquiv></Glyph>
<TextEquiv>
<Unicode>νὰ</Unicode></TextEquiv></Word>
<Word id="r1093">
<Coords points="1959,1353 2009,1353 2023,1364 2027,1365 2055,1366 2061,1372 2059,1377 2057,1380 2055,1382 2053,1383 2029,1384 2027,1390 2024,1389 2022,1388 1975,1385 1958,1381 1956,1373 1958,1359"/>
<Glyph id="r10479">
<Coords points="1956,1353 1956,1382 1971,1382 1971,1353"/>
<TextEquiv>
<Unicode>ἐ</Unicode></TextEquiv></Glyph>
<Glyph id="r10480">
<Coords points="1973,1353 1973,1389 1991,1389 1991,1353"/>
<TextEquiv>
<Unicode>ξ</Unicode></TextEquiv></Glyph>
<Glyph id="r10481">
<Coords points="1994,1353 1994,1382 2013,1382 2013,1353"/>
<TextEquiv>
<Unicode>ά</Unicode></TextEquiv></Glyph>
<Glyph id="r10482">
<Coords points="2017,1365 2017,1391 2032,1391 2032,1365"/>
<TextEquiv>
<Unicode>ρ</Unicode></TextEquiv></Glyph>
<Glyph id="r10483">
<Coords points="2037,1366 2037,1383 2059,1383 2059,1366"/>
<TextEquiv>
<Unicode>ω</Unicode></TextEquiv></Glyph>
<TextEquiv>
<Unicode>ἐξάρω</Unicode></TextEquiv></Word>
<Word id="r1094">
<Coords points="2097,1354 2138,1355 2139,1357 2140,1364 2144,1367 2146,1372 2146,1374 2145,1380 2142,1382 2093,1382 2091,1381 2089,1375 2089,1371 2093,1365"/>
<Glyph id="r10484">
<Coords points="2089,1355 2089,1383 2108,1383 2108,1355"/>
<TextEquiv>
<Unicode>ἀ</Unicode></TextEquiv></Glyph>
<Glyph id="r10485">
<Coords points="2110,1365 2110,1384 2129,1384 2129,1365"/>
<TextEquiv>
<Unicode>π</Unicode></TextEquiv></Glyph>
<Glyph id="r10486">
<Coords points="2132,1355 2132,1384 2146,1384 2146,1355"/>
<TextEquiv>
<Unicode>ὸ</Unicode></TextEquiv></Glyph>
<TextEquiv>
<Unicode>ἀπὸ</Unicode></TextEquiv></Word>
<Word id="r1095">
<Coords points="2227,1357 2230,1358 2232,1359 2235,1366 2236,1371 2235,1378 2233,1382 2231,1383 2183,1382 2182,1378 2175,1367 2176,1366 2179,1365 2189,1364 2217,1365 2211,1355"/>
<Glyph id="r10487">
<Coords points="2175,1365 2175,1382 2190,1382 2190,1365"/>
<TextEquiv>
<Unicode>τ</Unicode></TextEquiv></Glyph>
<Glyph id="r10488">
<Coords points="2195,1365 2195,1382 2209,1382 2209,1365"/>
<TextEquiv>
<Unicode>ο</Unicode></TextEquiv></Glyph>
<Glyph id="r10489">
<Coords points="2212,1356 2212,1384 2229,1384 2229,1356"/>
<TextEquiv>
<Unicode>ῦ</Unicode></TextEquiv></Glyph>
<TextEquiv>
<Unicode>τοῦ</Unicode></TextEquiv></Word>
<TextEquiv>
<Unicode>τονίσω ἐκεῖνα τὰ ὁποῖα θέλω εἰδικῶς νὰ ἐξάρω ἀπὸ τοῦ</Unicode></TextEquiv></TextLine>
<TextLine id="r185">
<Coords points="1429,1396 1439,1396 1440,1397 1716,1397 1717,1398 1850,1398 1851,1399 2205,1399 2216,1410 2228,1410 2227,1411 2227,1430 2226,1431 2226,1432 2225,1432 2223,1434 2108,1434 2105,1437 2104,1437 2103,1436 1216,1436 1215,1435 1180,1435 1179,1434 1180,1433 1180,1414 1181,1413 1181,1405 1180,1397 1428,1397"/>
<Word id="r1096">
<Coords points="1188,1397 1212,1397 1223,1408 1314,1409 1313,1411 1312,1429 1310,1431 1307,1432 1305,1433 1214,1434 1179,1433 1180,1413 1182,1399 1187,1398"/>
<Glyph id="r10490">
<Coords points="1180,1397 1180,1433 1196,1433 1196,1397"/>
<TextEquiv>
<Unicode>β</Unicode></TextEquiv></Glyph>
<Glyph id="r10491">
<Coords points="1199,1397 1199,1433 1217,1433 1217,1397"/>
<TextEquiv>
<Unicode>ή</Unicode></TextEquiv></Glyph>
<Glyph id="r10493">
<Coords points="1222,1409 1220,1438 1241,1433 1241,1409"/>
<TextEquiv>
<Unicode>μ</Unicode></TextEquiv></Glyph>
<Glyph id="r10495">
<Coords points="1283,1409 1283,1427 1296,1427 1296,1409"/>
<TextEquiv>
<Unicode>ο</Unicode></TextEquiv></Glyph>
<Glyph id="r10496">
<Coords points="1301,1409 1301,1435 1315,1435 1315,1409"/>
<TextEquiv>
<Unicode>ς</Unicode></TextEquiv></Glyph>
<Glyph id="r4791">
<Coords points="1244,1409 1244,1425 1263,1425 1263,1409"/>
<TextEquiv>
<Unicode>α</Unicode></TextEquiv></Glyph>
<Glyph id="r4792">
<Coords points="1265,1409 1265,1426 1280,1426 1280,1409"/>
<TextEquiv>
<Unicode>τ</Unicode></TextEquiv></Glyph>
<TextEquiv>
<Unicode>βήματος</Unicode></TextEquiv></Word>
<Word id="r1097">
<Coords points="1367,1398 1373,1399 1391,1408 1396,1409 1394,1430 1388,1432 1379,1433 1377,1435 1368,1427 1350,1426 1346,1419 1343,1410 1346,1409 1355,1409 1365,1399"/>
<Glyph id="r10497">
<Coords points="1343,1408 1343,1426 1358,1426 1358,1408"/>
<TextEquiv>
<Unicode>τ</Unicode></TextEquiv></Glyph>
<Glyph id="r10498">
<Coords points="1360,1399 1360,1434 1379,1434 1379,1399"/>
<TextEquiv>
<Unicode>ῆ</Unicode></TextEquiv></Glyph>
<Glyph id="r10499">
<Coords points="1384,1409 1384,1432 1397,1432 1397,1409"/>
<TextEquiv>
<Unicode>ς</Unicode></TextEquiv></Glyph>
<TextEquiv>
<Unicode>τῆς</Unicode></TextEquiv></Word>
<Word id="r1098">
<Coords points="1431,1396 1435,1397 1504,1398 1533,1399 1566,1408 1570,1426 1569,1430 1565,1431 1535,1433 1533,1435 1523,1426 1428,1425 1427,1418 1426,1416 1429,1414"/>
<Glyph id="r10500">
<Coords points="1428,1397 1428,1425 1453,1425 1453,1397"/>
<TextEquiv>
<Unicode>Β</Unicode></TextEquiv></Glyph>
<Glyph id="r10501">
<Coords points="1460,1408 1460,1425 1475,1425 1475,1408"/>
<TextEquiv>
<Unicode>ο</Unicode></TextEquiv></Glyph>
<Glyph id="r10502">
<Coords points="1477,1408 1477,1427 1497,1427 1497,1408"/>
<TextEquiv>
<Unicode>υ</Unicode></TextEquiv></Glyph>
<Glyph id="r10503">
<Coords points="1516,1399 1516,1434 1535,1434 1535,1399"/>
<TextEquiv>
<Unicode>ῆ</Unicode></TextEquiv></Glyph>
<Glyph id="r10505">
<Coords points="1499,1398 1499,1425 1513,1425 1513,1398"/>
<TextEquiv>
<Unicode>λ</Unicode></TextEquiv></Glyph>
<Glyph id="r4793">
<Coords points="1538,1406 1538,1434 1553,1434 1553,1406"/>
<TextEquiv>
<Unicode>ς</Unicode></TextEquiv></Glyph>
<Glyph id="r4794">
<Coords points="1557,1422 1557,1428 1564,1428 1564,1422"/>
<TextEquiv>
<Unicode>.</Unicode></TextEquiv></Glyph>
<TextEquiv>
<Unicode>Βουλῆς.</Unicode></TextEquiv></Word>
<Word id="r1100">
<Coords points="1596,1395 1598,1396 1717,1398 1732,1408 1738,1409 1780,1410 1779,1412 1778,1430 1777,1432 1773,1433 1765,1427 1659,1426 1605,1423 1608,1419 1609,1417 1590,1411 1591,1408 1592,1406 1593,1402 1594,1399"/>
<Glyph id="r10506">
<Coords points="1594,1397 1594,1427 1629,1427 1629,1397"/>
<TextEquiv>
<Unicode>Ἀ</Unicode></TextEquiv></Glyph>
<Glyph id="r10507">
<Coords points="1634,1409 1634,1425 1652,1425 1652,1409"/>
<TextEquiv>
<Unicode>ν</Unicode></TextEquiv></Glyph>
<Glyph id="r10508">
<Coords points="1654,1408 1654,1426 1670,1426 1670,1408"/>
<TextEquiv>
<Unicode>τ</Unicode></TextEquiv></Glyph>
<Glyph id="r10510">
<Coords points="1708,1398 1708,1426 1719,1426 1719,1398"/>
<TextEquiv>
<Unicode>έ</Unicode></TextEquiv></Glyph>
<Glyph id="r10511">
<Coords points="1723,1409 1723,1426 1737,1426 1737,1409"/>
<TextEquiv>
<Unicode>τ</Unicode></TextEquiv></Glyph>
<Glyph id="r10512">
<Coords points="1740,1410 1740,1426 1765,1426 1765,1410"/>
<TextEquiv>
<Unicode>ω</Unicode></TextEquiv></Glyph>
<Glyph id="r10515">
<Coords points="1767,1410 1767,1432 1779,1432 1779,1410"/>
<TextEquiv>
<Unicode>ς</Unicode></TextEquiv></Glyph>
<Glyph id="r4795">
<Coords points="1683,1398 1683,1426 1705,1426 1705,1398"/>
<TextEquiv>
<Unicode>θ</Unicode></TextEquiv></Glyph>
<Glyph id="r4796">
<Coords points="1674,1409 1674,1426 1682,1426 1682,1409"/>
<TextEquiv>
<Unicode>ι</Unicode></TextEquiv></Glyph>
<TextEquiv>
<Unicode>Ἀντιθέτως</Unicode></TextEquiv></Word>
<Word id="r1101">
<Coords points="1813,1398 1850,1399 1851,1401 1852,1404 1855,1409 1857,1422 1860,1424 1858,1426 1812,1425 1810,1422 1810,1401"/>
<Glyph id="r10516">
<Coords points="1810,1399 1810,1425 1819,1431 1824,1425 1824,1399"/>
<TextEquiv>
<Unicode>δ</Unicode></TextEquiv></Glyph>
<Glyph id="r10517">
<Coords points="1830,1409 1830,1428 1837,1428 1837,1409"/>
<TextEquiv>
<Unicode>ι</Unicode></TextEquiv></Glyph>
<Glyph id="r10518">
<Coords points="1842,1399 1842,1428 1861,1428 1861,1399"/>
<TextEquiv>
<Unicode>ὰ</Unicode></TextEquiv></Glyph>
<TextEquiv>
<Unicode>διὰ</Unicode></TextEquiv></Word>
<Word id="r1102">
<Coords points="1914,1399 1916,1401 1917,1405 1922,1417 1923,1424 1923,1427 1893,1423 1888,1412 1890,1410 1901,1409 1903,1409"/>
<Glyph id="r10519">
<Coords points="1888,1409 1888,1428 1903,1428 1903,1409"/>
<TextEquiv>
<Unicode>τ</Unicode></TextEquiv></Glyph>
<Glyph id="r10520">
<Coords points="1906,1400 1906,1426 1927,1431 1922,1400"/>
<TextEquiv>
<Unicode>ὰ</Unicode></TextEquiv></Glyph>
<TextEquiv>
<Unicode>τὰ</Unicode></TextEquiv></Word>
<Word id="r1103">
<Coords points="1994,1399 2072,1404 2073,1417 2074,1424 2074,1427 2073,1428 2008,1430 2004,1433 1994,1431 1956,1431 1955,1422 1952,1412 1955,1410 1975,1409 1983,1409 1992,1400"/>
<Glyph id="r10521">
<Coords points="1952,1410 1952,1428 1966,1428 1966,1410"/>
<TextEquiv>
<Unicode>τ</Unicode></TextEquiv></Glyph>
<Glyph id="r10522">
<Coords points="1971,1409 1971,1427 1986,1427 1986,1409"/>
<TextEquiv>
<Unicode>α</Unicode></TextEquiv></Glyph>
<Glyph id="r10524">
<Coords points="1992,1400 1992,1436 2007,1436 2007,1400"/>
<TextEquiv>
<Unicode>ξ</Unicode></TextEquiv></Glyph>
<Glyph id="r10526">
<Coords points="2046,1410 2046,1428 2053,1428 2053,1410"/>
<TextEquiv>
<Unicode>ι</Unicode></TextEquiv></Glyph>
<Glyph id="r10527">
<Coords points="2057,1398 2057,1428 2073,1428 2073,1398"/>
<TextEquiv>
<Unicode>ά</Unicode></TextEquiv></Glyph>
<Glyph id="r4797">
<Coords points="2014,1401 2014,1427 2023,1427 2025,1394"/>
<TextEquiv>
<Unicode>ί</Unicode></TextEquiv></Glyph>
<Glyph id="r4798">
<Coords points="2025,1402 2025,1428 2040,1428 2040,1402 2034,1395"/>
<TextEquiv>
<Unicode>δ</Unicode></TextEquiv></Glyph>
<TextEquiv>
<Unicode>ταξίδιά</Unicode></TextEquiv></Word>
<Word id="r1104">
<Coords points="2103,1410 2159,1412 2162,1417 2159,1420 2157,1424 2155,1427 2154,1428 2113,1428 2104,1436 2103,1432 2101,1420 2102,1413"/>
<Glyph id="r10528">
<Coords points="2102,1411 2103,1440 2121,1435 2121,1411"/>
<TextEquiv>
<Unicode>μ</Unicode></TextEquiv></Glyph>
<Glyph id="r10529">
<Coords points="2125,1411 2125,1427 2141,1427 2141,1411"/>
<TextEquiv>
<Unicode>ο</Unicode></TextEquiv></Glyph>
<Glyph id="r10530">
<Coords points="2147,1412 2147,1428 2161,1428 2161,1412"/>
<TextEquiv>
<Unicode>υ</Unicode></TextEquiv></Glyph>
<TextEquiv>
<Unicode>μου</Unicode></TextEquiv></Word>
<Word id="r1105">
<Coords points="2203,1399 2235,1408 2229,1433 2227,1436 2219,1435 2187,1427 2186,1415 2188,1412 2189,1411"/>
<Glyph id="r10531">
<Coords points="2186,1410 2186,1428 2198,1428 2198,1410"/>
<TextEquiv>
<Unicode>ε</Unicode></TextEquiv></Glyph>
<Glyph id="r10532">
<Coords points="2202,1400 2202,1428 2211,1428 2211,1400"/>
<TextEquiv>
<Unicode>ἰ</Unicode></TextEquiv></Glyph>
<Glyph id="r10533">
<Coords points="2215,1410 2215,1439 2228,1434 2228,1410"/>
<TextEquiv>
<Unicode>ς</Unicode></TextEquiv></Glyph>
<TextEquiv>
<Unicode>εἰς</Unicode></TextEquiv></Word>
<TextEquiv>
<Unicode>βήματος τῆς Βουλῆς. Ἀντιθέτως διὰ τὰ ταξίδιά μου εἰς</Unicode></TextEquiv></TextLine>
<TextLine id="r186">
<Coords points="1203,1442 1526,1442 1527,1443 1879,1443 1880,1444 2196,1444 2208,1456 2225,1456 2226,1457 2226,1461 2227,1462 2227,1482 1821,1482 1820,1481 1211,1481 1202,1472 1185,1472 1185,1471 1184,1470 1184,1465 1176,1457 1176,1456 1181,1456 1183,1454 1191,1454"/>
<Word id="r1106">
<Coords points="1203,1442 1218,1454 1226,1455 1230,1464 1228,1466 1227,1469 1220,1471 1214,1476 1212,1480 1203,1472 1201,1471 1184,1470 1183,1456 1187,1454"/>
<Glyph id="r10534">
<Coords points="1176,1453 1176,1473 1193,1473 1193,1453"/>
<TextEquiv>
<Unicode>τ</Unicode></TextEquiv></Glyph>
<Glyph id="r10535">
<Coords points="1218,1455 1218,1473 1235,1473 1235,1455"/>
<TextEquiv>
<Unicode>ν</Unicode></TextEquiv></Glyph>
<Glyph id="r10536">
<Coords points="1195,1443 1195,1478 1214,1478 1214,1443"/>
<TextEquiv>
<Unicode>ὴ</Unicode></TextEquiv></Glyph>
<TextEquiv>
<Unicode>τὴν</Unicode></TextEquiv></Word>
<Word id="r1107">
<Coords points="1273,1442 1354,1442 1371,1454 1392,1456 1398,1457 1397,1458 1395,1462 1394,1465 1391,1469 1390,1471 1263,1470 1264,1469 1268,1443"/>
<Glyph id="r10537">
<Coords points="1263,1442 1263,1470 1288,1470 1288,1442"/>
<TextEquiv>
<Unicode>Γ</Unicode></TextEquiv></Glyph>
<Glyph id="r10538">
<Coords points="1293,1454 1293,1470 1309,1470 1309,1454"/>
<TextEquiv>
<Unicode>α</Unicode></TextEquiv></Glyph>
<Glyph id="r10539">
<Coords points="1313,1443 1313,1470 1327,1470 1327,1443"/>
<TextEquiv>
<Unicode>λ</Unicode></TextEquiv></Glyph>
<Glyph id="r10540">
<Coords points="1329,1443 1329,1470 1345,1470 1345,1443"/>
<TextEquiv>
<Unicode>λ</Unicode></TextEquiv></Glyph>
<Glyph id="r10541">
<Coords points="1350,1442 1350,1470 1358,1470 1358,1442"/>
<TextEquiv>
<Unicode>ί</Unicode></TextEquiv></Glyph>
<Glyph id="r10542">
<Coords points="1362,1454 1362,1470 1377,1470 1377,1454"/>
<TextEquiv>
<Unicode>α</Unicode></TextEquiv></Glyph>
<Glyph id="r10543">
<Coords points="1379,1456 1379,1472 1400,1472 1400,1456"/>
<TextEquiv>
<Unicode>ν</Unicode></TextEquiv></Glyph>
<TextEquiv>
<Unicode>Γαλλίαν</Unicode></TextEquiv></Word>
<Word id="r1108">
<Coords points="1468,1442 1470,1444 1471,1447 1472,1456 1473,1467 1474,1471 1429,1466 1426,1457 1428,1454 1453,1453 1457,1453"/>
<Glyph id="r10544">
<Coords points="1426,1454 1426,1472 1443,1472 1443,1454"/>
<TextEquiv>
<Unicode>κ</Unicode></TextEquiv></Glyph>
<Glyph id="r10545">
<Coords points="1447,1453 1447,1472 1465,1472 1465,1453"/>
<TextEquiv>
<Unicode>α</Unicode></TextEquiv></Glyph>
<Glyph id="r10546">
<Coords points="1468,1443 1468,1472 1479,1474 1476,1443"/>
<TextEquiv>
<Unicode>ὶ</Unicode></TextEquiv></Glyph>
<TextEquiv>
<Unicode>καὶ</Unicode></TextEquiv></Word>
<Word id="r1109">
<Coords points="1508,1442 1644,1443 1655,1454 1676,1454 1688,1455 1688,1457 1685,1462 1680,1472 1585,1472 1570,1480 1562,1479 1559,1478 1547,1472 1541,1471 1507,1470 1505,1466 1506,1463 1508,1459"/>
<Glyph id="r10547">
<Coords points="1505,1443 1505,1472 1533,1472 1533,1443"/>
<TextEquiv>
<Unicode>Γ</Unicode></TextEquiv></Glyph>
<Glyph id="r10548">
<Coords points="1537,1453 1537,1471 1549,1471 1549,1453"/>
<TextEquiv>
<Unicode>ε</Unicode></TextEquiv></Glyph>
<Glyph id="r10549">
<Coords points="1555,1454 1555,1479 1570,1479 1570,1454"/>
<TextEquiv>
<Unicode>ρ</Unicode></TextEquiv></Glyph>
<Glyph id="r10550">
<Coords points="1576,1454 1576,1483 1595,1483 1595,1454"/>
<TextEquiv>
<Unicode>μ</Unicode></TextEquiv></Glyph>
<Glyph id="r10551">
<Coords points="1598,1454 1598,1471 1617,1471 1617,1454"/>
<TextEquiv>
<Unicode>α</Unicode></TextEquiv></Glyph>
<Glyph id="r10552">
<Coords points="1619,1454 1619,1471 1634,1471 1634,1454"/>
<TextEquiv>
<Unicode>ν</Unicode></TextEquiv></Glyph>
<Glyph id="r10553">
<Coords points="1636,1443 1636,1471 1647,1471 1647,1443"/>
<TextEquiv>
<Unicode>ί</Unicode></TextEquiv></Glyph>
<Glyph id="r4801">
<Coords points="1651,1454 1651,1471 1671,1471 1671,1454"/>
<TextEquiv>
<Unicode>α</Unicode></TextEquiv></Glyph>
<Glyph id="r4802">
<Coords points="1672,1454 1672,1472 1689,1472 1689,1454"/>
<TextEquiv>
<Unicode>ν</Unicode></TextEquiv></Glyph>
<TextEquiv>
<Unicode>Γερμανίαν</Unicode></TextEquiv></Word>
<Word id="r1110">
<Coords points="1724,1443 1813,1443 1814,1447 1815,1449 1821,1457 1822,1461 1823,1480 1821,1481 1813,1473 1748,1472 1721,1471 1720,1456 1721,1454 1722,1444"/>
<Glyph id="r10556">
<Coords points="1720,1443 1720,1471 1731,1471 1731,1443"/>
<TextEquiv>
<Unicode>ἐ</Unicode></TextEquiv></Glyph>
<Glyph id="r10557">
<Coords points="1735,1454 1735,1472 1753,1472 1753,1454"/>
<TextEquiv>
<Unicode>π</Unicode></TextEquiv></Glyph>
<Glyph id="r10558">
<Coords points="1757,1454 1757,1472 1769,1472 1769,1454"/>
<TextEquiv>
<Unicode>ε</Unicode></TextEquiv></Glyph>
<Glyph id="r10559">
<Coords points="1776,1454 1776,1472 1782,1472 1782,1454"/>
<TextEquiv>
<Unicode>ι</Unicode></TextEquiv></Glyph>
<Glyph id="r10560">
<Coords points="1786,1444 1786,1472 1801,1472 1801,1444"/>
<TextEquiv>
<Unicode>δ</Unicode></TextEquiv></Glyph>
<Glyph id="r10561">
<Coords points="1804,1443 1804,1482 1824,1482 1824,1443"/>
<TextEquiv>
<Unicode>ὴ</Unicode></TextEquiv></Glyph>
<TextEquiv>
<Unicode>ἐπειδὴ</Unicode></TextEquiv></Word>
<Word id="r1111">
<Coords points="1878,1443 1880,1444 1898,1455 1905,1458 1903,1464 1900,1470 1893,1472 1883,1473 1879,1472 1859,1471 1857,1470 1855,1464 1855,1461 1856,1458 1858,1445 1877,1444"/>
<Glyph id="r10562">
<Coords points="1855,1445 1855,1471 1871,1471 1871,1445"/>
<TextEquiv>
<Unicode>δ</Unicode></TextEquiv></Glyph>
<Glyph id="r10563">
<Coords points="1876,1444 1876,1472 1888,1472 1888,1444"/>
<TextEquiv>
<Unicode>ὲ</Unicode></TextEquiv></Glyph>
<Glyph id="r10564">
<Coords points="1892,1455 1892,1474 1907,1474 1907,1455"/>
<TextEquiv>
<Unicode>ν</Unicode></TextEquiv></Glyph>
<TextEquiv>
<Unicode>δὲν</Unicode></TextEquiv></Word>
<Word id="r1112">
<Coords points="1968,1445 1973,1446 1990,1455 1994,1456 1993,1473 1992,1476 1989,1479 1987,1480 1941,1480 1939,1481 1939,1455 1958,1451 1964,1447"/>
<Glyph id="r10565">
<Coords points="1939,1455 1937,1482 1957,1480 1957,1455"/>
<TextEquiv>
<Unicode>μ</Unicode></TextEquiv></Glyph>
<Glyph id="r10566">
<Coords points="1960,1446 1960,1472 1980,1472 1980,1446"/>
<TextEquiv>
<Unicode>ᾶ</Unicode></TextEquiv></Glyph>
<Glyph id="r10567">
<Coords points="1982,1456 1982,1479 1993,1479 1993,1456"/>
<TextEquiv>
<Unicode>ς</Unicode></TextEquiv></Glyph>
<TextEquiv>
<Unicode>μᾶς</Unicode></TextEquiv></Word>
<Word id="r1113">
<Coords points="2072,1444 2074,1445 2093,1445 2111,1456 2118,1457 2119,1459 2120,1475 2120,1477 2119,1481 2111,1474 2030,1473 2028,1472 2026,1464 2028,1456 2029,1450 2071,1445"/>
<Glyph id="r10568">
<Coords points="2026,1450 2026,1473 2039,1473 2039,1450"/>
<TextEquiv>
<Unicode>ἐ</Unicode></TextEquiv></Glyph>
<Glyph id="r10569">
<Coords points="2042,1448 2042,1473 2058,1473 2058,1448"/>
<TextEquiv>
<Unicode>δ</Unicode></TextEquiv></Glyph>
<Glyph id="r10571">
<Coords points="2102,1456 2102,1481 2121,1481 2121,1456"/>
<TextEquiv>
<Unicode>η</Unicode></TextEquiv></Glyph>
<Glyph id="r4803">
<Coords points="2063,1445 2063,1473 2080,1473 2080,1445"/>
<TextEquiv>
<Unicode>ό</Unicode></TextEquiv></Glyph>
<Glyph id="r4804">
<Coords points="2081,1445 2081,1473 2100,1473 2100,1445"/>
<TextEquiv>
<Unicode>θ</Unicode></TextEquiv></Glyph>
<TextEquiv>
<Unicode>ἐδόθη</Unicode></TextEquiv></Word>
<Word id="r1114">
<Coords points="2175,1444 2179,1445 2196,1445 2207,1456 2224,1456 2225,1461 2226,1478 2225,1474 2155,1474 2154,1472 2149,1470 2148,1466 2149,1464 2160,1449 2169,1445 2172,1445"/>
<Glyph id="r10574">
<Coords points="2210,1456 2210,1483 2232,1483 2227,1456"/>
<TextEquiv>
<Unicode>η</Unicode></TextEquiv></Glyph>
<Glyph id="r10575">
<Coords points="2192,1445 2192,1473 2207,1473 2207,1445"/>
<TextEquiv>
<Unicode>λ</Unicode></TextEquiv></Glyph>
<Glyph id="r4799">
<Coords points="2154,1445 2154,1473 2174,1473 2174,1445"/>
<TextEquiv>
<Unicode>ἄ</Unicode></TextEquiv></Glyph>
<Glyph id="r4800">
<Coords points="2175,1445 2175,1473 2191,1473 2191,1445"/>
<TextEquiv>
<Unicode>λ</Unicode></TextEquiv></Glyph>
<TextEquiv>
<Unicode>ἄλλη</Unicode></TextEquiv></Word>
<TextEquiv>
<Unicode>τὴν Γαλλίαν καὶ Γερμανίαν ἐπειδὴ δὲν μᾶς ἐδόθη ἄλλη</Unicode></TextEquiv></TextLine>
<TextLine id="r187">
<Coords points="1295,1488 1823,1488 1824,1489 2218,1489 2219,1490 2220,1490 2220,1491 2221,1492 2221,1494 2222,1495 2222,1500 2223,1501 2227,1501 2227,1502 2226,1503 2226,1507 2232,1518 2200,1518 2199,1519 2158,1519 2157,1520 2157,1522 2154,1525 2122,1525 2120,1527 1656,1527 1655,1526 1281,1526 1280,1525 1276,1525 1268,1517 1182,1517 1181,1516 1181,1500 1182,1499 1191,1499 1201,1489 1294,1489"/>
<Word id="r1115">
<Coords points="1295,1488 1308,1499 1315,1500 1319,1512 1321,1513 1319,1516 1296,1516 1289,1517 1280,1525 1277,1524 1267,1516 1181,1516 1181,1499 1191,1499 1201,1489 1294,1489"/>
<Glyph id="r10576">
<Coords points="1181,1499 1181,1518 1192,1519 1191,1499"/>
<TextEquiv>
<Unicode>ε</Unicode></TextEquiv></Glyph>
<Glyph id="r10577">
<Coords points="1194,1489 1197,1518 1214,1520 1213,1489"/>
<TextEquiv>
<Unicode>ὐ</Unicode></TextEquiv></Glyph>
<Glyph id="r10578">
<Coords points="1215,1500 1217,1517 1232,1520 1231,1500"/>
<TextEquiv>
<Unicode>κ</Unicode></TextEquiv></Glyph>
<Glyph id="r10579">
<Coords points="1237,1499 1236,1518 1252,1519 1251,1499"/>
<TextEquiv>
<Unicode>α</Unicode></TextEquiv></Glyph>
<Glyph id="r10580">
<Coords points="1258,1500 1258,1515 1266,1515 1266,1500"/>
<TextEquiv>
<Unicode>ι</Unicode></TextEquiv></Glyph>
<Glyph id="r10581">
<Coords points="1271,1499 1271,1524 1287,1524 1287,1499"/>
<TextEquiv>
<Unicode>ρ</Unicode></TextEquiv></Glyph>
<Glyph id="r6891">
<Coords points="1292,1489 1292,1516 1299,1516 1299,1489"/>
<TextEquiv>
<Unicode>ί</Unicode></TextEquiv></Glyph>
<Glyph id="r6892">
<Coords points="1303,1500 1303,1516 1322,1516 1322,1500"/>
<TextEquiv>
<Unicode>α</Unicode></TextEquiv></Glyph>
<TextEquiv>
<Unicode>εὐκαιρία</Unicode></TextEquiv></Word>
<Word id="r1116">
<Coords points="1378,1488 1380,1492 1383,1497 1386,1504 1388,1505 1387,1514 1386,1516 1357,1515 1356,1511 1355,1508 1350,1502 1351,1500 1365,1500"/>
<Glyph id="r10584">
<Coords points="1350,1500 1350,1515 1365,1515 1365,1500"/>
<TextEquiv>
<Unicode>ν</Unicode></TextEquiv></Glyph>
<Glyph id="r10585">
<Coords points="1370,1489 1370,1518 1389,1518 1389,1489"/>
<TextEquiv>
<Unicode>ὰ</Unicode></TextEquiv></Glyph>
<TextEquiv>
<Unicode>νὰ</Unicode></TextEquiv></Word>
<Word id="r1117">
<Coords points="1422,1488 1595,1488 1606,1499 1684,1499 1707,1500 1709,1501 1707,1502 1706,1505 1705,1509 1703,1512 1701,1516 1666,1517 1656,1526 1654,1525 1599,1525 1591,1517 1419,1516 1419,1500 1421,1489"/>
<Glyph id="r10586">
<Coords points="1419,1488 1419,1516 1430,1516 1430,1488"/>
<TextEquiv>
<Unicode>ἐ</Unicode></TextEquiv></Glyph>
<Glyph id="r10587">
<Coords points="1434,1499 1434,1516 1452,1516 1452,1499"/>
<TextEquiv>
<Unicode>π</Unicode></TextEquiv></Glyph>
<Glyph id="r10588">
<Coords points="1457,1500 1457,1516 1464,1516 1464,1500"/>
<TextEquiv>
<Unicode>ι</Unicode></TextEquiv></Glyph>
<Glyph id="r10589">
<Coords points="1466,1499 1466,1516 1484,1516 1484,1499"/>
<TextEquiv>
<Unicode>κ</Unicode></TextEquiv></Glyph>
<Glyph id="r10590">
<Coords points="1489,1499 1489,1516 1504,1516 1504,1499"/>
<TextEquiv>
<Unicode>ο</Unicode></TextEquiv></Glyph>
<Glyph id="r10592">
<Coords points="1538,1499 1538,1516 1564,1516 1564,1499"/>
<TextEquiv>
<Unicode>ω</Unicode></TextEquiv></Glyph>
<Glyph id="r10594">
<Coords points="1567,1500 1567,1516 1582,1516 1582,1500"/>
<TextEquiv>
<Unicode>ν</Unicode></TextEquiv></Glyph>
<Glyph id="r10595">
<Coords points="1582,1488 1582,1524 1601,1524 1601,1488"/>
<TextEquiv>
<Unicode>ή</Unicode></TextEquiv></Glyph>
<Glyph id="r10596">
<Coords points="1608,1500 1608,1517 1623,1517 1623,1500"/>
<TextEquiv>
<Unicode>σ</Unicode></TextEquiv></Glyph>
<Glyph id="r10597">
<Coords points="1627,1499 1627,1518 1652,1518 1652,1499"/>
<TextEquiv>
<Unicode>ω</Unicode></TextEquiv></Glyph>
<Glyph id="r10598">
<Coords points="1654,1499 1654,1525 1673,1525 1673,1499"/>
<TextEquiv>
<Unicode>μ</Unicode></TextEquiv></Glyph>
<Glyph id="r10599">
<Coords points="1677,1499 1677,1516 1689,1516 1689,1499"/>
<TextEquiv>
<Unicode>ε</Unicode></TextEquiv></Glyph>
<Glyph id="r10600">
<Coords points="1693,1500 1693,1518 1710,1518 1710,1500"/>
<TextEquiv>
<Unicode>ν</Unicode></TextEquiv></Glyph>
<Glyph id="r6889">
<Coords points="1509,1499 1509,1516 1516,1516 1516,1499"/>
<TextEquiv>
<Unicode>ι</Unicode></TextEquiv></Glyph>
<Glyph id="r6890">
<Coords points="1517,1499 1517,1516 1535,1516 1535,1499"/>
<TextEquiv>
<Unicode>ν</Unicode></TextEquiv></Glyph>
<TextEquiv>
<Unicode>ἐπικοινωνήσωμεν</Unicode></TextEquiv></Word>
<Word id="r1118">
<Coords points="1763,1489 1764,1491 1765,1494 1766,1499 1768,1500 1770,1507 1770,1514 1769,1516 1768,1517 1741,1518 1739,1526 1738,1525 1738,1501 1745,1500"/>
<Glyph id="r10601">
<Coords points="1738,1500 1738,1525 1756,1525 1756,1500"/>
<TextEquiv>
<Unicode>μ</Unicode></TextEquiv></Glyph>
<Glyph id="r10602">
<Coords points="1759,1490 1759,1517 1778,1521 1768,1490"/>
<TextEquiv>
<Unicode>ὲ</Unicode></TextEquiv></Glyph>
<TextEquiv>
<Unicode>μὲ</Unicode></TextEquiv></Word>
<Word id="r1119">
<Coords points="1823,1489 1824,1490 1825,1493 1827,1500 1829,1501 1831,1503 1832,1506 1832,1508 1830,1514 1828,1517 1827,1518 1807,1517 1801,1502 1806,1500 1812,1500"/>
<Glyph id="r10603">
<Coords points="1801,1500 1801,1517 1815,1517 1815,1500"/>
<TextEquiv>
<Unicode>τ</Unicode></TextEquiv></Glyph>
<Glyph id="r10604">
<Coords points="1819,1490 1819,1517 1831,1517 1831,1490"/>
<TextEquiv>
<Unicode>ὸ</Unicode></TextEquiv></Glyph>
<TextEquiv>
<Unicode>τὸ</Unicode></TextEquiv></Word>
<Word id="r1121">
<Coords points="1937,1489 1949,1501 1965,1501 1965,1504 1962,1510 1961,1513 1959,1515 1959,1518 1866,1518 1858,1517 1857,1514 1856,1510 1863,1502 1865,1496"/>
<Glyph id="r10605">
<Coords points="1862,1500 1862,1517 1881,1517 1881,1500"/>
<TextEquiv>
<Unicode>κ</Unicode></TextEquiv></Glyph>
<Glyph id="r10606">
<Coords points="1883,1500 1883,1517 1898,1517 1898,1500"/>
<TextEquiv>
<Unicode>ο</Unicode></TextEquiv></Glyph>
<Glyph id="r10607">
<Coords points="1903,1500 1903,1517 1910,1517 1910,1500"/>
<TextEquiv>
<Unicode>ι</Unicode></TextEquiv></Glyph>
<Glyph id="r10608">
<Coords points="1915,1501 1915,1517 1928,1517 1928,1501"/>
<TextEquiv>
<Unicode>ν</Unicode></TextEquiv></Glyph>
<Glyph id="r10609">
<Coords points="1933,1490 1933,1517 1949,1517 1949,1490"/>
<TextEquiv>
<Unicode>ὸ</Unicode></TextEquiv></Glyph>
<Glyph id="r10610">
<Coords points="1951,1501 1951,1520 1967,1520 1967,1501"/>
<TextEquiv>
<Unicode>ν</Unicode></TextEquiv></Glyph>
<TextEquiv>
<Unicode>κοινὸν</Unicode></TextEquiv></Word>
<Word id="r1122">
<Coords points="2018,1489 2065,1489 2076,1500 2119,1500 2146,1502 2158,1517 2156,1519 2154,1522 2121,1525 2038,1525 2034,1522 2019,1518 2000,1517 1997,1516 1997,1501 1999,1500 2007,1500"/>
<Glyph id="r10611">
<Coords points="1997,1500 1997,1517 2007,1517 2007,1500"/>
<TextEquiv>
<Unicode>ε</Unicode></TextEquiv></Glyph>
<Glyph id="r10612">
<Coords points="2011,1489 2011,1519 2029,1519 2029,1489"/>
<TextEquiv>
<Unicode>ὐ</Unicode></TextEquiv></Glyph>
<Glyph id="r10613">
<Coords points="2033,1500 2033,1524 2048,1524 2048,1500"/>
<TextEquiv>
<Unicode>ρ</Unicode></TextEquiv></Glyph>
<Glyph id="r10614">
<Coords points="2052,1489 2052,1518 2069,1518 2069,1489"/>
<TextEquiv>
<Unicode>ύ</Unicode></TextEquiv></Glyph>
<Glyph id="r10615">
<Coords points="2073,1500 2073,1518 2088,1518 2088,1500"/>
<TextEquiv>
<Unicode>τ</Unicode></TextEquiv></Glyph>
<Glyph id="r10616">
<Coords points="2092,1501 2092,1518 2103,1518 2103,1501"/>
<TextEquiv>
<Unicode>ε</Unicode></TextEquiv></Glyph>
<Glyph id="r10617">
<Coords points="2109,1500 2109,1524 2125,1524 2125,1500"/>
<TextEquiv>
<Unicode>ρ</Unicode></TextEquiv></Glyph>
<Glyph id="r10618">
<Coords points="2130,1502 2130,1518 2148,1518 2148,1502"/>
<TextEquiv>
<Unicode>α</Unicode></TextEquiv></Glyph>
<Glyph id="r4805">
<Coords points="2150,1512 2150,1526 2160,1526 2160,1512"/>
<TextEquiv>
<Unicode>,</Unicode></TextEquiv></Glyph>
<TextEquiv>
<Unicode>εὐρύτερα,</Unicode></TextEquiv></Word>
<Word id="r1123">
<Coords points="2197,1490 2219,1490 2231,1493 2232,1498 2234,1502 2236,1514 2239,1516 2196,1517 2193,1517 2192,1515 2190,1509 2189,1496 2195,1491"/>
<Glyph id="r10620">
<Coords points="2189,1490 2189,1516 2195,1524 2209,1516 2209,1490"/>
<TextEquiv>
<Unicode>θ</Unicode></TextEquiv></Glyph>
<Glyph id="r10621">
<Coords points="2212,1490 2212,1516 2222,1524 2228,1516 2228,1490"/>
<TextEquiv>
<Unicode>ὰ</Unicode></TextEquiv></Glyph>
<TextEquiv>
<Unicode>θὰ</Unicode></TextEquiv></Word>
<TextEquiv>
<Unicode>εὐκαιρία νὰ ἐπικοινωνήσωμεν μὲ τὸ κοινὸν εὐρύτερα, θὰ</Unicode></TextEquiv></TextLine>
<TextLine id="r188">
<Coords points="1385,1532 1386,1533 1639,1533 1640,1534 2071,1534 2073,1536 2209,1536 2219,1546 2226,1546 2227,1547 2229,1571 2219,1572 2215,1572 2211,1571 2210,1572 1942,1572 1941,1573 1940,1573 1938,1571 1208,1571 1200,1563 1182,1563 1181,1562 1179,1562 1179,1558 1180,1557 1180,1547 1182,1545 1184,1545 1195,1534 1201,1534 1202,1533 1384,1533"/>
<Word id="r1124">
<Coords points="1203,1533 1215,1544 1267,1544 1268,1557 1271,1558 1270,1561 1269,1562 1218,1562 1209,1570 1200,1562 1180,1561 1179,1559 1180,1552 1183,1545 1198,1534"/>
<Glyph id="r10622">
<Coords points="1179,1545 1179,1561 1191,1561 1191,1545"/>
<TextEquiv>
<Unicode>ε</Unicode></TextEquiv></Glyph>
<Glyph id="r10623">
<Coords points="1208,1545 1208,1569 1225,1569 1225,1545"/>
<TextEquiv>
<Unicode>μ</Unicode></TextEquiv></Glyph>
<Glyph id="r10624">
<Coords points="1230,1544 1230,1561 1247,1561 1247,1544"/>
<TextEquiv>
<Unicode>α</Unicode></TextEquiv></Glyph>
<Glyph id="r10625">
<Coords points="1253,1544 1253,1561 1259,1561 1259,1544"/>
<TextEquiv>
<Unicode>ι</Unicode></TextEquiv></Glyph>
<Glyph id="r10626">
<Coords points="1194,1534 1194,1562 1205,1562 1205,1534"/>
<TextEquiv>
<Unicode>ἶ</Unicode></TextEquiv></Glyph>
<TextEquiv>
<Unicode>εἶμαι</Unicode></TextEquiv></Word>
<Word id="r1125">
<Coords points="1308,1533 1386,1533 1396,1543 1414,1543 1413,1545 1412,1566 1408,1567 1397,1568 1397,1570 1355,1566 1290,1562 1285,1561 1285,1547 1286,1545 1288,1544 1297,1544"/>
<Glyph id="r10627">
<Coords points="1285,1544 1285,1562 1296,1562 1296,1544"/>
<TextEquiv>
<Unicode>ε</Unicode></TextEquiv></Glyph>
<Glyph id="r10628">
<Coords points="1300,1533 1300,1562 1317,1562 1317,1533"/>
<TextEquiv>
<Unicode>ὐ</Unicode></TextEquiv></Glyph>
<Glyph id="r10631">
<Coords points="1378,1533 1378,1569 1397,1569 1397,1533"/>
<TextEquiv>
<Unicode>ὴ</Unicode></TextEquiv></Glyph>
<Glyph id="r10632">
<Coords points="1401,1543 1401,1569 1416,1569 1416,1543"/>
<TextEquiv>
<Unicode>ς</Unicode></TextEquiv></Glyph>
<Glyph id="r6896">
<Coords points="1321,1544 1321,1562 1335,1562 1335,1544"/>
<TextEquiv>
<Unicode>τ</Unicode></TextEquiv></Glyph>
<Glyph id="r6897">
<Coords points="1337,1544 1337,1562 1356,1562 1356,1544"/>
<TextEquiv>
<Unicode>υ</Unicode></TextEquiv></Glyph>
<Glyph id="r6899">
<Coords points="1358,1544 1358,1572 1374,1572 1374,1544"/>
<TextEquiv>
<Unicode>χ</Unicode></TextEquiv></Glyph>
<TextEquiv>
<Unicode>εὐτυχὴς</Unicode></TextEquiv></Word>
<Word id="r1126">
<Coords points="1466,1533 1468,1535 1470,1539 1475,1550 1476,1557 1476,1558 1475,1561 1446,1561 1445,1557 1444,1554 1439,1547 1445,1546 1453,1545"/>
<Glyph id="r10634">
<Coords points="1442,1545 1442,1560 1454,1560 1454,1545"/>
<TextEquiv>
<Unicode>ν</Unicode></TextEquiv></Glyph>
<Glyph id="r10635">
<Coords points="1459,1534 1459,1562 1477,1562 1477,1534"/>
<TextEquiv>
<Unicode>ὰ</Unicode></TextEquiv></Glyph>
<TextEquiv>
<Unicode>νὰ</Unicode></TextEquiv></Word>
<Word id="r1127">
<Coords points="1536,1533 1548,1544 1572,1544 1585,1546 1587,1550 1587,1556 1585,1560 1554,1562 1545,1570 1536,1562 1514,1561 1503,1556 1499,1547 1501,1546 1508,1545 1519,1544"/>
<Glyph id="r10636">
<Coords points="1499,1545 1499,1563 1518,1563 1518,1545"/>
<TextEquiv>
<Unicode>κ</Unicode></TextEquiv></Glyph>
<Glyph id="r10637">
<Coords points="1522,1534 1522,1562 1542,1562 1542,1534"/>
<TextEquiv>
<Unicode>ά</Unicode></TextEquiv></Glyph>
<Glyph id="r6900">
<Coords points="1563,1544 1563,1563 1588,1563 1588,1544"/>
<TextEquiv>
<Unicode>ω</Unicode></TextEquiv></Glyph>
<Glyph id="r6901">
<Coords points="1544,1545 1544,1569 1562,1569 1562,1545"/>
<TextEquiv>
<Unicode>μ</Unicode></TextEquiv></Glyph>
<TextEquiv>
<Unicode>κάμω</Unicode></TextEquiv></Word>
<Word id="r1128">
<Coords points="1638,1533 1641,1534 1670,1541 1665,1564 1664,1566 1660,1568 1654,1566 1648,1562 1620,1561 1618,1560 1615,1551 1613,1546 1626,1545"/>
<Glyph id="r10640">
<Coords points="1613,1545 1613,1561 1627,1561 1627,1545"/>
<TextEquiv>
<Unicode>τ</Unicode></TextEquiv></Glyph>
<Glyph id="r10641">
<Coords points="1631,1534 1631,1563 1650,1563 1650,1534"/>
<TextEquiv>
<Unicode>ὰ</Unicode></TextEquiv></Glyph>
<Glyph id="r10642">
<Coords points="1653,1545 1653,1570 1667,1570 1667,1545"/>
<TextEquiv>
<Unicode>ς</Unicode></TextEquiv></Glyph>
<TextEquiv>
<Unicode>τὰς</Unicode></TextEquiv></Word>
<Word id="r1129">
<Coords points="1701,1534 1838,1534 1849,1545 1912,1545 1911,1564 1909,1568 1905,1569 1897,1563 1695,1561 1693,1557 1693,1552 1694,1549 1698,1545"/>
<Glyph id="r10643">
<Coords points="1693,1534 1693,1561 1712,1561 1712,1534"/>
<TextEquiv>
<Unicode>ἀ</Unicode></TextEquiv></Glyph>
<Glyph id="r10644">
<Coords points="1716,1545 1716,1561 1731,1561 1731,1545"/>
<TextEquiv>
<Unicode>ν</Unicode></TextEquiv></Glyph>
<Glyph id="r10645">
<Coords points="1734,1545 1734,1561 1749,1561 1749,1545"/>
<TextEquiv>
<Unicode>α</Unicode></TextEquiv></Glyph>
<Glyph id="r10646">
<Coords points="1752,1545 1752,1561 1770,1561 1770,1545"/>
<TextEquiv>
<Unicode>κ</Unicode></TextEquiv></Glyph>
<Glyph id="r10647">
<Coords points="1774,1544 1774,1561 1790,1561 1790,1544"/>
<TextEquiv>
<Unicode>ο</Unicode></TextEquiv></Glyph>
<Glyph id="r10648">
<Coords points="1794,1545 1794,1562 1801,1562 1801,1545"/>
<TextEquiv>
<Unicode>ι</Unicode></TextEquiv></Glyph>
<Glyph id="r10649">
<Coords points="1803,1545 1803,1562 1820,1562 1820,1545"/>
<TextEquiv>
<Unicode>ν</Unicode></TextEquiv></Glyph>
<Glyph id="r10650">
<Coords points="1823,1534 1823,1562 1846,1562 1846,1534"/>
<TextEquiv>
<Unicode>ώ</Unicode></TextEquiv></Glyph>
<Glyph id="r10651">
<Coords points="1852,1545 1852,1562 1869,1562 1869,1545"/>
<TextEquiv>
<Unicode>σ</Unicode></TextEquiv></Glyph>
<Glyph id="r10652">
<Coords points="1871,1545 1871,1562 1883,1562 1883,1545"/>
<TextEquiv>
<Unicode>ε</Unicode></TextEquiv></Glyph>
<Glyph id="r10653">
<Coords points="1889,1545 1889,1562 1897,1562 1897,1545"/>
<TextEquiv>
<Unicode>ι</Unicode></TextEquiv></Glyph>
<Glyph id="r10654">
<Coords points="1899,1545 1899,1570 1914,1570 1914,1545"/>
<TextEquiv>
<Unicode>ς</Unicode></TextEquiv></Glyph>
<TextEquiv>
<Unicode>ἀνακοινώσεις</Unicode></TextEquiv></Word>
<Word id="r1130">
<Coords points="1991,1544 1994,1546 1995,1552 1994,1558 1991,1561 1990,1563 1950,1563 1940,1572 1939,1546 1941,1545 1988,1545"/>
<Glyph id="r10655">
<Coords points="1939,1545 1939,1571 1957,1571 1957,1545"/>
<TextEquiv>
<Unicode>μ</Unicode></TextEquiv></Glyph>
<Glyph id="r10656">
<Coords points="1961,1545 1961,1562 1975,1562 1975,1545"/>
<TextEquiv>
<Unicode>ο</Unicode></TextEquiv></Glyph>
<Glyph id="r10657">
<Coords points="1978,1546 1978,1564 1995,1564 1995,1546"/>
<TextEquiv>
<Unicode>υ</Unicode></TextEquiv></Glyph>
<TextEquiv>
<Unicode>μου</Unicode></TextEquiv></Word>
<Word id="r1131">
<Coords points="2025,1534 2070,1534 2081,1545 2124,1545 2149,1546 2149,1549 2146,1556 2143,1562 2098,1563 2023,1562 2021,1555 2022,1547 2023,1540 2024,1535"/>
<Glyph id="r10658">
<Coords points="2021,1534 2021,1562 2032,1562 2032,1534"/>
<TextEquiv>
<Unicode>ἐ</Unicode></TextEquiv></Glyph>
<Glyph id="r10659">
<Coords points="2036,1546 2036,1562 2052,1562 2052,1546"/>
<TextEquiv>
<Unicode>ν</Unicode></TextEquiv></Glyph>
<Glyph id="r10660">
<Coords points="2055,1534 2055,1562 2078,1562 2078,1534"/>
<TextEquiv>
<Unicode>ώ</Unicode></TextEquiv></Glyph>
<Glyph id="r10662">
<Coords points="2080,1546 2080,1562 2101,1562 2101,1546"/>
<TextEquiv>
<Unicode>π</Unicode></TextEquiv></Glyph>
<Glyph id="r10664">
<Coords points="2134,1545 2134,1564 2150,1564 2150,1545"/>
<TextEquiv>
<Unicode>ν</Unicode></TextEquiv></Glyph>
<Glyph id="r6902">
<Coords points="2117,1545 2117,1562 2130,1562 2130,1545"/>
<TextEquiv>
<Unicode>ο</Unicode></TextEquiv></Glyph>
<Glyph id="r6903">
<Coords points="2106,1546 2106,1562 2112,1562 2112,1546"/>
<TextEquiv>
<Unicode>ι</Unicode></TextEquiv></Glyph>
<TextEquiv>
<Unicode>ἐνώπιον</Unicode></TextEquiv></Word>
<Word id="r1132">
<Coords points="2203,1536 2235,1546 2240,1554 2241,1563 2241,1564 2239,1565 2238,1568 2236,1569 2210,1571 2202,1564 2183,1563 2178,1559 2175,1551 2176,1547 2184,1546 2189,1546"/>
<Glyph id="r10665">
<Coords points="2175,1546 2175,1563 2190,1563 2190,1546"/>
<TextEquiv>
<Unicode>τ</Unicode></TextEquiv></Glyph>
<Glyph id="r10666">
<Coords points="2192,1537 2192,1570 2211,1570 2211,1537"/>
<TextEquiv>
<Unicode>ῆ</Unicode></TextEquiv></Glyph>
<Glyph id="r10667">
<Coords points="2216,1545 2216,1571 2228,1571 2228,1545"/>
<TextEquiv>
<Unicode>ς</Unicode></TextEquiv></Glyph>
<TextEquiv>
<Unicode>τῆς</Unicode></TextEquiv></Word>
<TextEquiv>
<Unicode>εἶμαι εὐτυχὴς νὰ κάμω τὰς ἀνακοινώσεις μου ἐνώπιον τῆς</Unicode></TextEquiv></TextLine>
<TextLine id="r189">
<Coords points="1353,1577 1354,1578 1709,1578 1710,1579 2130,1579 2141,1590 2217,1590 2218,1591 2223,1591 2224,1592 2224,1604 2227,1607 2228,1607 2227,1607 2226,1608 2212,1608 2211,1609 2170,1609 2161,1618 2041,1618 2040,1619 2039,1619 2037,1617 1905,1617 1904,1616 1729,1616 1728,1615 1544,1615 1543,1614 1294,1614 1288,1608 1284,1608 1283,1607 1180,1607 1181,1606 1181,1595 1184,1592 1184,1578 1352,1578"/>
<Word id="r1133">
<Coords points="1191,1578 1199,1579 1275,1579 1283,1580 1316,1591 1321,1592 1320,1611 1319,1613 1317,1614 1284,1618 1282,1606 1180,1607 1181,1600 1178,1575"/>
<Glyph id="r10668">
<Coords points="1181,1578 1181,1606 1205,1606 1205,1578"/>
<TextEquiv>
<Unicode>Β</Unicode></TextEquiv></Glyph>
<Glyph id="r10670">
<Coords points="1214,1589 1214,1606 1225,1606 1229,1596 1225,1589"/>
<TextEquiv>
<Unicode>ο</Unicode></TextEquiv></Glyph>
<Glyph id="r10671">
<Coords points="1234,1589 1234,1606 1249,1606 1249,1589"/>
<TextEquiv>
<Unicode>υ</Unicode></TextEquiv></Glyph>
<Glyph id="r10672">
<Coords points="1251,1579 1251,1606 1264,1606 1264,1579"/>
<TextEquiv>
<Unicode>λ</Unicode></TextEquiv></Glyph>
<Glyph id="r10673">
<Coords points="1268,1579 1268,1616 1285,1616 1285,1579"/>
<TextEquiv>
<Unicode>ῆ</Unicode></TextEquiv></Glyph>
<Glyph id="r10674">
<Coords points="1291,1589 1291,1614 1304,1614 1304,1589"/>
<TextEquiv>
<Unicode>ς</Unicode></TextEquiv></Glyph>
<Glyph id="r12079">
<Coords points="1307,1603 1307,1609 1314,1609 1314,1603"/>
<TextEquiv>
<Unicode>.</Unicode></TextEquiv></Glyph>
<TextEquiv>
<Unicode>Βουλῆς.</Unicode></TextEquiv></Word>
<Word id="r1134">
<Coords points="1353,1578 1374,1578 1393,1590 1400,1592 1399,1594 1398,1598 1396,1599 1395,1603 1394,1605 1394,1607 1343,1606 1343,1604 1344,1600 1345,1598 1346,1584 1347,1583"/>
<Glyph id="r10675">
<Coords points="1343,1578 1343,1606 1365,1606 1365,1578"/>
<TextEquiv>
<Unicode>Δ</Unicode></TextEquiv></Glyph>
<Glyph id="r10676">
<Coords points="1370,1578 1370,1606 1382,1606 1382,1578"/>
<TextEquiv>
<Unicode>ὲ</Unicode></TextEquiv></Glyph>
<Glyph id="r10677">
<Coords points="1387,1590 1387,1608 1402,1608 1402,1590"/>
<TextEquiv>
<Unicode>ν</Unicode></TextEquiv></Glyph>
<TextEquiv>
<Unicode>Δὲν</Unicode></TextEquiv></Word>
<Word id="r1135">
<Coords points="1457,1578 1460,1579 1464,1580 1477,1589 1482,1590 1484,1607 1483,1611 1480,1612 1472,1610 1435,1606 1433,1605 1431,1601 1432,1594 1433,1591 1435,1590 1444,1590 1455,1579"/>
<Glyph id="r10678">
<Coords points="1431,1589 1431,1606 1446,1606 1446,1589"/>
<TextEquiv>
<Unicode>σ</Unicode></TextEquiv></Glyph>
<Glyph id="r10679">
<Coords points="1451,1579 1451,1606 1470,1606 1470,1579"/>
<TextEquiv>
<Unicode>ᾶ</Unicode></TextEquiv></Glyph>
<Glyph id="r10680">
<Coords points="1472,1590 1472,1614 1484,1614 1484,1590"/>
<TextEquiv>
<Unicode>ς</Unicode></TextEquiv></Glyph>
<TextEquiv>
<Unicode>σᾶς</Unicode></TextEquiv></Word>
<Word id="r1136">
<Coords points="1568,1578 1576,1585 1599,1587 1633,1589 1637,1592 1640,1594 1649,1605 1648,1610 1647,1612 1645,1613 1542,1613 1537,1610 1515,1605 1514,1596 1515,1590 1517,1589 1556,1589"/>
<Glyph id="r10681">
<Coords points="1515,1589 1515,1608 1531,1608 1531,1589"/>
<TextEquiv>
<Unicode>κ</Unicode></TextEquiv></Glyph>
<Glyph id="r10682">
<Coords points="1537,1589 1537,1616 1552,1616 1552,1589"/>
<TextEquiv>
<Unicode>ρ</Unicode></TextEquiv></Glyph>
<Glyph id="r10683">
<Coords points="1556,1579 1556,1607 1574,1607 1574,1579"/>
<TextEquiv>
<Unicode>ύ</Unicode></TextEquiv></Glyph>
<Glyph id="r10684">
<Coords points="1577,1587 1577,1607 1597,1607 1597,1587"/>
<TextEquiv>
<Unicode>π</Unicode></TextEquiv></Glyph>
<Glyph id="r10685">
<Coords points="1601,1590 1601,1607 1611,1607 1611,1590"/>
<TextEquiv>
<Unicode>τ</Unicode></TextEquiv></Glyph>
<Glyph id="r10686">
<Coords points="1616,1589 1616,1608 1641,1608 1641,1589"/>
<TextEquiv>
<Unicode>ω</Unicode></TextEquiv></Glyph>
<Glyph id="r10687">
<Coords points="1644,1604 1644,1614 1651,1614 1651,1604"/>
<TextEquiv>
<Unicode>,</Unicode></TextEquiv></Glyph>
<TextEquiv>
<Unicode>κρύπτω,</Unicode></TextEquiv></Word>
<Word id="r1137">
<Coords points="1708,1578 1719,1589 1758,1589 1773,1591 1785,1605 1785,1611 1784,1614 1727,1614 1719,1610 1679,1606 1678,1604 1674,1602 1675,1599 1676,1592 1677,1590 1696,1590"/>
<Glyph id="r10690">
<Coords points="1720,1589 1720,1617 1732,1617 1732,1589"/>
<TextEquiv>
<Unicode>ρ</Unicode></TextEquiv></Glyph>
<Glyph id="r10692">
<Coords points="1740,1590 1740,1607 1747,1607 1747,1590"/>
<TextEquiv>
<Unicode>ι</Unicode></TextEquiv></Glyph>
<Glyph id="r10693">
<Coords points="1750,1589 1750,1607 1766,1607 1766,1589"/>
<TextEquiv>
<Unicode>ο</Unicode></TextEquiv></Glyph>
<Glyph id="r10694">
<Coords points="1771,1591 1771,1607 1779,1607 1779,1591"/>
<TextEquiv>
<Unicode>ι</Unicode></TextEquiv></Glyph>
<Glyph id="r6904">
<Coords points="1782,1605 1782,1614 1786,1614 1786,1605"/>
<TextEquiv>
<Unicode>,</Unicode></TextEquiv></Glyph>
<Glyph id="r6905">
<Coords points="1696,1579 1696,1607 1713,1607 1713,1579"/>
<TextEquiv>
<Unicode>ύ</Unicode></TextEquiv></Glyph>
<Glyph id="r6906">
<Coords points="1675,1590 1675,1606 1694,1606 1694,1590"/>
<TextEquiv>
<Unicode>κ</Unicode></TextEquiv></Glyph>
<TextEquiv>
<Unicode>κύριοι,</Unicode></TextEquiv></Word>
<Word id="r1138">
<Coords points="1830,1579 1849,1590 1856,1591 1857,1602 1861,1604 1860,1606 1844,1607 1819,1607 1817,1604 1816,1599 1817,1596 1819,1587 1824,1580"/>
<Glyph id="r10695">
<Coords points="1816,1580 1816,1609 1833,1609 1833,1580"/>
<TextEquiv>
<Unicode>ὅ</Unicode></TextEquiv></Glyph>
<Glyph id="r10696">
<Coords points="1835,1590 1835,1608 1850,1608 1850,1590"/>
<TextEquiv>
<Unicode>τ</Unicode></TextEquiv></Glyph>
<Glyph id="r10697">
<Coords points="1854,1591 1854,1608 1863,1608 1863,1591"/>
<TextEquiv>
<Unicode>ι</Unicode></TextEquiv></Glyph>
<TextEquiv>
<Unicode>ὅτι</Unicode></TextEquiv></Word>
<Word id="r1139">
<Coords points="1900,1579 1903,1590 1906,1597 1906,1616 1895,1608 1892,1600 1888,1595 1889,1593 1893,1588 1897,1580"/>
<Glyph id="r10698">
<Coords points="1888,1580 1888,1615 1911,1619 1905,1580"/>
<TextEquiv>
<Unicode>ἡ</Unicode></TextEquiv></Glyph>
<TextEquiv>
<Unicode>ἡ</Unicode></TextEquiv></Word>
<Word id="r1140">
<Coords points="1995,1579 2013,1590 2021,1591 2037,1591 2039,1592 2040,1604 2040,1617 2037,1617 1965,1615 1961,1612 1949,1608 1937,1607 1936,1599 1938,1592 1954,1590 1984,1587 1988,1585"/>
<Glyph id="r10699">
<Coords points="1936,1590 1936,1608 1956,1608 1956,1590"/>
<TextEquiv>
<Unicode>π</Unicode></TextEquiv></Glyph>
<Glyph id="r10700">
<Coords points="1961,1590 1961,1615 1976,1615 1976,1590"/>
<TextEquiv>
<Unicode>ρ</Unicode></TextEquiv></Glyph>
<Glyph id="r10701">
<Coords points="1981,1580 1981,1608 2003,1608 2003,1580"/>
<TextEquiv>
<Unicode>ώ</Unicode></TextEquiv></Glyph>
<Glyph id="r10702">
<Coords points="2007,1591 2007,1609 2020,1609 2020,1591"/>
<TextEquiv>
<Unicode>τ</Unicode></TextEquiv></Glyph>
<Glyph id="r10703">
<Coords points="2026,1591 2026,1621 2042,1621 2042,1591"/>
<TextEquiv>
<Unicode>η</Unicode></TextEquiv></Glyph>
<TextEquiv>
<Unicode>πρώτη</Unicode></TextEquiv></Word>
<Word id="r1141">
<Coords points="2129,1580 2140,1590 2216,1590 2222,1591 2223,1604 2224,1606 2211,1607 2170,1608 2161,1617 2104,1616 2100,1615 2096,1612 2072,1608 2071,1605 2070,1601 2071,1592 2075,1591 2100,1590 2119,1590"/>
<Glyph id="r10704">
<Coords points="2070,1591 2070,1608 2090,1608 2090,1591"/>
<TextEquiv>
<Unicode>π</Unicode></TextEquiv></Glyph>
<Glyph id="r10705">
<Coords points="2095,1590 2095,1616 2111,1616 2111,1590"/>
<TextEquiv>
<Unicode>ρ</Unicode></TextEquiv></Glyph>
<Glyph id="r10706">
<Coords points="2116,1581 2116,1609 2134,1609 2134,1581"/>
<TextEquiv>
<Unicode>ά</Unicode></TextEquiv></Glyph>
<Glyph id="r10707">
<Coords points="2137,1591 2137,1616 2155,1616 2155,1591"/>
<TextEquiv>
<Unicode>γ</Unicode></TextEquiv></Glyph>
<Glyph id="r10708">
<Coords points="2157,1591 2157,1616 2174,1616 2174,1591"/>
<TextEquiv>
<Unicode>μ</Unicode></TextEquiv></Glyph>
<Glyph id="r10709">
<Coords points="2182,1591 2182,1607 2199,1607 2199,1591"/>
<TextEquiv>
<Unicode>α</Unicode></TextEquiv></Glyph>
<Glyph id="r10710">
<Coords points="2203,1591 2203,1607 2217,1607 2217,1591"/>
<TextEquiv>
<Unicode>τ</Unicode></TextEquiv></Glyph>
<Glyph id="r10711">
<Coords points="2221,1591 2221,1609 2226,1609 2226,1591"/>
<TextEquiv>
<Unicode>ι</Unicode></TextEquiv></Glyph>
<TextEquiv>
<Unicode>πράγματι</Unicode></TextEquiv></Word>
<TextEquiv>
<Unicode>Βουλῆς. Δὲν σᾶς κρύπτω, κύριοι, ὅτι ἡ πρώτη πράγματι</Unicode></TextEquiv></TextLine>
<TextLine id="r190">
<Coords points="1228,1623 1705,1623 1707,1625 2178,1625 2189,1636 2223,1636 2224,1637 2225,1637 2226,1638 2226,1640 2227,1641 2227,1650 2228,1651 2228,1663 2226,1663 2225,1662 1274,1662 1272,1660 1270,1660 1269,1659 1268,1659 1267,1658 1266,1658 1261,1653 1185,1653 1183,1651 1182,1651 1182,1649 1181,1648 1181,1643 1182,1642 1182,1639 1185,1636 1194,1636 1195,1635 1204,1635 1205,1634 1216,1634 1224,1626 1225,1626"/>
<Word id="r1142">
<Coords points="1228,1623 1293,1624 1294,1628 1297,1633 1300,1646 1302,1648 1300,1652 1274,1652 1273,1661 1270,1659 1267,1658 1261,1652 1183,1651 1181,1648 1181,1642 1183,1637 1194,1635 1204,1634 1216,1634 1224,1626"/>
<Glyph id="r10712">
<Coords points="1181,1635 1181,1651 1196,1651 1196,1635"/>
<TextEquiv>
<Unicode>σ</Unicode></TextEquiv></Glyph>
<Glyph id="r10713">
<Coords points="1200,1634 1200,1651 1216,1651 1216,1634"/>
<TextEquiv>
<Unicode>ο</Unicode></TextEquiv></Glyph>
<Glyph id="r10714">
<Coords points="1219,1624 1219,1651 1235,1651 1235,1624"/>
<TextEquiv>
<Unicode>β</Unicode></TextEquiv></Glyph>
<Glyph id="r10715">
<Coords points="1240,1635 1240,1651 1260,1651 1260,1635"/>
<TextEquiv>
<Unicode>α</Unicode></TextEquiv></Glyph>
<Glyph id="r10716">
<Coords points="1264,1634 1264,1660 1279,1660 1279,1634"/>
<TextEquiv>
<Unicode>ρ</Unicode></TextEquiv></Glyph>
<Glyph id="r10717">
<Coords points="1284,1624 1284,1651 1299,1651 1299,1624"/>
<TextEquiv>
<Unicode>ὰ</Unicode></TextEquiv></Glyph>
<TextEquiv>
<Unicode>σοβαρὰ</Unicode></TextEquiv></Word>
<Word id="r1143">
<Coords points="1449,1623 1451,1624 1468,1624 1478,1634 1530,1628 1524,1640 1525,1649 1524,1651 1501,1651 1371,1653 1362,1660 1358,1659 1353,1655 1329,1645 1330,1637 1333,1636 1335,1635 1358,1634 1437,1634"/>
<Glyph id="r10718">
<Coords points="1329,1635 1329,1653 1347,1653 1347,1635"/>
<TextEquiv>
<Unicode>π</Unicode></TextEquiv></Glyph>
<Glyph id="r10719">
<Coords points="1353,1634 1353,1659 1368,1659 1368,1634"/>
<TextEquiv>
<Unicode>ρ</Unicode></TextEquiv></Glyph>
<Glyph id="r10720">
<Coords points="1373,1634 1373,1652 1387,1652 1387,1634"/>
<TextEquiv>
<Unicode>ο</Unicode></TextEquiv></Glyph>
<Glyph id="r10721">
<Coords points="1393,1634 1393,1652 1411,1652 1411,1634"/>
<TextEquiv>
<Unicode>σ</Unicode></TextEquiv></Glyph>
<Glyph id="r10722">
<Coords points="1413,1635 1413,1652 1431,1652 1431,1635"/>
<TextEquiv>
<Unicode>π</Unicode></TextEquiv></Glyph>
<Glyph id="r10723">
<Coords points="1435,1624 1435,1651 1453,1651 1453,1624"/>
<TextEquiv>
<Unicode>ά</Unicode></TextEquiv></Glyph>
<Glyph id="r10725">
<Coords points="1478,1634 1478,1651 1492,1651 1492,1634"/>
<TextEquiv>
<Unicode>ε</Unicode></TextEquiv></Glyph>
<Glyph id="r10726">
<Coords points="1497,1635 1497,1651 1503,1651 1503,1635"/>
<TextEquiv>
<Unicode>ι</Unicode></TextEquiv></Glyph>
<Glyph id="r10727">
<Coords points="1508,1634 1508,1650 1524,1650 1524,1634"/>
<TextEquiv>
<Unicode>α</Unicode></TextEquiv></Glyph>
<Glyph id="r12081">
<Coords points="1456,1624 1456,1651 1476,1651 1476,1624"/>
<TextEquiv>
<Unicode>θ</Unicode></TextEquiv></Glyph>
<TextEquiv>
<Unicode>προσπάθεια</Unicode></TextEquiv></Word>
<Word id="r1144">
<Coords points="1658,1623 1704,1623 1716,1635 1789,1635 1788,1657 1785,1658 1588,1660 1584,1659 1579,1655 1555,1651 1556,1637 1558,1635 1584,1634 1647,1634"/>
<Glyph id="r10728">
<Coords points="1555,1635 1555,1652 1573,1652 1573,1635"/>
<TextEquiv>
<Unicode>π</Unicode></TextEquiv></Glyph>
<Glyph id="r10729">
<Coords points="1579,1634 1579,1659 1595,1659 1595,1634"/>
<TextEquiv>
<Unicode>ρ</Unicode></TextEquiv></Glyph>
<Glyph id="r10730">
<Coords points="1600,1634 1600,1652 1614,1652 1614,1634"/>
<TextEquiv>
<Unicode>ο</Unicode></TextEquiv></Glyph>
<Glyph id="r10731">
<Coords points="1620,1635 1620,1652 1636,1652 1636,1635"/>
<TextEquiv>
<Unicode>σ</Unicode></TextEquiv></Glyph>
<Glyph id="r10732">
<Coords points="1639,1634 1639,1653 1651,1653 1651,1634"/>
<TextEquiv>
<Unicode>ε</Unicode></TextEquiv></Glyph>
<Glyph id="r10735">
<Coords points="1715,1635 1715,1653 1732,1653 1732,1635"/>
<TextEquiv>
<Unicode>σ</Unicode></TextEquiv></Glyph>
<Glyph id="r10736">
<Coords points="1735,1635 1735,1652 1745,1652 1745,1635"/>
<TextEquiv>
<Unicode>ε</Unicode></TextEquiv></Glyph>
<Glyph id="r10737">
<Coords points="1750,1635 1750,1653 1772,1653 1772,1635"/>
<TextEquiv>
<Unicode>ω</Unicode></TextEquiv></Glyph>
<Glyph id="r10738">
<Coords points="1692,1624 1692,1653 1709,1653 1709,1624"/>
<TextEquiv>
<Unicode>ύ</Unicode></TextEquiv></Glyph>
<Glyph id="r12082">
<Coords points="1656,1623 1656,1652 1671,1652 1671,1623"/>
<TextEquiv>
<Unicode>λ</Unicode></TextEquiv></Glyph>
<Glyph id="r12083">
<Coords points="1672,1635 1672,1652 1691,1652 1691,1635"/>
<TextEquiv>
<Unicode>κ</Unicode></TextEquiv></Glyph>
<Glyph id="r12084">
<Coords points="1777,1635 1777,1659 1790,1659 1790,1635"/>
<TextEquiv>
<Unicode>ς</Unicode></TextEquiv></Glyph>
<TextEquiv>
<Unicode>προσελκύσεως</Unicode></TextEquiv></Word>
<Word id="r1145">
<Coords points="1930,1625 1974,1625 1990,1635 1998,1636 2025,1634 2041,1644 2040,1648 2038,1652 2037,1655 2034,1661 1896,1657 1891,1661 1883,1653 1857,1652 1846,1649 1845,1643 1843,1639 1850,1636 1857,1635 1920,1635"/>
<Glyph id="r10739">
<Coords points="1845,1635 1845,1652 1863,1652 1863,1635"/>
<TextEquiv>
<Unicode>κ</Unicode></TextEquiv></Glyph>
<Glyph id="r10740">
<Coords points="1865,1635 1865,1652 1877,1652 1877,1635"/>
<TextEquiv>
<Unicode>ε</Unicode></TextEquiv></Glyph>
<Glyph id="r10741">
<Coords points="1881,1635 1881,1660 1905,1660 1905,1635"/>
<TextEquiv>
<Unicode>φ</Unicode></TextEquiv></Glyph>
<Glyph id="r10742">
<Coords points="1908,1635 1908,1653 1926,1653 1926,1635"/>
<TextEquiv>
<Unicode>α</Unicode></TextEquiv></Glyph>
<Glyph id="r10743">
<Coords points="1928,1625 1928,1653 1944,1653 1944,1625"/>
<TextEquiv>
<Unicode>λ</Unicode></TextEquiv></Glyph>
<Glyph id="r10744">
<Coords points="1948,1636 1948,1653 1966,1653 1966,1636"/>
<TextEquiv>
<Unicode>α</Unicode></TextEquiv></Glyph>
<Glyph id="r10745">
<Coords points="1970,1625 1970,1654 1976,1654 1976,1625"/>
<TextEquiv>
<Unicode>ί</Unicode></TextEquiv></Glyph>
<Glyph id="r10746">
<Coords points="1980,1635 1980,1653 2005,1653 2005,1635"/>
<TextEquiv>
<Unicode>ω</Unicode></TextEquiv></Glyph>
<Glyph id="r10747">
<Coords points="2027,1650 2024,1664 2031,1658 2031,1650"/>
<TextEquiv>
<Unicode>,</Unicode></TextEquiv></Glyph>
<Glyph id="r12086">
<Coords points="2007,1636 2007,1654 2020,1654 2020,1636"/>
<TextEquiv>
<Unicode>ν</Unicode></TextEquiv></Glyph>
<TextEquiv>
<Unicode>κεφαλαίων,</Unicode></TextEquiv></Word>
<Word id="r1147">
<Coords points="2089,1625 2177,1625 2188,1636 2224,1633 2231,1634 2235,1636 2236,1642 2237,1653 2235,1658 2228,1666 2147,1660 2143,1657 2089,1653 2086,1652 2087,1644 2089,1635"/>
<Glyph id="r10749">
<Coords points="2086,1625 2086,1653 2098,1653 2098,1625"/>
<TextEquiv>
<Unicode>ἐ</Unicode></TextEquiv></Glyph>
<Glyph id="r10750">
<Coords points="2104,1636 2104,1654 2121,1654 2121,1636"/>
<TextEquiv>
<Unicode>σ</Unicode></TextEquiv></Glyph>
<Glyph id="r10751">
<Coords points="2123,1636 2123,1654 2135,1654 2135,1636"/>
<TextEquiv>
<Unicode>τ</Unicode></TextEquiv></Glyph>
<Glyph id="r10752">
<Coords points="2143,1636 2143,1660 2159,1660 2159,1636"/>
<TextEquiv>
<Unicode>ρ</Unicode></TextEquiv></Glyph>
<Glyph id="r10753">
<Coords points="2164,1626 2164,1654 2181,1654 2181,1626"/>
<TextEquiv>
<Unicode>ά</Unicode></TextEquiv></Glyph>
<Glyph id="r10754">
<Coords points="2185,1636 2185,1662 2207,1662 2207,1636"/>
<TextEquiv>
<Unicode>φ</Unicode></TextEquiv></Glyph>
<Glyph id="r10755">
<Coords points="2209,1636 2209,1663 2232,1661 2228,1636"/>
<TextEquiv>
<Unicode>η</Unicode></TextEquiv></Glyph>
<TextEquiv>
<Unicode>ἐστράφη</Unicode></TextEquiv></Word>
<TextEquiv>
<Unicode>σοβαρὰ προσπάθεια προσελκύσεως κεφαλαίων, ἐστράφη</Unicode></TextEquiv></TextLine>
<TextLine id="r191">
<Coords points="1227,1668 1542,1668 1543,1669 1929,1669 1930,1670 2146,1670 2156,1680 2202,1680 2203,1681 2227,1681 2228,1682 2228,1686 2226,1688 2226,1690 2225,1691 2225,1693 2224,1693 2223,1694 2223,1696 2222,1697 2222,1698 2204,1698 2203,1699 2197,1699 2191,1705 2191,1706 2190,1707 2190,1708 2147,1708 2146,1707 1313,1707 1312,1706 1212,1706 1211,1705 1208,1705 1207,1704 1206,1704 1200,1698 1181,1698 1181,1685 1179,1683 1180,1682 1181,1682 1182,1681 1195,1681 1196,1680 1215,1680"/>
<Word id="r1148">
<Coords points="1227,1668 1246,1679 1253,1680 1252,1700 1251,1702 1249,1703 1248,1704 1210,1708 1203,1700 1181,1698 1181,1691 1179,1682 1181,1681 1195,1680 1215,1680"/>
<Glyph id="r10756">
<Coords points="1179,1680 1179,1698 1199,1698 1199,1680"/>
<TextEquiv>
<Unicode>π</Unicode></TextEquiv></Glyph>
<Glyph id="r10757">
<Coords points="1203,1680 1203,1706 1219,1706 1219,1680"/>
<TextEquiv>
<Unicode>ρ</Unicode></TextEquiv></Glyph>
<Glyph id="r10758">
<Coords points="1223,1669 1223,1697 1237,1697 1237,1669"/>
<TextEquiv>
<Unicode>ὸ</Unicode></TextEquiv></Glyph>
<Glyph id="r10759">
<Coords points="1242,1680 1242,1704 1255,1704 1255,1680"/>
<TextEquiv>
<Unicode>ς</Unicode></TextEquiv></Glyph>
<TextEquiv>
<Unicode>πρὸς</Unicode></TextEquiv></Word>
<Word id="r1149">
<Coords points="1304,1668 1318,1681 1334,1681 1333,1686 1331,1688 1330,1690 1328,1692 1327,1697 1316,1698 1314,1706 1305,1698 1287,1697 1286,1696 1282,1695 1280,1682 1282,1681 1291,1681"/>
<Glyph id="r10760">
<Coords points="1280,1680 1280,1697 1295,1697 1295,1680"/>
<TextEquiv>
<Unicode>τ</Unicode></TextEquiv></Glyph>
<Glyph id="r10761">
<Coords points="1297,1669 1297,1708 1317,1708 1317,1669"/>
<TextEquiv>
<Unicode>ὴ</Unicode></TextEquiv></Glyph>
<Glyph id="r10762">
<Coords points="1319,1680 1319,1700 1336,1700 1336,1680"/>
<TextEquiv>
<Unicode>ν</Unicode></TextEquiv></Glyph>
<TextEquiv>
<Unicode>τὴν</Unicode></TextEquiv></Word>
<Word id="r1150">
<Coords points="1449,1668 1462,1680 1502,1681 1504,1682 1506,1688 1507,1690 1509,1692 1509,1693 1507,1697 1359,1697 1359,1669 1448,1669"/>
<Glyph id="r10763">
<Coords points="1359,1669 1359,1696 1383,1696 1383,1669"/>
<TextEquiv>
<Unicode>Γ</Unicode></TextEquiv></Glyph>
<Glyph id="r10764">
<Coords points="1388,1680 1388,1696 1406,1696 1406,1680"/>
<TextEquiv>
<Unicode>α</Unicode></TextEquiv></Glyph>
<Glyph id="r10765">
<Coords points="1409,1669 1409,1696 1423,1696 1423,1669"/>
<TextEquiv>
<Unicode>λ</Unicode></TextEquiv></Glyph>
<Glyph id="r10766">
<Coords points="1426,1669 1426,1696 1441,1696 1441,1669"/>
<TextEquiv>
<Unicode>λ</Unicode></TextEquiv></Glyph>
<Glyph id="r10767">
<Coords points="1446,1669 1446,1698 1454,1698 1454,1669"/>
<TextEquiv>
<Unicode>ί</Unicode></TextEquiv></Glyph>
<Glyph id="r10768">
<Coords points="1458,1680 1458,1696 1474,1696 1474,1680"/>
<TextEquiv>
<Unicode>α</Unicode></TextEquiv></Glyph>
<Glyph id="r10770">
<Coords points="1478,1681 1478,1696 1493,1696 1493,1681"/>
<TextEquiv>
<Unicode>ν</Unicode></TextEquiv></Glyph>
<Glyph id="r12089">
<Coords points="1498,1693 1498,1699 1505,1699 1505,1693"/>
<TextEquiv>
<Unicode>.</Unicode></TextEquiv></Glyph>
<TextEquiv>
<Unicode>Γαλλίαν.</Unicode></TextEquiv></Word>
<Word id="r1151">
<Coords points="1541,1669 1565,1669 1566,1671 1566,1691 1569,1693 1568,1696 1529,1696 1531,1680"/>
<Glyph id="r10771">
<Coords points="1529,1669 1529,1698 1553,1698 1553,1669"/>
<TextEquiv>
<Unicode>Α</Unicode></TextEquiv></Glyph>
<Glyph id="r10772">
<Coords points="1560,1669 1560,1698 1571,1698 1571,1669"/>
<TextEquiv>
<Unicode>ἱ</Unicode></TextEquiv></Glyph>
<TextEquiv>
<Unicode>Αἱ</Unicode></TextEquiv></Word>
<Word id="r1152">
<Coords points="1617,1669 1770,1669 1781,1680 1801,1680 1802,1687 1804,1693 1805,1697 1763,1698 1755,1706 1649,1706 1641,1698 1595,1697 1594,1689 1595,1682 1598,1681 1603,1680"/>
<Glyph id="r10774">
<Coords points="1633,1680 1633,1705 1651,1705 1651,1680"/>
<TextEquiv>
<Unicode>η</Unicode></TextEquiv></Glyph>
<Glyph id="r10775">
<Coords points="1658,1680 1658,1705 1674,1705 1674,1680"/>
<TextEquiv>
<Unicode>ρ</Unicode></TextEquiv></Glyph>
<Glyph id="r10776">
<Coords points="1679,1679 1679,1698 1693,1698 1693,1679"/>
<TextEquiv>
<Unicode>ο</Unicode></TextEquiv></Glyph>
<Glyph id="r10777">
<Coords points="1698,1680 1698,1705 1720,1705 1720,1680"/>
<TextEquiv>
<Unicode>φ</Unicode></TextEquiv></Glyph>
<Glyph id="r10779">
<Coords points="1724,1680 1724,1698 1738,1698 1738,1680"/>
<TextEquiv>
<Unicode>ο</Unicode></TextEquiv></Glyph>
<Glyph id="r10780">
<Coords points="1744,1680 1744,1705 1759,1705 1759,1680"/>
<TextEquiv>
<Unicode>ρ</Unicode></TextEquiv></Glyph>
<Glyph id="r10781">
<Coords points="1765,1669 1765,1697 1772,1697 1772,1669"/>
<TextEquiv>
<Unicode>ί</Unicode></TextEquiv></Glyph>
<Glyph id="r10782">
<Coords points="1776,1680 1776,1697 1795,1697 1795,1680"/>
<TextEquiv>
<Unicode>α</Unicode></TextEquiv></Glyph>
<Glyph id="r10783">
<Coords points="1799,1681 1799,1697 1810,1700 1804,1681"/>
<TextEquiv>
<Unicode>ι</Unicode></TextEquiv></Glyph>
<Glyph id="r12087">
<Coords points="1616,1669 1616,1697 1630,1697 1630,1669"/>
<TextEquiv>
<Unicode>λ</Unicode></TextEquiv></Glyph>
<Glyph id="r12088">
<Coords points="1594,1680 1594,1697 1614,1697 1614,1680"/>
<TextEquiv>
<Unicode>π</Unicode></TextEquiv></Glyph>
<TextEquiv>
<Unicode>πληροφορίαι</Unicode></TextEquiv></Word>
<Word id="r1153">
<Coords points="1832,1680 1889,1680 1888,1682 1887,1700 1886,1702 1885,1703 1883,1704 1833,1705 1832,1706"/>
<Glyph id="r10784">
<Coords points="1832,1680 1831,1710 1851,1705 1851,1680"/>
<TextEquiv>
<Unicode>μ</Unicode></TextEquiv></Glyph>
<Glyph id="r10785">
<Coords points="1854,1680 1854,1698 1871,1698 1871,1680"/>
<TextEquiv>
<Unicode>α</Unicode></TextEquiv></Glyph>
<Glyph id="r10786">
<Coords points="1876,1680 1876,1704 1888,1704 1888,1680"/>
<TextEquiv>
<Unicode>ς</Unicode></TextEquiv></Glyph>
<TextEquiv>
<Unicode>μας</Unicode></TextEquiv></Word>
<Word id="r1154">
<Coords points="1923,1669 1927,1670 1939,1680 1964,1680 1995,1683 1994,1686 1988,1698 1935,1702 1926,1702 1919,1698 1916,1691 1913,1687 1914,1685 1917,1681 1919,1670 1922,1670"/>
<Glyph id="r10787">
<Coords points="1913,1670 1913,1708 1934,1708 1934,1670"/>
<TextEquiv>
<Unicode>ἦ</Unicode></TextEquiv></Glyph>
<Glyph id="r10788">
<Coords points="1939,1681 1939,1698 1957,1698 1957,1681"/>
<TextEquiv>
<Unicode>σ</Unicode></TextEquiv></Glyph>
<Glyph id="r10789">
<Coords points="1959,1681 1959,1698 1977,1698 1977,1681"/>
<TextEquiv>
<Unicode>α</Unicode></TextEquiv></Glyph>
<Glyph id="r10790">
<Coords points="1980,1682 1980,1701 1994,1701 1994,1682"/>
<TextEquiv>
<Unicode>ν</Unicode></TextEquiv></Glyph>
<TextEquiv>
<Unicode>ἦσαν</Unicode></TextEquiv></Word>
<Word id="r1155">
<Coords points="2029,1670 2060,1680 2068,1681 2072,1697 2067,1698 2060,1699 2015,1703 2015,1693 2016,1686 2022,1676 2024,1671"/>
<Glyph id="r10791">
<Coords points="2018,1671 2018,1700 2033,1700 2033,1671"/>
<TextEquiv>
<Unicode>ὅ</Unicode></TextEquiv></Glyph>
<Glyph id="r10792">
<Coords points="2037,1680 2037,1699 2051,1699 2051,1680"/>
<TextEquiv>
<Unicode>τ</Unicode></TextEquiv></Glyph>
<Glyph id="r10793">
<Coords points="2057,1681 2057,1698 2065,1698 2065,1681"/>
<TextEquiv>
<Unicode>ι</Unicode></TextEquiv></Glyph>
<TextEquiv>
<Unicode>ὅτι</Unicode></TextEquiv></Word>
<Word id="r1156">
<Coords points="2096,1670 2137,1670 2146,1671 2160,1680 2166,1681 2225,1678 2231,1685 2234,1687 2235,1691 2236,1697 2236,1700 2202,1697 2192,1699 2190,1704 2189,1706 2146,1707 2138,1699 2096,1698 2094,1697 2090,1687 2089,1683 2095,1673"/>
<Glyph id="r10794">
<Coords points="2089,1670 2089,1698 2107,1698 2107,1670"/>
<TextEquiv>
<Unicode>ὑ</Unicode></TextEquiv></Glyph>
<Glyph id="r10795">
<Coords points="2109,1680 2109,1698 2128,1698 2128,1680"/>
<TextEquiv>
<Unicode>π</Unicode></TextEquiv></Glyph>
<Glyph id="r10796">
<Coords points="2130,1671 2130,1706 2149,1706 2149,1671"/>
<TextEquiv>
<Unicode>ῆ</Unicode></TextEquiv></Glyph>
<Glyph id="r10797">
<Coords points="2156,1681 2156,1706 2171,1706 2171,1681"/>
<TextEquiv>
<Unicode>ρ</Unicode></TextEquiv></Glyph>
<Glyph id="r10798">
<Coords points="2174,1681 2174,1706 2191,1706 2191,1681"/>
<TextEquiv>
<Unicode>χ</Unicode></TextEquiv></Glyph>
<Glyph id="r10799">
<Coords points="2196,1680 2196,1697 2210,1697 2210,1680"/>
<TextEquiv>
<Unicode>ο</Unicode></TextEquiv></Glyph>
<Glyph id="r10800">
<Coords points="2212,1681 2212,1698 2228,1698 2228,1681"/>
<TextEquiv>
<Unicode>ν</Unicode></TextEquiv></Glyph>
<TextEquiv>
<Unicode>ὑπῆρχον</Unicode></TextEquiv></Word>
<TextEquiv>
<Unicode>πρὸς τὴν Γαλλίαν. Αἱ πληροφορίαι μας ἦσαν ὅτι ὑπῆρχον</Unicode></TextEquiv></TextLine>
<TextLine id="r192">
<Coords points="1510,1713 1905,1713 1906,1714 1986,1714 1987,1715 2100,1715 2110,1725 2122,1725 2123,1726 2227,1726 2227,1743 2226,1744 2226,1746 2225,1747 2225,1748 2224,1748 2223,1749 2222,1749 2220,1751 2019,1751 2018,1752 1328,1752 1319,1743 1282,1743 1281,1742 1183,1742 1182,1741 1182,1740 1181,1739 1181,1716 1182,1715 1284,1715 1285,1714 1509,1714"/>
<Word id="r1157">
<Coords points="1286,1714 1297,1724 1359,1724 1382,1725 1381,1742 1380,1745 1379,1747 1375,1748 1331,1750 1328,1751 1319,1742 1184,1745 1181,1739 1181,1715 1284,1715"/>
<Glyph id="r10801">
<Coords points="1181,1715 1181,1742 1194,1742 1194,1715"/>
<TextEquiv>
<Unicode>δ</Unicode></TextEquiv></Glyph>
<Glyph id="r10802">
<Coords points="1198,1725 1198,1742 1214,1742 1214,1725"/>
<TextEquiv>
<Unicode>υ</Unicode></TextEquiv></Glyph>
<Glyph id="r10803">
<Coords points="1220,1725 1220,1742 1235,1742 1235,1725"/>
<TextEquiv>
<Unicode>ν</Unicode></TextEquiv></Glyph>
<Glyph id="r10804">
<Coords points="1238,1725 1238,1742 1254,1742 1254,1725"/>
<TextEquiv>
<Unicode>α</Unicode></TextEquiv></Glyph>
<Glyph id="r10805">
<Coords points="1258,1725 1258,1742 1272,1742 1272,1725"/>
<TextEquiv>
<Unicode>τ</Unicode></TextEquiv></Glyph>
<Glyph id="r10806">
<Coords points="1276,1715 1276,1742 1291,1742 1291,1715"/>
<TextEquiv>
<Unicode>ό</Unicode></TextEquiv></Glyph>
<Glyph id="r10807">
<Coords points="1293,1724 1293,1742 1309,1742 1309,1724"/>
<TextEquiv>
<Unicode>τ</Unicode></TextEquiv></Glyph>
<Glyph id="r10808">
<Coords points="1311,1725 1311,1750 1332,1750 1332,1725"/>
<TextEquiv>
<Unicode>η</Unicode></TextEquiv></Glyph>
<Glyph id="r10809">
<Coords points="1335,1725 1335,1742 1349,1742 1349,1725"/>
<TextEquiv>
<Unicode>τ</Unicode></TextEquiv></Glyph>
<Glyph id="r10810">
<Coords points="1354,1724 1354,1743 1365,1743 1365,1724"/>
<TextEquiv>
<Unicode>ε</Unicode></TextEquiv></Glyph>
<Glyph id="r10811">
<Coords points="1370,1725 1370,1748 1380,1748 1380,1725"/>
<TextEquiv>
<Unicode>ς</Unicode></TextEquiv></Glyph>
<TextEquiv>
<Unicode>δυνατότητες</Unicode></TextEquiv></Word>
<Word id="r1158">
<Coords points="1431,1714 1433,1715 1449,1724 1454,1726 1453,1747 1448,1748 1444,1746 1418,1742 1415,1741 1413,1739 1414,1732 1417,1725 1427,1716"/>
<Glyph id="r10812">
<Coords points="1413,1724 1413,1742 1426,1747 1425,1724"/>
<TextEquiv>
<Unicode>ε</Unicode></TextEquiv></Glyph>
<Glyph id="r10813">
<Coords points="1427,1715 1427,1743 1435,1743 1435,1715"/>
<TextEquiv>
<Unicode>ἰ</Unicode></TextEquiv></Glyph>
<Glyph id="r10814">
<Coords points="1442,1725 1442,1751 1456,1751 1456,1725"/>
<TextEquiv>
<Unicode>ς</Unicode></TextEquiv></Glyph>
<TextEquiv>
<Unicode>εἰς</Unicode></TextEquiv></Word>
<Word id="r1159">
<Coords points="1510,1713 1523,1725 1540,1727 1538,1733 1536,1737 1534,1740 1527,1742 1521,1747 1519,1751 1510,1742 1492,1741 1491,1738 1486,1730 1485,1728 1486,1726 1497,1726"/>
<Glyph id="r10815">
<Coords points="1485,1725 1485,1741 1500,1745 1500,1725"/>
<TextEquiv>
<Unicode>τ</Unicode></TextEquiv></Glyph>
<Glyph id="r10816">
<Coords points="1507,1714 1507,1749 1523,1753 1521,1714"/>
<TextEquiv>
<Unicode>ὴ</Unicode></TextEquiv></Glyph>
<Glyph id="r12091">
<Coords points="1528,1725 1528,1743 1542,1743 1542,1725"/>
<TextEquiv>
<Unicode>ν</Unicode></TextEquiv></Glyph>
<TextEquiv>
<Unicode>τὴν</Unicode></TextEquiv></Word>
<Word id="r1160">
<Coords points="1568,1713 1638,1713 1658,1714 1669,1725 1690,1725 1717,1722 1724,1743 1722,1746 1721,1748 1720,1751 1718,1750 1716,1755 1699,1746 1567,1749 1566,1723 1566,1717 1568,1716"/>
<Glyph id="r10818">
<Coords points="1566,1713 1566,1742 1592,1742 1592,1713"/>
<TextEquiv>
<Unicode>Γ</Unicode></TextEquiv></Glyph>
<Glyph id="r10819">
<Coords points="1597,1724 1597,1742 1614,1742 1614,1724"/>
<TextEquiv>
<Unicode>α</Unicode></TextEquiv></Glyph>
<Glyph id="r10820">
<Coords points="1616,1714 1616,1742 1631,1742 1631,1714"/>
<TextEquiv>
<Unicode>λ</Unicode></TextEquiv></Glyph>
<Glyph id="r10821">
<Coords points="1653,1714 1653,1742 1661,1742 1661,1714"/>
<TextEquiv>
<Unicode>ί</Unicode></TextEquiv></Glyph>
<Glyph id="r10822">
<Coords points="1666,1725 1666,1742 1685,1742 1685,1725"/>
<TextEquiv>
<Unicode>α</Unicode></TextEquiv></Glyph>
<Glyph id="r10823">
<Coords points="1688,1725 1688,1743 1703,1743 1703,1725"/>
<TextEquiv>
<Unicode>ν</Unicode></TextEquiv></Glyph>
<Glyph id="r10824">
<Coords points="1708,1739 1708,1750 1713,1750 1713,1739"/>
<TextEquiv>
<Unicode>,</Unicode></TextEquiv></Glyph>
<Glyph id="r10825">
<Coords points="1632,1714 1632,1742 1649,1742 1649,1714"/>
<TextEquiv>
<Unicode>λ</Unicode></TextEquiv></Glyph>
<TextEquiv>
<Unicode>Γαλλίαν,</Unicode></TextEquiv></Word>
<Word id="r1162">
<Coords points="1785,1713 1802,1725 1820,1725 1825,1732 1827,1741 1812,1747 1748,1742 1745,1740 1743,1736 1743,1731 1744,1716 1745,1715 1782,1714 1784,1714"/>
<Glyph id="r10826">
<Coords points="1743,1715 1743,1742 1758,1742 1758,1715"/>
<TextEquiv>
<Unicode>δ</Unicode></TextEquiv></Glyph>
<Glyph id="r10827">
<Coords points="1764,1725 1764,1743 1771,1743 1771,1725"/>
<TextEquiv>
<Unicode>ι</Unicode></TextEquiv></Glyph>
<Glyph id="r10828">
<Coords points="1775,1714 1775,1743 1791,1743 1791,1714"/>
<TextEquiv>
<Unicode>ό</Unicode></TextEquiv></Glyph>
<Glyph id="r10829">
<Coords points="1793,1725 1793,1743 1809,1743 1809,1725"/>
<TextEquiv>
<Unicode>τ</Unicode></TextEquiv></Glyph>
<Glyph id="r10830">
<Coords points="1814,1726 1814,1743 1819,1743 1819,1726"/>
<TextEquiv>
<Unicode>ι</Unicode></TextEquiv></Glyph>
<TextEquiv>
<Unicode>διότι</Unicode></TextEquiv></Word>
<Word id="r1163">
<Coords points="1858,1714 1860,1715 1863,1725 1866,1744 1866,1750 1864,1751 1854,1743 1850,1738 1849,1720 1855,1715"/>
<Glyph id="r10831">
<Coords points="1849,1715 1849,1750 1870,1753 1865,1715"/>
<TextEquiv>
<Unicode>ἡ</Unicode></TextEquiv></Glyph>
<TextEquiv>
<Unicode>ἡ</Unicode></TextEquiv></Word>
<Word id="r1164">
<Coords points="1897,1714 1985,1714 1987,1715 2005,1726 2016,1736 2020,1742 2020,1747 2018,1749 2017,1751 2009,1744 1963,1743 1892,1749 1895,1738 1894,1732 1897,1730"/>
<Glyph id="r10832">
<Coords points="1894,1714 1894,1743 1921,1743 1921,1714"/>
<TextEquiv>
<Unicode>Γ</Unicode></TextEquiv></Glyph>
<Glyph id="r10834">
<Coords points="1964,1715 1964,1743 1979,1743 1979,1715"/>
<TextEquiv>
<Unicode>λ</Unicode></TextEquiv></Glyph>
<Glyph id="r10835">
<Coords points="1983,1715 1983,1743 1992,1743 1992,1715"/>
<TextEquiv>
<Unicode>ί</Unicode></TextEquiv></Glyph>
<Glyph id="r10836">
<Coords points="1995,1726 1995,1743 2010,1743 2010,1726"/>
<TextEquiv>
<Unicode>α</Unicode></TextEquiv></Glyph>
<Glyph id="r10838">
<Coords points="2016,1741 2016,1752 2023,1752 2023,1741"/>
<TextEquiv>
<Unicode>,</Unicode></TextEquiv></Glyph>
<Glyph id="r12092">
<Coords points="1946,1714 1946,1743 1960,1743 1960,1714"/>
<TextEquiv>
<Unicode>λ</Unicode></TextEquiv></Glyph>
<Glyph id="r12093">
<Coords points="1925,1725 1925,1743 1944,1743 1944,1725"/>
<TextEquiv>
<Unicode>α</Unicode></TextEquiv></Glyph>
<TextEquiv>
<Unicode>Γαλλία,</Unicode></TextEquiv></Word>
<Word id="r1165">
<Coords points="2082,1715 2099,1715 2115,1725 2129,1726 2136,1727 2139,1736 2141,1741 2138,1744 2081,1743 2079,1742 2072,1741 2071,1740 2073,1739 2075,1720"/>
<Glyph id="r10839">
<Coords points="2078,1715 2078,1743 2092,1743 2092,1715"/>
<TextEquiv>
<Unicode>ὅ</Unicode></TextEquiv></Glyph>
<Glyph id="r10840">
<Coords points="2096,1715 2096,1743 2110,1743 2110,1715"/>
<TextEquiv>
<Unicode>λ</Unicode></TextEquiv></Glyph>
<Glyph id="r10841">
<Coords points="2114,1726 2114,1743 2128,1743 2128,1726"/>
<TextEquiv>
<Unicode>ο</Unicode></TextEquiv></Glyph>
<Glyph id="r10842">
<Coords points="2134,1727 2134,1743 2145,1746 2138,1727"/>
<TextEquiv>
<Unicode>ι</Unicode></TextEquiv></Glyph>
<TextEquiv>
<Unicode>ὅλοι</Unicode></TextEquiv></Word>
<Word id="r1166">
<Coords points="2188,1726 2232,1727 2231,1744 2230,1747 2227,1748 2226,1750 2220,1748 2175,1742 2173,1738 2173,1732 2175,1729 2177,1727 2187,1727"/>
<Glyph id="r10843">
<Coords points="2173,1727 2173,1743 2189,1743 2189,1727"/>
<TextEquiv>
<Unicode>σ</Unicode></TextEquiv></Glyph>
<Glyph id="r10844">
<Coords points="2194,1727 2194,1744 2210,1744 2210,1727"/>
<TextEquiv>
<Unicode>α</Unicode></TextEquiv></Glyph>
<Glyph id="r10845">
<Coords points="2214,1727 2214,1749 2221,1756 2227,1749 2227,1727"/>
<TextEquiv>
<Unicode>ς</Unicode></TextEquiv></Glyph>
<TextEquiv>
<Unicode>σας</Unicode></TextEquiv></Word>
<TextEquiv>
<Unicode>δυνατότητες εἰς τὴν Γαλλίαν, διότι ἡ Γαλλία, ὅλοι σας</Unicode></TextEquiv></TextLine>
<TextLine id="r193">
<Coords points="1448,1757 1449,1757 1450,1758 1921,1758 1922,1759 1923,1759 1924,1760 2124,1760 2135,1771 2212,1771 2220,1779 2228,1779 2229,1780 2226,1780 2225,1781 2217,1781 2215,1783 2215,1786 2213,1788 2212,1788 2211,1789 2054,1789 2053,1790 2053,1792 2051,1794 2050,1794 2049,1795 2048,1795 2047,1796 1829,1796 1827,1798 1826,1797 1739,1797 1738,1796 1194,1796 1185,1787 1183,1787 1183,1772 1182,1771 1186,1767 1186,1761 1187,1760 1187,1759 1249,1759 1250,1758 1447,1758"/>
<Word id="r1167">
<Coords points="1250,1758 1261,1769 1321,1769 1334,1771 1334,1785 1332,1787 1306,1796 1273,1791 1194,1795 1185,1787 1183,1778 1184,1769 1186,1760 1187,1759 1249,1759"/>
<Glyph id="r10846">
<Coords points="1183,1759 1183,1794 1197,1794 1197,1759"/>
<TextEquiv>
<Unicode>ἠ</Unicode></TextEquiv></Glyph>
<Glyph id="r10847">
<Coords points="1202,1759 1202,1794 1218,1794 1218,1759"/>
<TextEquiv>
<Unicode>ξ</Unicode></TextEquiv></Glyph>
<Glyph id="r10848">
<Coords points="1222,1770 1222,1788 1234,1788 1234,1770"/>
<TextEquiv>
<Unicode>ε</Unicode></TextEquiv></Glyph>
<Glyph id="r10849">
<Coords points="1238,1759 1238,1788 1256,1788 1256,1759"/>
<TextEquiv>
<Unicode>ύ</Unicode></TextEquiv></Glyph>
<Glyph id="r10850">
<Coords points="1260,1770 1260,1791 1276,1791 1276,1770"/>
<TextEquiv>
<Unicode>ρ</Unicode></TextEquiv></Glyph>
<Glyph id="r10851">
<Coords points="1281,1770 1281,1788 1292,1788 1292,1770"/>
<TextEquiv>
<Unicode>ε</Unicode></TextEquiv></Glyph>
<Glyph id="r10852">
<Coords points="1296,1769 1296,1788 1311,1788 1311,1769"/>
<TextEquiv>
<Unicode>τ</Unicode></TextEquiv></Glyph>
<Glyph id="r10853">
<Coords points="1315,1770 1315,1788 1325,1788 1325,1770"/>
<TextEquiv>
<Unicode>ε</Unicode></TextEquiv></Glyph>
<TextEquiv>
<Unicode>ἠξεύρετε</Unicode></TextEquiv></Word>
<Word id="r1168">
<Coords points="1367,1759 1401,1766 1398,1772 1406,1779 1407,1787 1401,1789 1393,1790 1358,1787 1354,1785 1351,1780 1353,1776 1355,1773 1356,1760 1366,1760"/>
<Glyph id="r10854">
<Coords points="1351,1760 1351,1787 1367,1787 1367,1760"/>
<TextEquiv>
<Unicode>ὅ</Unicode></TextEquiv></Glyph>
<Glyph id="r10855">
<Coords points="1373,1771 1373,1788 1384,1788 1384,1771"/>
<TextEquiv>
<Unicode>τ</Unicode></TextEquiv></Glyph>
<Glyph id="r10856">
<Coords points="1386,1770 1386,1787 1400,1788 1395,1770"/>
<TextEquiv>
<Unicode>ι</Unicode></TextEquiv></Glyph>
<TextEquiv>
<Unicode>ὅτι</Unicode></TextEquiv></Word>
<Word id="r1169">
<Coords points="1448,1757 1461,1770 1507,1770 1507,1783 1512,1785 1511,1787 1509,1788 1447,1787 1425,1787 1424,1771 1427,1770 1429,1770 1443,1759"/>
<Glyph id="r10857">
<Coords points="1424,1765 1424,1786 1430,1791 1437,1786 1437,1765"/>
<TextEquiv>
<Unicode>ε</Unicode></TextEquiv></Glyph>
<Glyph id="r10858">
<Coords points="1442,1758 1442,1787 1451,1792 1452,1758"/>
<TextEquiv>
<Unicode>ἶ</Unicode></TextEquiv></Glyph>
<Glyph id="r10859">
<Coords points="1454,1770 1454,1787 1467,1787 1467,1770"/>
<TextEquiv>
<Unicode>ν</Unicode></TextEquiv></Glyph>
<Glyph id="r10860">
<Coords points="1472,1770 1472,1787 1491,1787 1491,1770"/>
<TextEquiv>
<Unicode>α</Unicode></TextEquiv></Glyph>
<Glyph id="r10861">
<Coords points="1495,1770 1495,1787 1502,1787 1502,1770"/>
<TextEquiv>
<Unicode>ι</Unicode></TextEquiv></Glyph>
<TextEquiv>
<Unicode>εἶναι</Unicode></TextEquiv></Word>
<Word id="r1170">
<Coords points="1552,1759 1671,1763 1700,1759 1713,1770 1717,1771 1738,1771 1740,1777 1742,1781 1742,1783 1741,1788 1740,1795 1739,1796 1731,1788 1529,1787 1529,1772 1531,1771 1535,1770 1541,1770"/>
<Glyph id="r10862">
<Coords points="1529,1770 1529,1787 1546,1787 1546,1770"/>
<TextEquiv>
<Unicode>π</Unicode></TextEquiv></Glyph>
<Glyph id="r10863">
<Coords points="1548,1760 1548,1787 1565,1787 1565,1760"/>
<TextEquiv>
<Unicode>λ</Unicode></TextEquiv></Glyph>
<Glyph id="r10865">
<Coords points="1609,1770 1609,1787 1625,1787 1625,1770"/>
<TextEquiv>
<Unicode>σ</Unicode></TextEquiv></Glyph>
<Glyph id="r10866">
<Coords points="1629,1770 1629,1787 1636,1787 1636,1770"/>
<TextEquiv>
<Unicode>ι</Unicode></TextEquiv></Glyph>
<Glyph id="r10867">
<Coords points="1639,1770 1639,1787 1662,1787 1662,1770"/>
<TextEquiv>
<Unicode>ω</Unicode></TextEquiv></Glyph>
<Glyph id="r10868">
<Coords points="1665,1769 1665,1787 1681,1787 1681,1769"/>
<TextEquiv>
<Unicode>τ</Unicode></TextEquiv></Glyph>
<Glyph id="r10869">
<Coords points="1686,1760 1686,1787 1705,1787 1705,1760"/>
<TextEquiv>
<Unicode>ά</Unicode></TextEquiv></Glyph>
<Glyph id="r10871">
<Coords points="1710,1771 1710,1787 1718,1787 1718,1771"/>
<TextEquiv>
<Unicode>τ</Unicode></TextEquiv></Glyph>
<Glyph id="r10872">
<Coords points="1722,1771 1722,1795 1744,1796 1740,1771"/>
<TextEquiv>
<Unicode>η</Unicode></TextEquiv></Glyph>
<Glyph id="r12098">
<Coords points="1586,1769 1586,1787 1603,1787 1603,1769"/>
<TextEquiv>
<Unicode>υ</Unicode></TextEquiv></Glyph>
<Glyph id="r12099">
<Coords points="1567,1770 1567,1787 1584,1787 1584,1770"/>
<TextEquiv>
<Unicode>ο</Unicode></TextEquiv></Glyph>
<TextEquiv>
<Unicode>πλουσιωτάτη</Unicode></TextEquiv></Word>
<Word id="r1171">
<Coords points="1801,1758 1813,1770 1843,1770 1851,1777 1853,1785 1853,1786 1852,1788 1827,1788 1826,1797 1825,1796 1768,1796 1767,1776 1768,1771 1789,1770"/>
<Glyph id="r10873">
<Coords points="1767,1771 1767,1795 1783,1795 1783,1771"/>
<TextEquiv>
<Unicode>χ</Unicode></TextEquiv></Glyph>
<Glyph id="r10874">
<Coords points="1787,1759 1787,1788 1810,1788 1810,1759"/>
<TextEquiv>
<Unicode>ώ</Unicode></TextEquiv></Glyph>
<Glyph id="r10875">
<Coords points="1816,1770 1816,1796 1831,1796 1831,1770"/>
<TextEquiv>
<Unicode>ρ</Unicode></TextEquiv></Glyph>
<Glyph id="r10876">
<Coords points="1836,1771 1836,1787 1852,1787 1852,1771"/>
<TextEquiv>
<Unicode>α</Unicode></TextEquiv></Glyph>
<TextEquiv>
<Unicode>χώρα</Unicode></TextEquiv></Word>
<Word id="r1172">
<Coords points="1937,1761 1940,1764 1941,1773 1942,1784 1943,1789 1882,1787 1880,1773 1886,1771 1900,1770 1919,1756 1933,1763"/>
<Glyph id="r10877">
<Coords points="1880,1771 1880,1787 1897,1787 1897,1771"/>
<TextEquiv>
<Unicode>κ</Unicode></TextEquiv></Glyph>
<Glyph id="r10878">
<Coords points="1901,1770 1901,1787 1918,1787 1918,1770"/>
<TextEquiv>
<Unicode>α</Unicode></TextEquiv></Glyph>
<Glyph id="r10879">
<Coords points="1920,1758 1920,1787 1932,1788 1927,1758"/>
<TextEquiv>
<Unicode>ὶ</Unicode></TextEquiv></Glyph>
<TextEquiv>
<Unicode>καὶ</Unicode></TextEquiv></Word>
<Word id="r1173">
<Coords points="1964,1760 2002,1760 2031,1761 2047,1771 2053,1772 2059,1801 2042,1801 2042,1792 1959,1788 1957,1787 1955,1784 1954,1782 1954,1776 1955,1774 1963,1763"/>
<Glyph id="r10880">
<Coords points="1954,1760 1954,1788 1974,1788 1974,1760"/>
<TextEquiv>
<Unicode>ἁ</Unicode></TextEquiv></Glyph>
<Glyph id="r10881">
<Coords points="1977,1770 1977,1789 1995,1789 1995,1770"/>
<TextEquiv>
<Unicode>π</Unicode></TextEquiv></Glyph>
<Glyph id="r10882">
<Coords points="1998,1760 1998,1789 2013,1789 2013,1760"/>
<TextEquiv>
<Unicode>λ</Unicode></TextEquiv></Glyph>
<Glyph id="r10883">
<Coords points="2015,1761 2015,1789 2037,1789 2037,1761"/>
<TextEquiv>
<Unicode>ῶ</Unicode></TextEquiv></Glyph>
<Glyph id="r10884">
<Coords points="2041,1772 2041,1796 2053,1796 2053,1772"/>
<TextEquiv>
<Unicode>ς</Unicode></TextEquiv></Glyph>
<TextEquiv>
<Unicode>ἁπλῶς</Unicode></TextEquiv></Word>
<Word id="r1174">
<Coords points="2122,1761 2134,1771 2222,1772 2234,1780 2236,1780 2226,1782 2224,1787 2220,1788 2087,1787 2080,1777 2081,1773 2087,1772 2094,1771 2111,1771"/>
<Glyph id="r10885">
<Coords points="2081,1771 2081,1787 2095,1787 2095,1771"/>
<TextEquiv>
<Unicode>τ</Unicode></TextEquiv></Glyph>
<Glyph id="r10886">
<Coords points="2099,1771 2099,1787 2117,1787 2117,1771"/>
<TextEquiv>
<Unicode>α</Unicode></TextEquiv></Glyph>
<Glyph id="r10887">
<Coords points="2119,1762 2119,1787 2132,1794 2137,1787 2137,1762"/>
<TextEquiv>
<Unicode>λ</Unicode></TextEquiv></Glyph>
<Glyph id="r10888">
<Coords points="2140,1772 2140,1787 2157,1787 2157,1772"/>
<TextEquiv>
<Unicode>α</Unicode></TextEquiv></Glyph>
<Glyph id="r10892">
<Coords points="2219,1779 2219,1781 2229,1781 2229,1779"/>
<TextEquiv>
<Unicode>-</Unicode></TextEquiv></Glyph>
<Glyph id="r12094">
<Coords points="2162,1772 2162,1787 2169,1787 2169,1772"/>
<TextEquiv>
<Unicode>ι</Unicode></TextEquiv></Glyph>
<Glyph id="r12095">
<Coords points="2173,1772 2173,1789 2191,1789 2191,1772"/>
<TextEquiv>
<Unicode>π</Unicode></TextEquiv></Glyph>
<Glyph id="r12097">
<Coords points="2194,1772 2194,1790 2216,1790 2216,1772"/>
<TextEquiv>
<Unicode>ω</Unicode></TextEquiv></Glyph>
<TextEquiv>
<Unicode>ταλαιπω-</Unicode></TextEquiv></Word>
<TextEquiv>
<Unicode>ἠξεύρετε ὅτι εἶναι πλουσιωτάτη χώρα καὶ ἁπλῶς ταλαιπω-</Unicode></TextEquiv></TextLine>
<TextLine id="r194">
<Coords points="1351,1803 1599,1803 1600,1804 1972,1804 1973,1805 2171,1805 2182,1816 2214,1816 2222,1824 2227,1824 2228,1825 2227,1825 2226,1826 2217,1826 2216,1827 2216,1831 2215,1832 2215,1833 2214,1834 2129,1834 2128,1835 1992,1835 1983,1844 1981,1844 1979,1842 1187,1842 1186,1841 1185,1841 1183,1839 1182,1839 1182,1835 1181,1834 1181,1827 1182,1826 1182,1821 1183,1820 1183,1818 1184,1817 1185,1817 1186,1816 1207,1816 1217,1806 1224,1806 1225,1805 1311,1805 1312,1804 1350,1804"/>
<Word id="r1175">
<Coords points="1225,1805 1238,1815 1243,1816 1271,1820 1275,1828 1275,1831 1262,1832 1206,1833 1185,1840 1183,1839 1181,1834 1181,1826 1182,1820 1183,1817 1185,1816 1207,1816 1220,1806"/>
<Glyph id="r10893">
<Coords points="1181,1816 1181,1843 1196,1843 1196,1816"/>
<TextEquiv>
<Unicode>ρ</Unicode></TextEquiv></Glyph>
<Glyph id="r10894">
<Coords points="1201,1816 1201,1833 1212,1833 1212,1816"/>
<TextEquiv>
<Unicode>ε</Unicode></TextEquiv></Glyph>
<Glyph id="r10895">
<Coords points="1215,1805 1219,1835 1226,1835 1226,1806"/>
<TextEquiv>
<Unicode>ῖ</Unicode></TextEquiv></Glyph>
<Glyph id="r10896">
<Coords points="1228,1816 1228,1832 1242,1832 1242,1816"/>
<TextEquiv>
<Unicode>τ</Unicode></TextEquiv></Glyph>
<Glyph id="r10897">
<Coords points="1247,1814 1247,1834 1264,1834 1264,1814"/>
<TextEquiv>
<Unicode>α</Unicode></TextEquiv></Glyph>
<Glyph id="r12101">
<Coords points="1269,1816 1269,1833 1278,1833 1278,1816"/>
<TextEquiv>
<Unicode>ι</Unicode></TextEquiv></Glyph>
<TextEquiv>
<Unicode>ρεῖται</Unicode></TextEquiv></Word>
<Word id="r1176">
<Coords points="1351,1803 1353,1804 1354,1807 1355,1812 1356,1816 1358,1817 1359,1818 1360,1820 1361,1821 1360,1827 1358,1831 1356,1832 1307,1832 1305,1830 1304,1824 1310,1812 1311,1807 1312,1804 1350,1804"/>
<Glyph id="r10899">
<Coords points="1304,1804 1304,1836 1323,1831 1323,1804"/>
<TextEquiv>
<Unicode>ἀ</Unicode></TextEquiv></Glyph>
<Glyph id="r10900">
<Coords points="1325,1815 1325,1831 1331,1835 1342,1835 1343,1831 1343,1815"/>
<TextEquiv>
<Unicode>π</Unicode></TextEquiv></Glyph>
<Glyph id="r10901">
<Coords points="1347,1804 1347,1831 1360,1831 1360,1804"/>
<TextEquiv>
<Unicode>ὸ</Unicode></TextEquiv></Glyph>
<TextEquiv>
<Unicode>ἀπὸ</Unicode></TextEquiv></Word>
<Word id="r1177">
<Coords points="1413,1803 1427,1816 1443,1817 1442,1821 1437,1831 1424,1833 1423,1841 1414,1833 1395,1832 1390,1831 1389,1828 1388,1824 1389,1817 1395,1816"/>
<Glyph id="r10902">
<Coords points="1388,1815 1388,1832 1404,1832 1404,1815"/>
<TextEquiv>
<Unicode>τ</Unicode></TextEquiv></Glyph>
<Glyph id="r10903">
<Coords points="1406,1804 1406,1840 1425,1840 1425,1804"/>
<TextEquiv>
<Unicode>ὴ</Unicode></TextEquiv></Glyph>
<Glyph id="r10904">
<Coords points="1428,1817 1428,1834 1444,1834 1444,1817"/>
<TextEquiv>
<Unicode>ν</Unicode></TextEquiv></Glyph>
<TextEquiv>
<Unicode>τὴν</Unicode></TextEquiv></Word>
<Word id="r1178">
<Coords points="1598,1803 1600,1804 1612,1816 1629,1816 1628,1819 1625,1825 1624,1828 1623,1829 1621,1832 1610,1833 1609,1840 1608,1841 1600,1833 1458,1838 1471,1826 1471,1818 1474,1816 1488,1815 1503,1815 1514,1804 1597,1804"/>
<Glyph id="r10905">
<Coords points="1471,1815 1471,1833 1489,1833 1489,1815"/>
<TextEquiv>
<Unicode>π</Unicode></TextEquiv></Glyph>
<Glyph id="r10906">
<Coords points="1491,1815 1491,1833 1508,1833 1508,1815"/>
<TextEquiv>
<Unicode>ο</Unicode></TextEquiv></Glyph>
<Glyph id="r10907">
<Coords points="1510,1804 1510,1833 1527,1833 1527,1804"/>
<TextEquiv>
<Unicode>λ</Unicode></TextEquiv></Glyph>
<Glyph id="r10908">
<Coords points="1531,1815 1531,1832 1539,1832 1539,1815"/>
<TextEquiv>
<Unicode>ι</Unicode></TextEquiv></Glyph>
<Glyph id="r10909">
<Coords points="1541,1815 1541,1833 1557,1833 1557,1815"/>
<TextEquiv>
<Unicode>τ</Unicode></TextEquiv></Glyph>
<Glyph id="r10911">
<Coords points="1592,1804 1592,1840 1610,1840 1610,1804"/>
<TextEquiv>
<Unicode>ὴ</Unicode></TextEquiv></Glyph>
<Glyph id="r10912">
<Coords points="1614,1816 1614,1833 1628,1833 1628,1816"/>
<TextEquiv>
<Unicode>ν</Unicode></TextEquiv></Glyph>
<Glyph id="r12102">
<Coords points="1562,1815 1562,1833 1570,1833 1570,1815"/>
<TextEquiv>
<Unicode>ι</Unicode></TextEquiv></Glyph>
<Glyph id="r12103">
<Coords points="1572,1815 1572,1833 1590,1833 1590,1815"/>
<TextEquiv>
<Unicode>κ</Unicode></TextEquiv></Glyph>
<TextEquiv>
<Unicode>πολιτικὴν</Unicode></TextEquiv></Word>
<Word id="r1179">
<Coords points="1729,1804 1731,1805 1747,1805 1761,1815 1767,1816 1822,1816 1842,1843 1742,1833 1641,1840 1650,1828 1649,1823 1663,1807 1727,1805"/>
<Glyph id="r10915">
<Coords points="1655,1807 1655,1833 1674,1833 1674,1807"/>
<TextEquiv>
<Unicode>ἀ</Unicode></TextEquiv></Glyph>
<Glyph id="r10916">
<Coords points="1678,1814 1678,1833 1696,1833 1696,1814"/>
<TextEquiv>
<Unicode>σ</Unicode></TextEquiv></Glyph>
<Glyph id="r10917">
<Coords points="1698,1815 1698,1833 1711,1833 1711,1815"/>
<TextEquiv>
<Unicode>τ</Unicode></TextEquiv></Glyph>
<Glyph id="r10918">
<Coords points="1715,1805 1715,1833 1737,1833 1737,1805"/>
<TextEquiv>
<Unicode>ά</Unicode></TextEquiv></Glyph>
<Glyph id="r10919">
<Coords points="1759,1816 1759,1833 1770,1833 1770,1816"/>
<TextEquiv>
<Unicode>ε</Unicode></TextEquiv></Glyph>
<Glyph id="r10920">
<Coords points="1776,1816 1776,1833 1785,1833 1785,1816"/>
<TextEquiv>
<Unicode>ι</Unicode></TextEquiv></Glyph>
<Glyph id="r10922">
<Coords points="1829,1830 1829,1839 1832,1839 1832,1830"/>
<TextEquiv>
<Unicode>,</Unicode></TextEquiv></Glyph>
<Glyph id="r10923">
<Coords points="1738,1805 1738,1833 1756,1833 1756,1805"/>
<TextEquiv>
<Unicode>θ</Unicode></TextEquiv></Glyph>
<Glyph id="r12104">
<Coords points="1788,1816 1788,1833 1805,1833 1805,1816"/>
<TextEquiv>
<Unicode>α</Unicode></TextEquiv></Glyph>
<Glyph id="r12105">
<Coords points="1807,1816 1807,1834 1823,1834 1823,1816"/>
<TextEquiv>
<Unicode>ν</Unicode></TextEquiv></Glyph>
<TextEquiv>
<Unicode>ἀστάθειαν,</Unicode></TextEquiv></Word>
<Word id="r1181">
<Coords points="1910,1804 1912,1806 1913,1810 1914,1813 1916,1817 1918,1819 1919,1821 1919,1826 1918,1831 1914,1833 1913,1834 1864,1832 1862,1826 1862,1822 1864,1819 1870,1808 1909,1805"/>
<Glyph id="r10924">
<Coords points="1862,1805 1862,1832 1879,1832 1879,1805"/>
<TextEquiv>
<Unicode>ἀ</Unicode></TextEquiv></Glyph>
<Glyph id="r10925">
<Coords points="1881,1816 1881,1833 1903,1833 1903,1816"/>
<TextEquiv>
<Unicode>π</Unicode></TextEquiv></Glyph>
<Glyph id="r10926">
<Coords points="1906,1805 1906,1833 1923,1836 1918,1805"/>
<TextEquiv>
<Unicode>ὸ</Unicode></TextEquiv></Glyph>
<TextEquiv>
<Unicode>ἀπὸ</Unicode></TextEquiv></Word>
<Word id="r1182">
<Coords points="1971,1804 1973,1805 1987,1817 1996,1818 2002,1819 1995,1833 1983,1834 1981,1843 1971,1834 1952,1833 1949,1828 1946,1822 1947,1818 1952,1816 1959,1816"/>
<Glyph id="r10927">
<Coords points="1946,1816 1946,1833 1961,1833 1961,1816"/>
<TextEquiv>
<Unicode>τ</Unicode></TextEquiv></Glyph>
<Glyph id="r10928">
<Coords points="1964,1805 1964,1842 1983,1842 1983,1805"/>
<TextEquiv>
<Unicode>ὴ</Unicode></TextEquiv></Glyph>
<Glyph id="r10929">
<Coords points="1987,1818 1987,1835 2002,1835 2002,1818"/>
<TextEquiv>
<Unicode>ν</Unicode></TextEquiv></Glyph>
<TextEquiv>
<Unicode>τὴν</Unicode></TextEquiv></Word>
<Word id="r1183">
<Coords points="2034,1805 2094,1805 2112,1816 2128,1818 2134,1822 2132,1825 2131,1828 2128,1834 2026,1831 2027,1827 2028,1824 2029,1820 2030,1818 2032,1811"/>
<Glyph id="r10930">
<Coords points="2027,1805 2027,1831 2036,1840 2042,1831 2042,1805"/>
<TextEquiv>
<Unicode>ὁ</Unicode></TextEquiv></Glyph>
<Glyph id="r10931">
<Coords points="2047,1816 2047,1832 2054,1838 2066,1832 2066,1816"/>
<TextEquiv>
<Unicode>π</Unicode></TextEquiv></Glyph>
<Glyph id="r10932">
<Coords points="2069,1816 2069,1832 2078,1837 2083,1832 2083,1816"/>
<TextEquiv>
<Unicode>ο</Unicode></TextEquiv></Glyph>
<Glyph id="r10933">
<Coords points="2089,1805 2089,1833 2097,1839 2098,1805"/>
<TextEquiv>
<Unicode>ί</Unicode></TextEquiv></Glyph>
<Glyph id="r10934">
<Coords points="2101,1816 2101,1833 2117,1833 2117,1816"/>
<TextEquiv>
<Unicode>α</Unicode></TextEquiv></Glyph>
<Glyph id="r10935">
<Coords points="2119,1816 2119,1835 2138,1835 2138,1816"/>
<TextEquiv>
<Unicode>ν</Unicode></TextEquiv></Glyph>
<TextEquiv>
<Unicode>ὁποίαν</Unicode></TextEquiv></Word>
<Word id="r1184">
<Coords points="2169,1805 2181,1816 2233,1816 2234,1824 2234,1833 2165,1832 2164,1830 2161,1823 2160,1818 2165,1812 2166,1808 2167,1806"/>
<Glyph id="r10936">
<Coords points="2163,1806 2163,1832 2180,1838 2177,1806"/>
<TextEquiv>
<Unicode>ἐ</Unicode></TextEquiv></Glyph>
<Glyph id="r10937">
<Coords points="2180,1816 2180,1832 2188,1837 2196,1832 2196,1816"/>
<TextEquiv>
<Unicode>τ</Unicode></TextEquiv></Glyph>
<Glyph id="r10938">
<Coords points="2199,1816 2199,1832 2206,1836 2216,1832 2216,1816"/>
<TextEquiv>
<Unicode>α</Unicode></TextEquiv></Glyph>
<Glyph id="r10939">
<Coords points="2220,1824 2220,1826 2229,1832 2228,1824"/>
<TextEquiv>
<Unicode>-</Unicode></TextEquiv></Glyph>
<TextEquiv>
<Unicode>ἐτα-</Unicode></TextEquiv></Word>
<TextEquiv>
<Unicode>ρεῖται ἀπὸ τὴν πολιτικὴν ἀστάθειαν, ἀπὸ τὴν ὁποίαν ἐτα-</Unicode></TextEquiv></TextLine>
<TextLine id="r195">
<Coords points="1425,1848 1530,1848 1531,1849 1829,1849 1830,1850 2113,1850 2114,1851 2131,1851 2140,1860 2152,1860 2153,1861 2202,1861 2203,1862 2226,1862 2226,1875 2227,1876 2228,1876 2228,1878 2227,1878 2226,1879 2192,1895 2182,1882 2176,1888 1866,1888 1865,1887 1289,1887 1288,1886 1286,1886 1285,1885 1283,1885 1277,1879 1180,1879 1179,1878 1179,1870 1177,1868 1178,1867 1178,1853 1180,1851 1422,1851"/>
<Word id="r1185">
<Coords points="1180,1851 1182,1852 1325,1852 1333,1860 1353,1860 1355,1861 1358,1863 1359,1865 1360,1866 1359,1871 1357,1876 1354,1878 1293,1882 1287,1885 1284,1884 1282,1883 1279,1879 1175,1879 1179,1874 1177,1867 1178,1853"/>
<Glyph id="r10940">
<Coords points="1177,1852 1177,1878 1189,1878 1189,1852"/>
<TextEquiv>
<Unicode>λ</Unicode></TextEquiv></Glyph>
<Glyph id="r10941">
<Coords points="1196,1860 1196,1878 1213,1878 1213,1860"/>
<TextEquiv>
<Unicode>α</Unicode></TextEquiv></Glyph>
<Glyph id="r10942">
<Coords points="1219,1861 1219,1878 1225,1878 1225,1861"/>
<TextEquiv>
<Unicode>ι</Unicode></TextEquiv></Glyph>
<Glyph id="r10943">
<Coords points="1228,1860 1228,1878 1248,1878 1248,1860"/>
<TextEquiv>
<Unicode>π</Unicode></TextEquiv></Glyph>
<Glyph id="r10944">
<Coords points="1251,1860 1251,1878 1273,1878 1273,1860"/>
<TextEquiv>
<Unicode>ω</Unicode></TextEquiv></Glyph>
<Glyph id="r10945">
<Coords points="1280,1861 1280,1884 1295,1884 1295,1861"/>
<TextEquiv>
<Unicode>ρ</Unicode></TextEquiv></Glyph>
<Glyph id="r10946">
<Coords points="1297,1860 1297,1879 1311,1879 1311,1860"/>
<TextEquiv>
<Unicode>ε</Unicode></TextEquiv></Glyph>
<Glyph id="r10947">
<Coords points="1315,1852 1315,1879 1326,1879 1326,1852"/>
<TextEquiv>
<Unicode>ῖ</Unicode></TextEquiv></Glyph>
<Glyph id="r10948">
<Coords points="1328,1860 1328,1878 1342,1878 1342,1860"/>
<TextEquiv>
<Unicode>τ</Unicode></TextEquiv></Glyph>
<Glyph id="r10949">
<Coords points="1346,1860 1346,1878 1359,1878 1359,1860"/>
<TextEquiv>
<Unicode>ο</Unicode></TextEquiv></Glyph>
<TextEquiv>
<Unicode>λαιπωρεῖτο</Unicode></TextEquiv></Word>
<Word id="r1186">
<Coords points="1425,1848 1427,1850 1428,1853 1429,1858 1430,1869 1432,1877 1385,1877 1384,1865 1383,1862 1384,1861 1409,1860 1413,1860"/>
<Glyph id="r10950">
<Coords points="1383,1861 1383,1876 1400,1876 1400,1861"/>
<TextEquiv>
<Unicode>κ</Unicode></TextEquiv></Glyph>
<Glyph id="r10951">
<Coords points="1405,1860 1405,1876 1423,1876 1423,1860"/>
<TextEquiv>
<Unicode>α</Unicode></TextEquiv></Glyph>
<Glyph id="r10952">
<Coords points="1425,1849 1425,1877 1435,1877 1435,1849"/>
<TextEquiv>
<Unicode>ὶ</Unicode></TextEquiv></Glyph>
<TextEquiv>
<Unicode>καὶ</Unicode></TextEquiv></Word>
<Word id="r1187">
<Coords points="1466,1849 1468,1850 1471,1861 1473,1864 1473,1886 1463,1878 1460,1877 1458,1867 1459,1859 1462,1852 1463,1850"/>
<Glyph id="r10953">
<Coords points="1459,1850 1459,1888 1475,1888 1475,1850"/>
<TextEquiv>
<Unicode>ἡ</Unicode></TextEquiv></Glyph>
<TextEquiv>
<Unicode>ἡ</Unicode></TextEquiv></Word>
<Word id="r1188">
<Coords points="1499,1848 1529,1848 1580,1849 1598,1860 1605,1861 1604,1863 1603,1882 1600,1884 1592,1881 1552,1877 1503,1880 1508,1871 1500,1857 1498,1851 1499,1850"/>
<Glyph id="r10954">
<Coords points="1498,1848 1498,1877 1534,1877 1534,1848"/>
<TextEquiv>
<Unicode>Ἑ</Unicode></TextEquiv></Glyph>
<Glyph id="r10956">
<Coords points="1552,1849 1552,1878 1566,1878 1566,1849"/>
<TextEquiv>
<Unicode>λ</Unicode></TextEquiv></Glyph>
<Glyph id="r10957">
<Coords points="1571,1849 1571,1878 1589,1878 1589,1849"/>
<TextEquiv>
<Unicode>ὰ</Unicode></TextEquiv></Glyph>
<Glyph id="r10958">
<Coords points="1593,1861 1593,1887 1605,1887 1605,1861"/>
<TextEquiv>
<Unicode>ς</Unicode></TextEquiv></Glyph>
<Glyph id="r12107">
<Coords points="1536,1849 1536,1877 1549,1877 1549,1849"/>
<TextEquiv>
<Unicode>λ</Unicode></TextEquiv></Glyph>
<TextEquiv>
<Unicode>Ἑλλὰς</Unicode></TextEquiv></Word>
<Word id="r1189">
<Coords points="1632,1849 1668,1849 1670,1851 1671,1853 1672,1859 1673,1868 1675,1873 1676,1877 1648,1878 1634,1878 1631,1877 1630,1875 1629,1856 1631,1855"/>
<Glyph id="r10959">
<Coords points="1629,1849 1629,1877 1643,1882 1642,1849"/>
<TextEquiv>
<Unicode>ἐ</Unicode></TextEquiv></Glyph>
<Glyph id="r10960">
<Coords points="1646,1860 1646,1877 1656,1882 1665,1877 1665,1860"/>
<TextEquiv>
<Unicode>π</Unicode></TextEquiv></Glyph>
<Glyph id="r10961">
<Coords points="1668,1850 1668,1879 1679,1879 1679,1850"/>
<TextEquiv>
<Unicode>ὶ</Unicode></TextEquiv></Glyph>
<TextEquiv>
<Unicode>ἐπὶ</Unicode></TextEquiv></Word>
<Word id="r1190">
<Coords points="1744,1849 1785,1849 1786,1852 1787,1854 1788,1857 1792,1868 1794,1876 1794,1877 1789,1878 1785,1879 1714,1878 1701,1877 1699,1870 1700,1863 1704,1861 1718,1860 1733,1857 1740,1852 1743,1850"/>
<Glyph id="r10962">
<Coords points="1700,1860 1700,1878 1720,1878 1720,1860"/>
<TextEquiv>
<Unicode>π</Unicode></TextEquiv></Glyph>
<Glyph id="r10963">
<Coords points="1723,1860 1723,1878 1737,1878 1737,1860"/>
<TextEquiv>
<Unicode>ο</Unicode></TextEquiv></Glyph>
<Glyph id="r10964">
<Coords points="1739,1849 1739,1878 1754,1878 1754,1849"/>
<TextEquiv>
<Unicode>λ</Unicode></TextEquiv></Glyph>
<Glyph id="r10965">
<Coords points="1757,1849 1757,1878 1772,1878 1772,1849"/>
<TextEquiv>
<Unicode>λ</Unicode></TextEquiv></Glyph>
<Glyph id="r10966">
<Coords points="1777,1849 1777,1878 1793,1878 1793,1849"/>
<TextEquiv>
<Unicode>ὰ</Unicode></TextEquiv></Glyph>
<TextEquiv>
<Unicode>πολλὰ</Unicode></TextEquiv></Word>
<Word id="r1191">
<Coords points="1822,1849 1847,1861 1860,1862 1865,1863 1866,1866 1867,1885 1867,1887 1858,1879 1818,1877 1817,1874 1815,1867 1816,1857 1817,1850"/>
<Glyph id="r10967">
<Coords points="1815,1850 1815,1877 1828,1877 1828,1850"/>
<TextEquiv>
<Unicode>ἔ</Unicode></TextEquiv></Glyph>
<Glyph id="r10968">
<Coords points="1832,1861 1832,1878 1847,1878 1847,1861"/>
<TextEquiv>
<Unicode>τ</Unicode></TextEquiv></Glyph>
<Glyph id="r10969">
<Coords points="1850,1861 1850,1889 1869,1889 1869,1861"/>
<TextEquiv>
<Unicode>η</Unicode></TextEquiv></Glyph>
<TextEquiv>
<Unicode>ἔτη</Unicode></TextEquiv></Word>
<Word id="r1192">
<Coords points="1932,1850 1934,1852 1935,1854 1936,1861 1937,1870 1939,1874 1940,1878 1886,1884 1893,1873 1891,1864 1893,1861 1920,1861"/>
<Glyph id="r10970">
<Coords points="1891,1860 1891,1879 1908,1879 1908,1860"/>
<TextEquiv>
<Unicode>κ</Unicode></TextEquiv></Glyph>
<Glyph id="r10971">
<Coords points="1913,1862 1913,1879 1927,1879 1927,1862"/>
<TextEquiv>
<Unicode>α</Unicode></TextEquiv></Glyph>
<Glyph id="r10972">
<Coords points="1931,1851 1931,1881 1943,1881 1943,1851"/>
<TextEquiv>
<Unicode>ὶ</Unicode></TextEquiv></Glyph>
<TextEquiv>
<Unicode>καὶ</Unicode></TextEquiv></Word>
<Word id="r1193">
<Coords points="1982,1851 1985,1853 2000,1861 2005,1862 2004,1883 2001,1884 1999,1885 1993,1883 1960,1879 1961,1877 1963,1870 1966,1863 1969,1862"/>
<Glyph id="r10973">
<Coords points="1965,1862 1965,1880 1976,1880 1976,1862"/>
<TextEquiv>
<Unicode>ε</Unicode></TextEquiv></Glyph>
<Glyph id="r10974">
<Coords points="1981,1852 1981,1880 1990,1880 1990,1852"/>
<TextEquiv>
<Unicode>ἰ</Unicode></TextEquiv></Glyph>
<Glyph id="r10975">
<Coords points="1993,1862 1993,1887 2005,1887 2005,1862"/>
<TextEquiv>
<Unicode>ς</Unicode></TextEquiv></Glyph>
<TextEquiv>
<Unicode>εἰς</Unicode></TextEquiv></Word>
<Word id="r1194">
<Coords points="2038,1850 2112,1850 2130,1851 2145,1860 2152,1861 2201,1861 2220,1862 2225,1869 2226,1876 2226,1877 2194,1893 2179,1884 2171,1883 2077,1879 2032,1878 2031,1874 2030,1872 2030,1868 2031,1865 2034,1862 2036,1856 2037,1851"/>
<Glyph id="r10976">
<Coords points="2030,1850 2030,1878 2044,1884 2048,1878 2048,1850"/>
<TextEquiv>
<Unicode>ἀ</Unicode></TextEquiv></Glyph>
<Glyph id="r10977">
<Coords points="2051,1861 2051,1878 2068,1878 2068,1861"/>
<TextEquiv>
<Unicode>ν</Unicode></TextEquiv></Glyph>
<Glyph id="r10978">
<Coords points="2088,1850 2088,1880 2107,1880 2107,1850"/>
<TextEquiv>
<Unicode>ά</Unicode></TextEquiv></Glyph>
<Glyph id="r10979">
<Coords points="2109,1850 2109,1879 2124,1879 2124,1850"/>
<TextEquiv>
<Unicode>λ</Unicode></TextEquiv></Glyph>
<Glyph id="r10980">
<Coords points="2144,1861 2144,1878 2163,1878 2163,1861"/>
<TextEquiv>
<Unicode>α</Unicode></TextEquiv></Glyph>
<Glyph id="r10981">
<Coords points="2166,1861 2166,1883 2177,1889 2184,1883 2184,1861"/>
<TextEquiv>
<Unicode>γ</Unicode></TextEquiv></Glyph>
<Glyph id="r10982">
<Coords points="2189,1861 2189,1888 2207,1888 2207,1861"/>
<TextEquiv>
<Unicode>μ</Unicode></TextEquiv></Glyph>
<Glyph id="r10983">
<Coords points="2212,1862 2212,1879 2225,1879 2231,1881 2231,1862"/>
<TextEquiv>
<Unicode>α</Unicode></TextEquiv></Glyph>
<Glyph id="r10984">
<Coords points="2069,1861 2069,1879 2084,1879 2084,1861"/>
<TextEquiv>
<Unicode>τ</Unicode></TextEquiv></Glyph>
<Glyph id="r10985">
<Coords points="2125,1851 2125,1879 2141,1879 2141,1851"/>
<TextEquiv>
<Unicode>λ</Unicode></TextEquiv></Glyph>
<TextEquiv>
<Unicode>ἀντάλλαγμα</Unicode></TextEquiv></Word>
<TextEquiv>
<Unicode>λαιπωρεῖτο καὶ ἡ Ἑλλὰς ἐπὶ πολλὰ ἔτη καὶ εἰς ἀντάλλαγμα</Unicode></TextEquiv></TextLine>
<TextLine id="r196">
<Coords points="1234,1894 2116,1894 2117,1895 2183,1895 2194,1906 2206,1906 2207,1907 2226,1907 2227,1908 2228,1908 2226,1910 2226,1912 2225,1913 2225,1914 2224,1915 2224,1917 2223,1918 2222,1918 2221,1919 2221,1922 2220,1923 2220,1924 2160,1924 2159,1925 2158,1925 2156,1927 2011,1927 2005,1933 1782,1933 1781,1934 1779,1934 1777,1932 1366,1932 1361,1927 1301,1927 1298,1924 1183,1924 1182,1923 1181,1923 1180,1922 1180,1921 1178,1919 1179,1918 1179,1910 1180,1909 1180,1908 1182,1906 1182,1897 1184,1895 1233,1895"/>
<Word id="r1195">
<Coords points="1185,1895 1188,1906 1190,1909 1191,1916 1191,1920 1189,1925 1181,1926 1180,1925 1178,1922 1179,1909 1181,1907 1182,1897"/>
<Glyph id="r10986">
<Coords points="1179,1896 1179,1924 1190,1924 1190,1896"/>
<TextEquiv>
<Unicode>ὁ</Unicode></TextEquiv></Glyph>
<TextEquiv>
<Unicode>ὁ</Unicode></TextEquiv></Word>
<Word id="r1196">
<Coords points="1234,1894 1276,1894 1295,1906 1301,1907 1299,1924 1230,1922 1227,1920 1224,1916 1220,1913 1219,1910 1218,1908 1220,1905 1230,1896"/>
<Glyph id="r10987">
<Coords points="1224,1894 1224,1922 1249,1922 1249,1894"/>
<TextEquiv>
<Unicode>Θ</Unicode></TextEquiv></Glyph>
<Glyph id="r10988">
<Coords points="1254,1906 1254,1922 1265,1922 1265,1906"/>
<TextEquiv>
<Unicode>ε</Unicode></TextEquiv></Glyph>
<Glyph id="r10989">
<Coords points="1270,1894 1270,1923 1286,1923 1286,1894"/>
<TextEquiv>
<Unicode>ὸ</Unicode></TextEquiv></Glyph>
<Glyph id="r10990">
<Coords points="1289,1907 1289,1932 1303,1932 1303,1907"/>
<TextEquiv>
<Unicode>ς</Unicode></TextEquiv></Glyph>
<TextEquiv>
<Unicode>Θεὸς</Unicode></TextEquiv></Word>
<Word id="r1197">
<Coords points="1358,1895 1363,1896 1381,1906 1385,1907 1384,1926 1382,1928 1379,1929 1368,1930 1366,1931 1358,1923 1339,1922 1338,1920 1335,1912 1333,1907 1334,1906 1340,1906 1351,1897 1355,1896"/>
<Glyph id="r10991">
<Coords points="1333,1906 1333,1922 1348,1922 1348,1906"/>
<TextEquiv>
<Unicode>τ</Unicode></TextEquiv></Glyph>
<Glyph id="r10992">
<Coords points="1350,1896 1350,1930 1368,1930 1368,1896"/>
<TextEquiv>
<Unicode>ῆ</Unicode></TextEquiv></Glyph>
<Glyph id="r10993">
<Coords points="1373,1906 1373,1931 1386,1931 1386,1906"/>
<TextEquiv>
<Unicode>ς</Unicode></TextEquiv></Glyph>
<TextEquiv>
<Unicode>τῆς</Unicode></TextEquiv></Word>
<Word id="r1198">
<Coords points="1421,1894 1551,1894 1553,1895 1564,1906 1608,1906 1609,1908 1610,1919 1608,1922 1607,1923 1515,1927 1470,1930 1436,1926 1419,1922 1419,1906"/>
<Glyph id="r10994">
<Coords points="1419,1894 1419,1923 1430,1923 1430,1894"/>
<TextEquiv>
<Unicode>ἐ</Unicode></TextEquiv></Glyph>
<Glyph id="r10995">
<Coords points="1435,1894 1435,1931 1451,1931 1451,1894"/>
<TextEquiv>
<Unicode>ξ</Unicode></TextEquiv></Glyph>
<Glyph id="r10996">
<Coords points="1455,1906 1455,1929 1473,1929 1473,1906"/>
<TextEquiv>
<Unicode>η</Unicode></TextEquiv></Glyph>
<Glyph id="r10997">
<Coords points="1479,1905 1479,1924 1495,1924 1495,1905"/>
<TextEquiv>
<Unicode>σ</Unicode></TextEquiv></Glyph>
<Glyph id="r10998">
<Coords points="1500,1905 1500,1933 1522,1933 1522,1905"/>
<TextEquiv>
<Unicode>φ</Unicode></TextEquiv></Glyph>
<Glyph id="r11001">
<Coords points="1567,1906 1567,1923 1574,1923 1574,1906"/>
<TextEquiv>
<Unicode>ι</Unicode></TextEquiv></Glyph>
<Glyph id="r11002">
<Coords points="1580,1906 1580,1923 1595,1923 1595,1906"/>
<TextEquiv>
<Unicode>σ</Unicode></TextEquiv></Glyph>
<Glyph id="r11003">
<Coords points="1600,1906 1600,1923 1609,1923 1609,1906"/>
<TextEquiv>
<Unicode>ε</Unicode></TextEquiv></Glyph>
<Glyph id="r12108">
<Coords points="1527,1894 1527,1923 1546,1923 1546,1894"/>
<TextEquiv>
<Unicode>ά</Unicode></TextEquiv></Glyph>
<Glyph id="r12109">
<Coords points="1548,1895 1548,1923 1562,1923 1562,1895"/>
<TextEquiv>
<Unicode>λ</Unicode></TextEquiv></Glyph>
<TextEquiv>
<Unicode>ἐξησφάλισε</Unicode></TextEquiv></Word>
<Word id="r1199">
<Coords points="1687,1894 1690,1895 1771,1895 1782,1906 1799,1908 1798,1912 1793,1922 1781,1923 1780,1932 1778,1933 1769,1924 1656,1923 1644,1916 1644,1908 1646,1906 1661,1905 1675,1905"/>
<Glyph id="r11004">
<Coords points="1644,1905 1644,1923 1664,1923 1664,1905"/>
<TextEquiv>
<Unicode>π</Unicode></TextEquiv></Glyph>
<Glyph id="r11005">
<Coords points="1667,1905 1667,1923 1679,1923 1679,1905"/>
<TextEquiv>
<Unicode>ο</Unicode></TextEquiv></Glyph>
<Glyph id="r11006">
<Coords points="1682,1895 1682,1923 1699,1923 1699,1895"/>
<TextEquiv>
<Unicode>λ</Unicode></TextEquiv></Glyph>
<Glyph id="r11007">
<Coords points="1704,1906 1704,1923 1710,1923 1710,1906"/>
<TextEquiv>
<Unicode>ι</Unicode></TextEquiv></Glyph>
<Glyph id="r11008">
<Coords points="1715,1905 1715,1923 1730,1923 1730,1905"/>
<TextEquiv>
<Unicode>τ</Unicode></TextEquiv></Glyph>
<Glyph id="r11009">
<Coords points="1733,1905 1733,1923 1740,1923 1740,1905"/>
<TextEquiv>
<Unicode>ι</Unicode></TextEquiv></Glyph>
<Glyph id="r11011">
<Coords points="1785,1906 1785,1924 1803,1924 1803,1906"/>
<TextEquiv>
<Unicode>ν</Unicode></TextEquiv></Glyph>
<Glyph id="r14194">
<Coords points="1764,1895 1764,1934 1782,1934 1782,1895"/>
<TextEquiv>
<Unicode>ὴ</Unicode></TextEquiv></Glyph>
<Glyph id="r14195">
<Coords points="1742,1905 1742,1923 1762,1923 1762,1905"/>
<TextEquiv>
<Unicode>κ</Unicode></TextEquiv></Glyph>
<TextEquiv>
<Unicode>πολιτικὴν</Unicode></TextEquiv></Word>
<Word id="r1200">
<Coords points="1962,1894 1974,1906 2034,1906 2043,1913 2044,1920 2044,1922 2034,1923 2013,1924 2005,1932 1937,1931 1932,1927 1836,1923 1834,1922 1832,1919 1831,1908 1835,1907 1837,1906 1886,1902 1895,1898 1899,1895 1961,1895"/>
<Glyph id="r11013">
<Coords points="1831,1906 1831,1923 1850,1923 1850,1906"/>
<TextEquiv>
<Unicode>σ</Unicode></TextEquiv></Glyph>
<Glyph id="r11014">
<Coords points="1852,1905 1852,1924 1867,1924 1867,1905"/>
<TextEquiv>
<Unicode>τ</Unicode></TextEquiv></Glyph>
<Glyph id="r11015">
<Coords points="1871,1905 1871,1923 1887,1923 1887,1905"/>
<TextEquiv>
<Unicode>α</Unicode></TextEquiv></Glyph>
<Glyph id="r11016">
<Coords points="1914,1906 1914,1924 1925,1924 1925,1906"/>
<TextEquiv>
<Unicode>ε</Unicode></TextEquiv></Glyph>
<Glyph id="r11017">
<Coords points="1931,1906 1931,1931 1947,1931 1947,1906"/>
<TextEquiv>
<Unicode>ρ</Unicode></TextEquiv></Glyph>
<Glyph id="r11018">
<Coords points="1951,1895 1951,1924 1966,1924 1966,1895"/>
<TextEquiv>
<Unicode>ό</Unicode></TextEquiv></Glyph>
<Glyph id="r11019">
<Coords points="1972,1906 1972,1924 1983,1924 1983,1906"/>
<TextEquiv>
<Unicode>τ</Unicode></TextEquiv></Glyph>
<Glyph id="r11020">
<Coords points="1987,1906 1987,1931 2005,1931 2005,1906"/>
<TextEquiv>
<Unicode>η</Unicode></TextEquiv></Glyph>
<Glyph id="r11021">
<Coords points="1894,1895 1894,1924 1911,1924 1911,1895"/>
<TextEquiv>
<Unicode>θ</Unicode></TextEquiv></Glyph>
<Glyph id="r11022">
<Coords points="2028,1907 2028,1923 2043,1923 2043,1907"/>
<TextEquiv>
<Unicode>α</Unicode></TextEquiv></Glyph>
<Glyph id="r14196">
<Coords points="2009,1906 2009,1924 2023,1924 2023,1906"/>
<TextEquiv>
<Unicode>τ</Unicode></TextEquiv></Glyph>
<TextEquiv>
<Unicode>σταθερότητα</Unicode></TextEquiv></Word>
<Word id="r1201">
<Coords points="2116,1895 2118,1897 2122,1904 2126,1919 2128,1921 2124,1923 2115,1924 2113,1924 2080,1923 2077,1921 2070,1916 2071,1906 2077,1898 2114,1896"/>
<Glyph id="r11023">
<Coords points="2077,1898 2077,1923 2084,1930 2093,1923 2093,1898"/>
<TextEquiv>
<Unicode>δ</Unicode></TextEquiv></Glyph>
<Glyph id="r11024">
<Coords points="2098,1906 2097,1928 2105,1923 2105,1906"/>
<TextEquiv>
<Unicode>ι</Unicode></TextEquiv></Glyph>
<Glyph id="r11025">
<Coords points="2108,1896 2108,1923 2125,1923 2125,1896"/>
<TextEquiv>
<Unicode>ὰ</Unicode></TextEquiv></Glyph>
<TextEquiv>
<Unicode>διὰ</Unicode></TextEquiv></Word>
<Word id="r1202">
<Coords points="2182,1895 2196,1906 2201,1907 2230,1907 2231,1910 2232,1914 2233,1919 2232,1923 2156,1939 2158,1909 2163,1907 2170,1906"/>
<Glyph id="r11026">
<Coords points="2158,1906 2158,1934 2175,1934 2175,1906"/>
<TextEquiv>
<Unicode>μ</Unicode></TextEquiv></Glyph>
<Glyph id="r11027">
<Coords points="2180,1896 2180,1924 2187,1924 2187,1896"/>
<TextEquiv>
<Unicode>ί</Unicode></TextEquiv></Glyph>
<Glyph id="r14197">
<Coords points="2191,1907 2191,1924 2211,1924 2211,1907"/>
<TextEquiv>
<Unicode>α</Unicode></TextEquiv></Glyph>
<Glyph id="r14198">
<Coords points="2214,1907 2214,1924 2228,1924 2228,1907"/>
<TextEquiv>
<Unicode>ν</Unicode></TextEquiv></Glyph>
<TextEquiv>
<Unicode>μίαν</Unicode></TextEquiv></Word>
<TextEquiv>
<Unicode>ὁ Θεὸς τῆς ἐξησφάλισε πολιτικὴν σταθερότητα διὰ μίαν</Unicode></TextEquiv></TextLine>
<TextLine id="r197">
<Coords points="1495,1938 1496,1938 1496,1939 1969,1939 1969,1940 2111,1940 2111,1941 2208,1941 2208,1942 2209,1942 2209,1943 2210,1943 2210,1944 2211,1944 2211,1945 2212,1945 2212,1946 2213,1946 2213,1947 2214,1947 2214,1948 2215,1948 2215,1949 2216,1949 2216,1950 2217,1950 2217,1951 2218,1951 2218,1952 2227,1952 2226,1952 2226,1971 2225,1971 2225,1973 2224,1973 2224,1974 2221,1974 2221,1975 2218,1975 2218,1976 2210,1976 2210,1977 2207,1977 2207,1976 1990,1976 1990,1977 1989,1977 1989,1978 1989,1977 1986,1977 1986,1976 1983,1976 1983,1975 1813,1975 1813,1976 1812,1976 1812,1977 1811,1977 1811,1978 1275,1978 1275,1977 1274,1977 1274,1976 1273,1976 1273,1975 1272,1975 1272,1974 1271,1974 1271,1973 1270,1973 1270,1972 1269,1972 1269,1971 1268,1971 1268,1970 1267,1970 1267,1969 1187,1969 1187,1968 1186,1968 1186,1954 1185,1954 1185,1952 1184,1952 1193,1952 1193,1951 1213,1951 1213,1950 1214,1950 1214,1949 1215,1949 1215,1948 1216,1948 1216,1947 1217,1947 1217,1946 1218,1946 1218,1945 1219,1945 1219,1944 1220,1944 1220,1943 1221,1943 1221,1942 1222,1942 1222,1941 1223,1941 1223,1940 1267,1940 1267,1939 1495,1939"/>
<Word id="r1203">
<Coords points="1268,1939 1279,1949 1390,1954 1389,1957 1387,1961 1384,1962 1383,1968 1383,1971 1352,1968 1298,1969 1283,1977 1267,1968 1186,1967 1185,1953 1188,1952 1193,1951 1212,1951 1223,1940 1266,1940"/>
<Glyph id="r11030">
<Coords points="1182,1971 1194,1967 1194,1951 1182,1951"/>
<TextEquiv>
<Unicode>τ</Unicode></TextEquiv></Glyph>
<Glyph id="r11032">
<Coords points="1236,1940 1236,1967 1243,1973 1250,1967 1250,1940"/>
<TextEquiv>
<Unicode>λ</Unicode></TextEquiv></Glyph>
<Glyph id="r11033">
<Coords points="1253,1940 1253,1968 1274,1968 1274,1940"/>
<TextEquiv>
<Unicode>ά</Unicode></TextEquiv></Glyph>
<Glyph id="r11034">
<Coords points="1276,1951 1276,1979 1292,1979 1292,1951"/>
<TextEquiv>
<Unicode>χ</Unicode></TextEquiv></Glyph>
<Glyph id="r11035">
<Coords points="1297,1951 1297,1968 1304,1968 1304,1951"/>
<TextEquiv>
<Unicode>ι</Unicode></TextEquiv></Glyph>
<Glyph id="r11036">
<Coords points="1309,1951 1309,1968 1325,1968 1325,1951"/>
<TextEquiv>
<Unicode>σ</Unicode></TextEquiv></Glyph>
<Glyph id="r11037">
<Coords points="1330,1952 1330,1968 1341,1968 1341,1952"/>
<TextEquiv>
<Unicode>τ</Unicode></TextEquiv></Glyph>
<Glyph id="r11038">
<Coords points="1346,1953 1346,1968 1360,1968 1360,1953"/>
<TextEquiv>
<Unicode>ο</Unicode></TextEquiv></Glyph>
<Glyph id="r11040">
<Coords points="1366,1951 1366,1968 1382,1968 1382,1951"/>
<TextEquiv>
<Unicode>ν</Unicode></TextEquiv></Glyph>
<Glyph id="r14204">
<Coords points="1216,1940 1216,1967 1226,1971 1234,1967 1234,1940"/>
<TextEquiv>
<Unicode>ὐ</Unicode></TextEquiv></Glyph>
<Glyph id="r14205">
<Coords points="1198,1951 1198,1967 1214,1967 1214,1951"/>
<TextEquiv>
<Unicode>ο</Unicode></TextEquiv></Glyph>
<TextEquiv>
<Unicode>τοὐλάχιστον</Unicode></TextEquiv></Word>
<Word id="r1205">
<Coords points="1495,1938 1509,1950 1512,1951 1552,1947 1564,1962 1563,1964 1562,1967 1560,1971 1558,1972 1533,1967 1410,1969 1410,1947 1411,1946 1415,1944 1491,1942"/>
<Glyph id="r11041">
<Coords points="1414,1944 1414,1968 1426,1968 1426,1944"/>
<TextEquiv>
<Unicode>1</Unicode></TextEquiv></Glyph>
<Glyph id="r11042">
<Coords points="1436,1944 1436,1968 1451,1968 1451,1944"/>
<TextEquiv>
<Unicode>2</Unicode></TextEquiv></Glyph>
<Glyph id="r11043">
<Coords points="1457,1950 1457,1968 1469,1968 1469,1950"/>
<TextEquiv>
<Unicode>ε</Unicode></TextEquiv></Glyph>
<Glyph id="r11044">
<Coords points="1472,1951 1472,1967 1489,1967 1489,1951"/>
<TextEquiv>
<Unicode>τ</Unicode></TextEquiv></Glyph>
<Glyph id="r11045">
<Coords points="1492,1939 1492,1967 1501,1967 1501,1939"/>
<TextEquiv>
<Unicode>ί</Unicode></TextEquiv></Glyph>
<Glyph id="r11046">
<Coords points="1504,1951 1504,1967 1521,1967 1521,1951"/>
<TextEquiv>
<Unicode>α</Unicode></TextEquiv></Glyph>
<Glyph id="r11047">
<Coords points="1525,1951 1525,1967 1540,1967 1540,1951"/>
<TextEquiv>
<Unicode>ν</Unicode></TextEquiv></Glyph>
<Glyph id="r14203">
<Coords points="1547,1965 1547,1969 1550,1969 1550,1965"/>
<TextEquiv>
<Unicode>.</Unicode></TextEquiv></Glyph>
<TextEquiv>
<Unicode>12ετίαν.</Unicode></TextEquiv></Word>
<Word id="r1207">
<Coords points="1609,1939 1800,1939 1811,1950 1879,1950 1906,1947 1910,1979 1802,1979 1675,1976 1591,1975 1591,1940"/>
<Glyph id="r11049">
<Coords points="1593,1940 1593,1974 1600,1974 1600,1940"/>
<TextEquiv>
<Unicode>(</Unicode></TextEquiv></Glyph>
<Glyph id="r11050">
<Coords points="1607,1939 1607,1968 1637,1968 1637,1939"/>
<TextEquiv>
<Unicode>Χ</Unicode></TextEquiv></Glyph>
<Glyph id="r11051">
<Coords points="1640,1950 1640,1968 1651,1968 1651,1950"/>
<TextEquiv>
<Unicode>ε</Unicode></TextEquiv></Glyph>
<Glyph id="r11052">
<Coords points="1658,1950 1658,1968 1665,1968 1665,1950"/>
<TextEquiv>
<Unicode>ι</Unicode></TextEquiv></Glyph>
<Glyph id="r11053">
<Coords points="1671,1950 1671,1976 1687,1976 1687,1950"/>
<TextEquiv>
<Unicode>ρ</Unicode></TextEquiv></Glyph>
<Glyph id="r11054">
<Coords points="1692,1950 1692,1968 1706,1968 1706,1950"/>
<TextEquiv>
<Unicode>ο</Unicode></TextEquiv></Glyph>
<Glyph id="r11055">
<Coords points="1708,1950 1708,1970 1728,1970 1728,1950"/>
<TextEquiv>
<Unicode>κ</Unicode></TextEquiv></Glyph>
<Glyph id="r11056">
<Coords points="1732,1951 1732,1977 1746,1977 1746,1951"/>
<TextEquiv>
<Unicode>ρ</Unicode></TextEquiv></Glyph>
<Glyph id="r11057">
<Coords points="1752,1950 1752,1968 1768,1968 1768,1950"/>
<TextEquiv>
<Unicode>ο</Unicode></TextEquiv></Glyph>
<Glyph id="r11060">
<Coords points="1811,1950 1811,1978 1829,1978 1829,1950"/>
<TextEquiv>
<Unicode>μ</Unicode></TextEquiv></Glyph>
<Glyph id="r11061">
<Coords points="1832,1950 1832,1968 1851,1968 1851,1950"/>
<TextEquiv>
<Unicode>α</Unicode></TextEquiv></Glyph>
<Glyph id="r11062">
<Coords points="1853,1951 1853,1969 1868,1969 1868,1951"/>
<TextEquiv>
<Unicode>τ</Unicode></TextEquiv></Glyph>
<Glyph id="r11063">
<Coords points="1873,1950 1873,1968 1890,1968 1890,1950"/>
<TextEquiv>
<Unicode>α</Unicode></TextEquiv></Glyph>
<Glyph id="r11064">
<Coords points="1896,1965 1896,1975 1901,1975 1901,1965"/>
<TextEquiv>
<Unicode>,</Unicode></TextEquiv></Glyph>
<Glyph id="r14199">
<Coords points="1789,1940 1787,1978 1807,1980 1805,1940"/>
<TextEquiv>
<Unicode>ή</Unicode></TextEquiv></Glyph>
<Glyph id="r14200">
<Coords points="1770,1950 1770,1968 1786,1968 1786,1950"/>
<TextEquiv>
<Unicode>τ</Unicode></TextEquiv></Glyph>
<TextEquiv>
<Unicode>(Χειροκροτήματα,</Unicode></TextEquiv></Word>
<Word id="r1208">
<Coords points="1967,1939 1969,1940 2030,1940 2041,1951 2071,1951 2070,1972 2069,1973 2068,1975 1986,1981 1941,1968 1934,1962 1933,1956 1936,1945 1941,1941 1942,1940 1966,1940"/>
<Glyph id="r11065">
<Coords points="1933,1940 1933,1969 1953,1969 1953,1940"/>
<TextEquiv>
<Unicode>θ</Unicode></TextEquiv></Glyph>
<Glyph id="r11066">
<Coords points="1955,1940 1955,1969 1973,1969 1973,1940"/>
<TextEquiv>
<Unicode>ό</Unicode></TextEquiv></Glyph>
<Glyph id="r11067">
<Coords points="1979,1950 1979,1978 1994,1978 1994,1950"/>
<TextEquiv>
<Unicode>ρ</Unicode></TextEquiv></Glyph>
<Glyph id="r11068">
<Coords points="1996,1950 1996,1969 2014,1969 2014,1950"/>
<TextEquiv>
<Unicode>υ</Unicode></TextEquiv></Glyph>
<Glyph id="r11069">
<Coords points="2019,1940 2019,1968 2034,1968 2034,1940"/>
<TextEquiv>
<Unicode>β</Unicode></TextEquiv></Glyph>
<Glyph id="r11070">
<Coords points="2036,1951 2036,1969 2053,1969 2053,1951"/>
<TextEquiv>
<Unicode>ο</Unicode></TextEquiv></Glyph>
<Glyph id="r11071">
<Coords points="2058,1951 2058,1975 2070,1975 2070,1951"/>
<TextEquiv>
<Unicode>ς</Unicode></TextEquiv></Glyph>
<TextEquiv>
<Unicode>θόρυβος</Unicode></TextEquiv></Word>
<Word id="r1209">
<Coords points="2109,1940 2112,1941 2124,1951 2131,1952 2150,1950 2139,1965 2138,1968 2108,1968 2106,1960 2107,1956 2109,1951"/>
<Glyph id="r11072">
<Coords points="2106,1941 2106,1967 2118,1967 2118,1941"/>
<TextEquiv>
<Unicode>ἐ</Unicode></TextEquiv></Glyph>
<Glyph id="r11073">
<Coords points="2122,1952 2122,1968 2140,1968 2140,1952"/>
<TextEquiv>
<Unicode>κ</Unicode></TextEquiv></Glyph>
<TextEquiv>
<Unicode>ἐκ</Unicode></TextEquiv></Word>
<Word id="r1210">
<Coords points="2202,1941 2231,1953 2233,1971 2230,1973 2208,1982 2203,1972 2181,1968 2179,1966 2175,1961 2173,1957 2175,1953 2177,1952 2183,1951"/>
<Glyph id="r11074">
<Coords points="2173,1951 2173,1968 2189,1968 2189,1951"/>
<TextEquiv>
<Unicode>τ</Unicode></TextEquiv></Glyph>
<Glyph id="r11075">
<Coords points="2214,1952 2214,1976 2227,1976 2227,1952"/>
<TextEquiv>
<Unicode>ς</Unicode></TextEquiv></Glyph>
<Glyph id="r11076">
<Coords points="2190,1942 2190,1977 2210,1977 2210,1942"/>
<TextEquiv>
<Unicode>ῆ</Unicode></TextEquiv></Glyph>
<TextEquiv>
<Unicode>τῆς</Unicode></TextEquiv></Word>
<TextEquiv>
<Unicode>τοὐλάχιστον 12ετίαν. (Χειροκροτήματα, θόρυβος ἐκ τῆς</Unicode></TextEquiv></TextLine>
<TextLine id="r232">
<Coords points="1187,1982 1177,2001 1183,2027 1214,2027 1394,2023 1366,1982 1277,1983"/>
<Word id="r1211">
<Coords points="1357,1983 1359,1986 1387,2015 1386,2018 1385,2020 1350,2019 1341,2020 1339,2021 1304,2022 1212,2030 1181,2016 1180,2003 1185,1996 1188,1986 1190,1985 1356,1984"/>
<Glyph id="r11077">
<Coords points="1182,1985 1182,2014 1199,2014 1199,1985"/>
<TextEquiv>
<Unicode>ἀ</Unicode></TextEquiv></Glyph>
<Glyph id="r11078">
<Coords points="1204,1996 1204,2023 1219,2023 1219,1996"/>
<TextEquiv>
<Unicode>ρ</Unicode></TextEquiv></Glyph>
<Glyph id="r11079">
<Coords points="1225,1997 1225,2014 1231,2014 1231,1997"/>
<TextEquiv>
<Unicode>ι</Unicode></TextEquiv></Glyph>
<Glyph id="r11080">
<Coords points="1237,1996 1237,2014 1252,2014 1252,1996"/>
<TextEquiv>
<Unicode>σ</Unicode></TextEquiv></Glyph>
<Glyph id="r11081">
<Coords points="1256,1996 1256,2014 1270,2014 1270,1996"/>
<TextEquiv>
<Unicode>τ</Unicode></TextEquiv></Glyph>
<Glyph id="r11082">
<Coords points="1275,1996 1275,2014 1286,2014 1286,1996"/>
<TextEquiv>
<Unicode>ε</Unicode></TextEquiv></Glyph>
<Glyph id="r11083">
<Coords points="1292,1996 1292,2022 1309,2022 1309,1996"/>
<TextEquiv>
<Unicode>ρ</Unicode></TextEquiv></Glyph>
<Glyph id="r11084">
<Coords points="1313,1985 1313,2012 1331,2012 1331,1985"/>
<TextEquiv>
<Unicode>ᾶ</Unicode></TextEquiv></Glyph>
<Glyph id="r11085">
<Coords points="1335,1996 1335,2020 1348,2020 1348,1996"/>
<TextEquiv>
<Unicode>ς</Unicode></TextEquiv></Glyph>
<Glyph id="r11086">
<Coords points="1356,1984 1356,2019 1364,2019 1364,1984"/>
<TextEquiv>
<Unicode>)</Unicode></TextEquiv></Glyph>
<Glyph id="r14206">
<Coords points="1376,2012 1376,2015 1379,2015 1379,2012"/>
<TextEquiv>
<Unicode>.</Unicode></TextEquiv></Glyph>
<TextEquiv>
<Unicode>ἀριστερᾶς).</Unicode></TextEquiv></Word>
<TextEquiv>
<Unicode>ἀριστερᾶς).</Unicode></TextEquiv></TextLine></TextRegion>
<TextRegion id="r23" type="paragraph">
<Coords points="1259,2039 1173,2090 1167,2184 2245,2158 2241,2038 2104,2036"/>
<TextLine id="r199">
<Coords points="1372,2045 1373,2046 1928,2046 1929,2047 2164,2047 2176,2059 2230,2058 2222,2076 2209,2088 2144,2077 2135,2086 2005,2086 2004,2087 2003,2087 2002,2086 2001,2086 2000,2085 1475,2085 1474,2084 1474,2080 1470,2076 1275,2076 1273,2074 1272,2074 1270,2072 1270,2071 1268,2069 1268,2068 1267,2067 1267,2066 1266,2065 1266,2058 1267,2057 1267,2055 1269,2053 1269,2052 1270,2051 1270,2050 1272,2048 1273,2048 1274,2047 1276,2047 1277,2046 1371,2046"/>
<Word id="r1212">
<Coords points="1277,2046 1305,2046 1307,2048 1308,2051 1313,2064 1314,2072 1314,2075 1273,2074 1270,2072 1269,2070 1267,2067 1266,2065 1266,2057 1268,2054 1269,2051 1273,2047 1276,2047"/>
<Glyph id="r11088">
<Coords points="1266,2046 1266,2074 1279,2079 1291,2074 1291,2046"/>
<TextEquiv>
<Unicode>Θ</Unicode></TextEquiv></Glyph>
<Glyph id="r11089">
<Coords points="1297,2046 1297,2076 1315,2076 1315,2046"/>
<TextEquiv>
<Unicode>ὰ</Unicode></TextEquiv></Glyph>
<TextEquiv>
<Unicode>Θὰ</Unicode></TextEquiv></Word>
<Word id="r1213">
<Coords points="1368,2046 1373,2047 1409,2048 1411,2049 1421,2057 1426,2058 1428,2059 1429,2071 1429,2074 1348,2074 1348,2059 1352,2058 1363,2047"/>
<Glyph id="r11090">
<Coords points="1348,2058 1348,2073 1358,2073 1358,2058"/>
<TextEquiv>
<Unicode>ε</Unicode></TextEquiv></Glyph>
<Glyph id="r11091">
<Coords points="1362,2047 1362,2073 1373,2081 1373,2047"/>
<TextEquiv>
<Unicode>ἶ</Unicode></TextEquiv></Glyph>
<Glyph id="r11092">
<Coords points="1378,2058 1378,2073 1393,2073 1393,2058"/>
<TextEquiv>
<Unicode>σ</Unicode></TextEquiv></Glyph>
<Glyph id="r11093">
<Coords points="1396,2048 1396,2073 1406,2079 1417,2073 1417,2048"/>
<TextEquiv>
<Unicode>θ</Unicode></TextEquiv></Glyph>
<Glyph id="r11094">
<Coords points="1419,2058 1419,2076 1432,2076 1432,2058"/>
<TextEquiv>
<Unicode>ε</Unicode></TextEquiv></Glyph>
<TextEquiv>
<Unicode>εἶσθε</Unicode></TextEquiv></Word>
<Word id="r1214">
<Coords points="1496,2046 1502,2047 1517,2057 1586,2057 1600,2058 1602,2074 1586,2075 1485,2076 1475,2084 1474,2080 1465,2069 1464,2064 1465,2060 1467,2058 1484,2057 1494,2047"/>
<Glyph id="r11095">
<Coords points="1464,2058 1464,2083 1486,2083 1486,2058"/>
<TextEquiv>
<Unicode>φ</Unicode></TextEquiv></Glyph>
<Glyph id="r11096">
<Coords points="1492,2047 1492,2075 1500,2075 1500,2047"/>
<TextEquiv>
<Unicode>ί</Unicode></TextEquiv></Glyph>
<Glyph id="r11097">
<Coords points="1502,2047 1502,2075 1516,2075 1516,2047"/>
<TextEquiv>
<Unicode>λ</Unicode></TextEquiv></Glyph>
<Glyph id="r11098">
<Coords points="1520,2058 1520,2075 1534,2075 1534,2058"/>
<TextEquiv>
<Unicode>τ</Unicode></TextEquiv></Glyph>
<Glyph id="r11099">
<Coords points="1539,2058 1539,2074 1557,2074 1557,2058"/>
<TextEquiv>
<Unicode>α</Unicode></TextEquiv></Glyph>
<Glyph id="r11100">
<Coords points="1560,2058 1560,2075 1575,2075 1575,2058"/>
<TextEquiv>
<Unicode>τ</Unicode></TextEquiv></Glyph>
<Glyph id="r11101">
<Coords points="1579,2057 1579,2075 1593,2075 1593,2057"/>
<TextEquiv>
<Unicode>ο</Unicode></TextEquiv></Glyph>
<Glyph id="r14208">
<Coords points="1599,2058 1599,2077 1605,2077 1605,2058"/>
<TextEquiv>
<Unicode>ι</Unicode></TextEquiv></Glyph>
<TextEquiv>
<Unicode>φίλτατοι</Unicode></TextEquiv></Word>
<Word id="r1215">
<Coords points="1663,2047 1667,2049 1751,2049 1757,2050 1769,2058 1779,2056 1782,2075 1783,2078 1782,2081 1781,2083 1727,2083 1713,2084 1705,2076 1642,2075 1639,2074 1639,2060 1647,2057"/>
<Glyph id="r11103">
<Coords points="1639,2058 1639,2075 1650,2075 1650,2058"/>
<TextEquiv>
<Unicode>ε</Unicode></TextEquiv></Glyph>
<Glyph id="r11104">
<Coords points="1654,2048 1654,2075 1673,2075 1673,2048"/>
<TextEquiv>
<Unicode>ὐ</Unicode></TextEquiv></Glyph>
<Glyph id="r11105">
<Coords points="1676,2058 1676,2075 1688,2075 1688,2058"/>
<TextEquiv>
<Unicode>τ</Unicode></TextEquiv></Glyph>
<Glyph id="r11106">
<Coords points="1692,2058 1692,2075 1709,2075 1709,2058"/>
<TextEquiv>
<Unicode>υ</Unicode></TextEquiv></Glyph>
<Glyph id="r11107">
<Coords points="1711,2057 1711,2083 1728,2083 1728,2057"/>
<TextEquiv>
<Unicode>χ</Unicode></TextEquiv></Glyph>
<Glyph id="r11108">
<Coords points="1733,2058 1733,2076 1744,2076 1744,2058"/>
<TextEquiv>
<Unicode>ε</Unicode></TextEquiv></Glyph>
<Glyph id="r11109">
<Coords points="1748,2049 1748,2076 1758,2076 1758,2049"/>
<TextEquiv>
<Unicode>ῖ</Unicode></TextEquiv></Glyph>
<Glyph id="r11110">
<Coords points="1761,2058 1761,2082 1773,2082 1773,2058"/>
<TextEquiv>
<Unicode>ς</Unicode></TextEquiv></Glyph>
<Glyph id="r14209">
<Coords points="1781,2074 1781,2083 1783,2083 1783,2074"/>
<TextEquiv>
<Unicode>,</Unicode></TextEquiv></Glyph>
<TextEquiv>
<Unicode>εὐτυχεῖς,</Unicode></TextEquiv></Word>
<Word id="r1216">
<Coords points="1826,2047 1848,2059 1853,2060 1852,2064 1851,2066 1850,2069 1848,2072 1847,2074 1847,2076 1820,2075 1818,2071 1818,2064 1820,2060"/>
<Glyph id="r11112">
<Coords points="1818,2046 1818,2075 1836,2075 1836,2046"/>
<TextEquiv>
<Unicode>ἂ</Unicode></TextEquiv></Glyph>
<Glyph id="r11113">
<Coords points="1839,2059 1839,2075 1855,2075 1855,2059"/>
<TextEquiv>
<Unicode>ν</Unicode></TextEquiv></Glyph>
<TextEquiv>
<Unicode>ἂν</Unicode></TextEquiv></Word>
<Word id="r1217">
<Coords points="1928,2046 1931,2048 1934,2053 1934,2069 1939,2071 1937,2076 1889,2076 1888,2075 1887,2063 1886,2059 1913,2059 1922,2050"/>
<Glyph id="r11114">
<Coords points="1886,2059 1886,2075 1902,2075 1902,2059"/>
<TextEquiv>
<Unicode>κ</Unicode></TextEquiv></Glyph>
<Glyph id="r11115">
<Coords points="1907,2058 1907,2075 1924,2075 1924,2058"/>
<TextEquiv>
<Unicode>α</Unicode></TextEquiv></Glyph>
<Glyph id="r14210">
<Coords points="1927,2044 1927,2075 1939,2075 1939,2044"/>
<TextEquiv>
<Unicode>ὶ</Unicode></TextEquiv></Glyph>
<TextEquiv>
<Unicode>καὶ</Unicode></TextEquiv></Word>
<Word id="r1218">
<Coords points="1993,2047 2024,2060 2027,2061 2029,2067 2030,2073 2031,2074 2030,2076 2020,2077 2019,2085 2017,2086 1996,2087 1993,2077 1976,2076 1974,2075 1971,2065 1969,2060 1970,2059 1975,2059 1987,2049"/>
<Glyph id="r11117">
<Coords points="1969,2058 1969,2078 1983,2078 1983,2058"/>
<TextEquiv>
<Unicode>τ</Unicode></TextEquiv></Glyph>
<Glyph id="r11118">
<Coords points="1986,2048 1986,2086 2006,2086 2006,2048"/>
<TextEquiv>
<Unicode>ὴ</Unicode></TextEquiv></Glyph>
<Glyph id="r11119">
<Coords points="2008,2060 2008,2077 2022,2077 2027,2069 2022,2060"/>
<TextEquiv>
<Unicode>ν</Unicode></TextEquiv></Glyph>
<TextEquiv>
<Unicode>τὴν</Unicode></TextEquiv></Word>
<Word id="r1219">
<Coords points="2060,2047 2163,2047 2175,2059 2233,2054 2232,2075 2207,2089 2204,2085 2080,2084 2075,2080 2059,2076 2056,2074 2055,2067 2056,2060 2058,2053 2059,2048"/>
<Glyph id="r11120">
<Coords points="2055,2047 2055,2076 2068,2076 2068,2047"/>
<TextEquiv>
<Unicode>ἐ</Unicode></TextEquiv></Glyph>
<Glyph id="r11121">
<Coords points="2074,2058 2074,2084 2084,2088 2090,2084 2090,2058"/>
<TextEquiv>
<Unicode>ρ</Unicode></TextEquiv></Glyph>
<Glyph id="r11122">
<Coords points="2094,2058 2094,2084 2105,2088 2109,2084 2109,2058"/>
<TextEquiv>
<Unicode>χ</Unicode></TextEquiv></Glyph>
<Glyph id="r11123">
<Coords points="2114,2059 2114,2077 2128,2077 2128,2059"/>
<TextEquiv>
<Unicode>ο</Unicode></TextEquiv></Glyph>
<Glyph id="r11124">
<Coords points="2133,2059 2133,2084 2152,2084 2152,2059"/>
<TextEquiv>
<Unicode>μ</Unicode></TextEquiv></Glyph>
<Glyph id="r11125">
<Coords points="2155,2048 2155,2077 2168,2077 2168,2048"/>
<TextEquiv>
<Unicode>έ</Unicode></TextEquiv></Glyph>
<Glyph id="r11126">
<Coords points="2172,2059 2172,2077 2187,2077 2187,2059"/>
<TextEquiv>
<Unicode>ν</Unicode></TextEquiv></Glyph>
<Glyph id="r11127">
<Coords points="2190,2059 2190,2086 2207,2086 2207,2059"/>
<TextEquiv>
<Unicode>η</Unicode></TextEquiv></Glyph>
<Glyph id="r11128">
<Coords points="2212,2059 2212,2076 2226,2076 2229,2062 2226,2059"/>
<TextEquiv>
<Unicode>ν</Unicode></TextEquiv></Glyph>
<TextEquiv>
<Unicode>ἐρχομένην</Unicode></TextEquiv></Word>
<TextEquiv>
<Unicode>Θὰ εἶσθε φίλτατοι εὐτυχεῖς, ἂν καὶ τὴν ἐρχομένην</Unicode></TextEquiv></TextLine>
<TextLine id="r200">
<Coords points="1313,2091 1982,2091 1983,2092 2111,2092 2122,2103 2172,2103 2173,2104 2215,2104 2215,2105 2216,2106 2216,2110 2226,2120 2224,2122 2183,2122 2174,2131 1787,2131 1786,2132 1785,2132 1784,2131 1692,2131 1691,2130 1326,2130 1317,2121 1183,2121 1182,2120 1182,2116 1181,2115 1181,2112 1180,2111 1181,2110 1181,2108 1183,2106 1183,2105 1184,2104 1184,2103 1186,2101 1186,2100 1189,2097 1189,2096 1190,2095 1235,2095 1238,2092 1312,2092"/>
<Word id="r1220">
<Coords points="1238,2092 1256,2103 1263,2104 1283,2104 1282,2106 1280,2107 1278,2115 1276,2118 1275,2120 1182,2118 1181,2113 1180,2110 1182,2107 1183,2104 1185,2102 1187,2098 1189,2095 1235,2095"/>
<Glyph id="r11129">
<Coords points="1180,2095 1180,2122 1196,2122 1196,2095"/>
<TextEquiv>
<Unicode>4</Unicode></TextEquiv></Glyph>
<Glyph id="r11130">
<Coords points="1200,2103 1200,2118 1212,2118 1212,2103"/>
<TextEquiv>
<Unicode>ε</Unicode></TextEquiv></Glyph>
<Glyph id="r11131">
<Coords points="1218,2104 1218,2119 1229,2119 1229,2104"/>
<TextEquiv>
<Unicode>τ</Unicode></TextEquiv></Glyph>
<Glyph id="r11132">
<Coords points="1235,2093 1235,2122 1243,2122 1243,2093"/>
<TextEquiv>
<Unicode>ί</Unicode></TextEquiv></Glyph>
<Glyph id="r11133">
<Coords points="1247,2103 1247,2119 1263,2119 1263,2103"/>
<TextEquiv>
<Unicode>α</Unicode></TextEquiv></Glyph>
<Glyph id="r11134">
<Coords points="1267,2104 1267,2121 1285,2121 1285,2104"/>
<TextEquiv>
<Unicode>ν</Unicode></TextEquiv></Glyph>
<TextEquiv>
<Unicode>4ετίαν</Unicode></TextEquiv></Word>
<Word id="r1221">
<Coords points="1318,2091 1335,2103 1400,2101 1404,2108 1405,2117 1403,2118 1349,2121 1333,2129 1317,2121 1314,2120 1311,2118 1310,2117 1311,2092"/>
<Glyph id="r11135">
<Coords points="1310,2092 1310,2121 1322,2121 1322,2092"/>
<TextEquiv>
<Unicode>ἔ</Unicode></TextEquiv></Glyph>
<Glyph id="r11136">
<Coords points="1325,2103 1325,2131 1342,2131 1342,2103"/>
<TextEquiv>
<Unicode>χ</Unicode></TextEquiv></Glyph>
<Glyph id="r11137">
<Coords points="1347,2103 1347,2120 1359,2120 1359,2103"/>
<TextEquiv>
<Unicode>ε</Unicode></TextEquiv></Glyph>
<Glyph id="r11138">
<Coords points="1363,2103 1363,2119 1377,2119 1377,2103"/>
<TextEquiv>
<Unicode>τ</Unicode></TextEquiv></Glyph>
<Glyph id="r11139">
<Coords points="1381,2103 1381,2122 1393,2122 1393,2103"/>
<TextEquiv>
<Unicode>ε</Unicode></TextEquiv></Glyph>
<TextEquiv>
<Unicode>ἔχετε</Unicode></TextEquiv></Word>
<Word id="r1222">
<Coords points="1446,2091 1482,2105 1489,2111 1488,2114 1486,2116 1485,2120 1473,2121 1456,2129 1447,2121 1428,2120 1427,2118 1424,2110 1422,2105 1430,2103 1434,2103"/>
<Glyph id="r11140">
<Coords points="1422,2103 1422,2120 1436,2120 1436,2103"/>
<TextEquiv>
<Unicode>τ</Unicode></TextEquiv></Glyph>
<Glyph id="r11141">
<Coords points="1439,2092 1439,2128 1457,2128 1457,2092"/>
<TextEquiv>
<Unicode>ὴ</Unicode></TextEquiv></Glyph>
<Glyph id="r11142">
<Coords points="1459,2104 1459,2120 1478,2120 1478,2104"/>
<TextEquiv>
<Unicode>ν</Unicode></TextEquiv></Glyph>
<TextEquiv>
<Unicode>τὴν</Unicode></TextEquiv></Word>
<Word id="r1223">
<Coords points="1535,2091 1548,2103 1590,2103 1591,2104 1590,2106 1588,2112 1586,2115 1584,2121 1510,2120 1508,2116 1507,2113 1503,2108 1504,2106 1508,2099 1509,2094 1510,2093 1512,2092 1534,2092"/>
<Glyph id="r11143">
<Coords points="1503,2092 1503,2120 1525,2120 1525,2092"/>
<TextEquiv>
<Unicode>θ</Unicode></TextEquiv></Glyph>
<Glyph id="r11144">
<Coords points="1527,2092 1527,2120 1538,2120 1538,2092"/>
<TextEquiv>
<Unicode>έ</Unicode></TextEquiv></Glyph>
<Glyph id="r11145">
<Coords points="1545,2103 1545,2120 1561,2120 1561,2103"/>
<TextEquiv>
<Unicode>σ</Unicode></TextEquiv></Glyph>
<Glyph id="r11146">
<Coords points="1566,2103 1566,2120 1573,2120 1573,2103"/>
<TextEquiv>
<Unicode>ι</Unicode></TextEquiv></Glyph>
<Glyph id="r11147">
<Coords points="1575,2103 1575,2122 1594,2122 1594,2103"/>
<TextEquiv>
<Unicode>ν</Unicode></TextEquiv></Glyph>
<TextEquiv>
<Unicode>θέσιν</Unicode></TextEquiv></Word>
<Word id="r1224">
<Coords points="1646,2091 1688,2091 1690,2092 1737,2107 1740,2109 1741,2114 1742,2118 1743,2121 1742,2123 1730,2124 1728,2133 1688,2134 1683,2121 1620,2119 1619,2117 1619,2106 1621,2104 1633,2103 1644,2092"/>
<Glyph id="r11148">
<Coords points="1619,2104 1619,2119 1633,2119 1633,2104"/>
<TextEquiv>
<Unicode>α</Unicode></TextEquiv></Glyph>
<Glyph id="r11150">
<Coords points="1676,2092 1676,2131 1695,2131 1695,2092"/>
<TextEquiv>
<Unicode>ή</Unicode></TextEquiv></Glyph>
<Glyph id="r11151">
<Coords points="1699,2104 1699,2121 1715,2121 1715,2104"/>
<TextEquiv>
<Unicode>ν</Unicode></TextEquiv></Glyph>
<Glyph id="r11153">
<Coords points="1719,2117 1719,2128 1724,2128 1724,2117"/>
<TextEquiv>
<Unicode>,</Unicode></TextEquiv></Glyph>
<Glyph id="r16300">
<Coords points="1636,2091 1636,2119 1657,2119 1657,2091"/>
<TextEquiv>
<Unicode>ὐ</Unicode></TextEquiv></Glyph>
<Glyph id="r16301">
<Coords points="1658,2103 1658,2120 1673,2120 1673,2103"/>
<TextEquiv>
<Unicode>τ</Unicode></TextEquiv></Glyph>
<TextEquiv>
<Unicode>αὐτήν,</Unicode></TextEquiv></Word>
<Word id="r1226">
<Coords points="1776,2092 1792,2104 1801,2105 1806,2107 1804,2110 1801,2116 1800,2119 1794,2122 1788,2126 1786,2130 1784,2131 1757,2116 1751,2106 1758,2104"/>
<Glyph id="r11154">
<Coords points="1751,2103 1751,2122 1765,2122 1765,2103"/>
<TextEquiv>
<Unicode>τ</Unicode></TextEquiv></Glyph>
<Glyph id="r11155">
<Coords points="1769,2093 1769,2133 1789,2133 1789,2093"/>
<TextEquiv>
<Unicode>ὴ</Unicode></TextEquiv></Glyph>
<Glyph id="r11156">
<Coords points="1791,2105 1791,2123 1808,2123 1808,2105"/>
<TextEquiv>
<Unicode>ν</Unicode></TextEquiv></Glyph>
<TextEquiv>
<Unicode>τὴν</Unicode></TextEquiv></Word>
<Word id="r1227">
<Coords points="1839,2092 1900,2092 1912,2103 1914,2104 1941,2104 1941,2107 1940,2110 1937,2116 1936,2120 1881,2121 1853,2121 1836,2119 1834,2116 1833,2112 1834,2109 1835,2100 1838,2093"/>
<Glyph id="r11157">
<Coords points="1833,2092 1833,2120 1848,2120 1848,2092"/>
<TextEquiv>
<Unicode>ὁ</Unicode></TextEquiv></Glyph>
<Glyph id="r11158">
<Coords points="1853,2103 1853,2120 1871,2120 1871,2103"/>
<TextEquiv>
<Unicode>π</Unicode></TextEquiv></Glyph>
<Glyph id="r11159">
<Coords points="1875,2103 1875,2120 1890,2120 1890,2103"/>
<TextEquiv>
<Unicode>ο</Unicode></TextEquiv></Glyph>
<Glyph id="r11160">
<Coords points="1896,2092 1896,2121 1903,2121 1903,2092"/>
<TextEquiv>
<Unicode>ί</Unicode></TextEquiv></Glyph>
<Glyph id="r11161">
<Coords points="1907,2104 1907,2120 1923,2120 1923,2104"/>
<TextEquiv>
<Unicode>α</Unicode></TextEquiv></Glyph>
<Glyph id="r11162">
<Coords points="1927,2104 1927,2120 1944,2120 1944,2104"/>
<TextEquiv>
<Unicode>ν</Unicode></TextEquiv></Glyph>
<TextEquiv>
<Unicode>ὁποίαν</Unicode></TextEquiv></Word>
<Word id="r1228">
<Coords points="1977,2092 1996,2093 2037,2103 2048,2104 2050,2111 2051,2118 2049,2119 2048,2121 2046,2122 2009,2122 1994,2130 1977,2122 1973,2121 1970,2118 1961,2091"/>
<Glyph id="r11163">
<Coords points="1970,2092 1970,2121 1984,2121 1984,2092"/>
<TextEquiv>
<Unicode>ἔ</Unicode></TextEquiv></Glyph>
<Glyph id="r11164">
<Coords points="1986,2103 1986,2132 2004,2132 2004,2103"/>
<TextEquiv>
<Unicode>χ</Unicode></TextEquiv></Glyph>
<Glyph id="r11165">
<Coords points="2007,2104 2007,2121 2018,2121 2018,2104"/>
<TextEquiv>
<Unicode>ε</Unicode></TextEquiv></Glyph>
<Glyph id="r11166">
<Coords points="2022,2104 2022,2121 2038,2121 2038,2104"/>
<TextEquiv>
<Unicode>τ</Unicode></TextEquiv></Glyph>
<Glyph id="r11167">
<Coords points="2040,2104 2040,2122 2051,2122 2051,2104"/>
<TextEquiv>
<Unicode>ε</Unicode></TextEquiv></Glyph>
<TextEquiv>
<Unicode>ἔχετε</Unicode></TextEquiv></Word>
<Word id="r1229">
<Coords points="2110,2093 2121,2103 2220,2103 2232,2108 2233,2111 2231,2117 2228,2123 2226,2124 2183,2121 2174,2130 2110,2126 2104,2122 2083,2121 2081,2118 2082,2107 2085,2105 2095,2104 2099,2104"/>
<Glyph id="r11170">
<Coords points="2122,2104 2122,2132 2142,2132 2142,2104"/>
<TextEquiv>
<Unicode>μ</Unicode></TextEquiv></Glyph>
<Glyph id="r11171">
<Coords points="2144,2103 2144,2123 2156,2123 2156,2103"/>
<TextEquiv>
<Unicode>ε</Unicode></TextEquiv></Glyph>
<Glyph id="r11172">
<Coords points="2163,2103 2163,2129 2178,2129 2178,2103"/>
<TextEquiv>
<Unicode>ρ</Unicode></TextEquiv></Glyph>
<Glyph id="r11175">
<Coords points="2222,2118 2222,2122 2226,2122 2226,2118"/>
<TextEquiv>
<Unicode>.</Unicode></TextEquiv></Glyph>
<Glyph id="r14211">
<Coords points="2100,2094 2100,2133 2118,2133 2118,2094"/>
<TextEquiv>
<Unicode>ή</Unicode></TextEquiv></Glyph>
<Glyph id="r14212">
<Coords points="2081,2104 2081,2121 2098,2121 2098,2104"/>
<TextEquiv>
<Unicode>σ</Unicode></TextEquiv></Glyph>
<Glyph id="r14213">
<Coords points="2183,2104 2183,2121 2198,2121 2198,2104"/>
<TextEquiv>
<Unicode>ο</Unicode></TextEquiv></Glyph>
<Glyph id="r14214">
<Coords points="2201,2104 2201,2122 2216,2122 2216,2104"/>
<TextEquiv>
<Unicode>ν</Unicode></TextEquiv></Glyph>
<TextEquiv>
<Unicode>σήμερον.</Unicode></TextEquiv></Word>
<TextEquiv>
<Unicode>4ετίαν ἔχετε τὴν θέσιν αὐτήν, τὴν ὁποίαν ἔχετε σήμερον.</Unicode></TextEquiv></TextLine>
<TextLine id="r201">
<Coords points="1191,2136 1488,2136 1491,2139 1491,2140 1492,2141 1492,2142 1493,2143 1493,2145 1494,2146 1494,2148 1509,2163 1510,2163 1510,2166 1509,2167 1491,2167 1488,2170 1488,2171 1405,2171 1401,2175 1270,2175 1269,2174 1265,2174 1262,2171 1190,2171 1189,2170 1189,2169 1187,2167 1187,2166 1186,2165 1186,2164 1185,2163 1185,2161 1184,2160 1184,2148 1185,2147 1185,2145 1186,2144 1186,2142 1189,2139 1189,2138"/>
<Word id="r1231">
<Coords points="1388,2136 1399,2147 1498,2134 1523,2172 1412,2171 1401,2174 1268,2173 1260,2169 1175,2175 1186,2134 1387,2137"/>
<Glyph id="r11176">
<Coords points="1184,2136 1184,2171 1191,2171 1191,2136"/>
<TextEquiv>
<Unicode>(</Unicode></TextEquiv></Glyph>
<Glyph id="r11177">
<Coords points="1199,2137 1199,2166 1226,2166 1226,2137"/>
<TextEquiv>
<Unicode>Χ</Unicode></TextEquiv></Glyph>
<Glyph id="r11178">
<Coords points="1230,2148 1230,2166 1242,2166 1242,2148"/>
<TextEquiv>
<Unicode>ε</Unicode></TextEquiv></Glyph>
<Glyph id="r11179">
<Coords points="1248,2148 1248,2166 1254,2166 1254,2148"/>
<TextEquiv>
<Unicode>ι</Unicode></TextEquiv></Glyph>
<Glyph id="r11180">
<Coords points="1260,2148 1260,2173 1276,2173 1276,2148"/>
<TextEquiv>
<Unicode>ρ</Unicode></TextEquiv></Glyph>
<Glyph id="r11181">
<Coords points="1280,2148 1280,2167 1294,2167 1294,2148"/>
<TextEquiv>
<Unicode>ο</Unicode></TextEquiv></Glyph>
<Glyph id="r11182">
<Coords points="1297,2148 1297,2165 1315,2165 1315,2148"/>
<TextEquiv>
<Unicode>κ</Unicode></TextEquiv></Glyph>
<Glyph id="r11183">
<Coords points="1321,2148 1321,2173 1336,2173 1336,2148"/>
<TextEquiv>
<Unicode>ρ</Unicode></TextEquiv></Glyph>
<Glyph id="r11184">
<Coords points="1341,2148 1341,2166 1355,2166 1355,2148"/>
<TextEquiv>
<Unicode>ο</Unicode></TextEquiv></Glyph>
<Glyph id="r11185">
<Coords points="1360,2149 1360,2166 1371,2166 1371,2149"/>
<TextEquiv>
<Unicode>τ</Unicode></TextEquiv></Glyph>
<Glyph id="r11186">
<Coords points="1376,2137 1376,2173 1394,2173 1394,2137"/>
<TextEquiv>
<Unicode>ή</Unicode></TextEquiv></Glyph>
<Glyph id="r11187">
<Coords points="1399,2148 1399,2173 1417,2173 1417,2148"/>
<TextEquiv>
<Unicode>μ</Unicode></TextEquiv></Glyph>
<Glyph id="r11188">
<Coords points="1422,2148 1422,2166 1439,2166 1439,2148"/>
<TextEquiv>
<Unicode>α</Unicode></TextEquiv></Glyph>
<Glyph id="r11189">
<Coords points="1442,2147 1442,2166 1457,2166 1457,2147"/>
<TextEquiv>
<Unicode>τ</Unicode></TextEquiv></Glyph>
<Glyph id="r11190">
<Coords points="1462,2148 1462,2165 1479,2165 1479,2148"/>
<TextEquiv>
<Unicode>α</Unicode></TextEquiv></Glyph>
<Glyph id="r11191">
<Coords points="1486,2136 1486,2171 1495,2171 1495,2136"/>
<TextEquiv>
<Unicode>)</Unicode></TextEquiv></Glyph>
<Glyph id="r11192">
<Coords points="1506,2162 1506,2167 1510,2167 1510,2162"/>
<TextEquiv>
<Unicode>.</Unicode></TextEquiv></Glyph>
<TextEquiv>
<Unicode>(Χειροκροτήματα).</Unicode></TextEquiv></Word>
<TextEquiv>
<Unicode>(Χειροκροτήματα).</Unicode></TextEquiv></TextLine></TextRegion>
<TextRegion id="r24" type="paragraph">
<Coords points="1264,2191 1160,2242 1164,2294 2257,2277 2251,2183 2078,2183 2060,2184"/>
<TextLine id="r202">
<Coords points="1265,2197 1743,2197 1744,2198 2218,2198 2218,2199 2219,2200 2219,2201 2220,2202 2220,2210 2221,2211 2225,2211 2225,2223 2226,2224 2227,2224 2227,2226 2226,2226 2225,2227 2203,2227 2202,2228 2128,2228 2127,2229 2049,2229 2045,2233 2044,2233 2043,2234 2040,2234 2039,2235 2006,2235 2004,2237 1914,2237 1913,2236 1827,2236 1820,2229 1703,2238 1697,2228 1650,2228 1649,2227 1264,2227 1264,2226 1265,2225"/>
<Word id="r1233">
<Coords points="1281,2198 1334,2199 1335,2202 1333,2231 1264,2225 1265,2196"/>
<Glyph id="r11193">
<Coords points="1265,2197 1265,2226 1289,2226 1289,2197"/>
<TextEquiv>
<Unicode>Ε</Unicode></TextEquiv></Glyph>
<Glyph id="r11194">
<Coords points="1292,2199 1292,2227 1306,2227 1306,2199"/>
<TextEquiv>
<Unicode>Ι</Unicode></TextEquiv></Glyph>
<Glyph id="r11195">
<Coords points="1311,2199 1311,2227 1334,2227 1334,2199"/>
<TextEquiv>
<Unicode>Σ</Unicode></TextEquiv></Glyph>
<TextEquiv>
<Unicode>ΕΙΣ</Unicode></TextEquiv></Word>
<Word id="r1234">
<Coords points="1376,2197 1631,2197 1631,2198 1634,2198 1634,2199 1637,2199 1637,2200 1640,2200 1640,2201 1642,2201 1642,2206 1643,2206 1660,2228 1455,2226 1455,2225 1369,2225 1370,2225 1370,2221 1371,2221 1371,2217 1372,2217 1372,2213 1373,2213 1373,2209 1374,2209 1374,2205 1375,2205 1375,2201 1376,2201"/>
<Glyph id="r11196">
<Coords points="1373,2197 1373,2224 1395,2224 1395,2197"/>
<TextEquiv>
<Unicode>Β</Unicode></TextEquiv></Glyph>
<Glyph id="r11197">
<Coords points="1404,2197 1404,2224 1430,2224 1430,2197"/>
<TextEquiv>
<Unicode>Ο</Unicode></TextEquiv></Glyph>
<Glyph id="r11198">
<Coords points="1436,2197 1436,2226 1462,2226 1462,2197"/>
<TextEquiv>
<Unicode>Υ</Unicode></TextEquiv></Glyph>
<Glyph id="r11199">
<Coords points="1466,2197 1466,2226 1493,2226 1493,2197"/>
<TextEquiv>
<Unicode>Λ</Unicode></TextEquiv></Glyph>
<Glyph id="r11200">
<Coords points="1496,2197 1496,2226 1522,2226 1522,2197"/>
<TextEquiv>
<Unicode>Ε</Unicode></TextEquiv></Glyph>
<Glyph id="r11201">
<Coords points="1524,2197 1524,2226 1550,2226 1550,2197"/>
<TextEquiv>
<Unicode>Υ</Unicode></TextEquiv></Glyph>
<Glyph id="r11202">
<Coords points="1552,2198 1552,2227 1579,2227 1579,2198"/>
<TextEquiv>
<Unicode>Τ</Unicode></TextEquiv></Glyph>
<Glyph id="r11203">
<Coords points="1581,2197 1581,2227 1614,2227 1614,2197"/>
<TextEquiv>
<Unicode>Η</Unicode></TextEquiv></Glyph>
<Glyph id="r11204">
<Coords points="1619,2197 1619,2227 1643,2227 1643,2197"/>
<TextEquiv>
<Unicode>Σ</Unicode></TextEquiv></Glyph>
<Glyph id="r11205">
<Coords points="1649,2224 1649,2227 1653,2227 1653,2224"/>
<TextEquiv>
<Unicode>.</Unicode></TextEquiv></Glyph>
<TextEquiv>
<Unicode>ΒΟΥΛΕΥΤΗΣ.</Unicode></TextEquiv></Word>
<Word id="r1237">
<Coords points="1742,2197 1742,2198 1744,2198 1744,2199 1745,2199 1745,2200 1746,2200 1746,2201 1747,2201 1747,2202 1748,2202 1748,2203 1749,2203 1749,2204 1751,2204 1751,2205 1752,2205 1752,2206 1753,2206 1753,2207 1754,2207 1754,2208 1755,2208 1755,2209 1756,2209 1756,2210 1757,2210 1757,2212 1758,2212 1768,2211 1759,2214 1759,2216 1760,2216 1760,2222 1761,2222 1761,2227 1755,2227 1755,2228 1749,2228 1749,2229 1743,2229 1743,2230 1738,2230 1738,2231 1732,2231 1732,2232 1726,2232 1726,2233 1721,2233 1721,2234 1721,2233 1701,2233 1701,2231 1700,2231 1700,2230 1699,2230 1699,2228 1698,2228 1698,2226 1697,2226 1697,2225 1696,2225 1696,2222 1695,2222 1695,2214 1694,2214 1695,2214 1695,2207 1696,2207 1696,2205 1697,2205 1697,2203 1698,2203 1698,2201 1699,2201 1699,2200 1700,2200 1700,2199 1701,2199 1701,2198 1742,2198"/>
<Glyph id="r11207">
<Coords points="1711,2198 1711,2227 1744,2227 1744,2198"/>
<TextEquiv>
<Unicode>Ἐ</Unicode></TextEquiv></Glyph>
<Glyph id="r16303">
<Coords points="1746,2210 1746,2227 1760,2227 1760,2210"/>
<TextEquiv>
<Unicode>κ</Unicode></TextEquiv></Glyph>
<Glyph id="r16304">
<Coords points="1692,2198 1692,2234 1703,2234 1703,2198"/>
<TextEquiv>
<Unicode>(</Unicode></TextEquiv></Glyph>
<TextEquiv>
<Unicode>(Ἐκ</Unicode></TextEquiv></Word>
<Word id="r1239">
<Coords points="1823,2199 1843,2210 1846,2211 1845,2232 1841,2233 1829,2234 1823,2231 1801,2227 1800,2222 1794,2212 1795,2211 1801,2210 1816,2200"/>
<Glyph id="r11209">
<Coords points="1794,2209 1794,2227 1809,2227 1809,2209"/>
<TextEquiv>
<Unicode>τ</Unicode></TextEquiv></Glyph>
<Glyph id="r11210">
<Coords points="1811,2200 1811,2233 1830,2233 1830,2200"/>
<TextEquiv>
<Unicode>ῆ</Unicode></TextEquiv></Glyph>
<Glyph id="r11211">
<Coords points="1834,2210 1834,2236 1847,2236 1847,2210"/>
<TextEquiv>
<Unicode>ς</Unicode></TextEquiv></Glyph>
<TextEquiv>
<Unicode>τῆς</Unicode></TextEquiv></Word>
<Word id="r1240">
<Coords points="1890,2198 2022,2198 2028,2199 2067,2197 2084,2209 2087,2211 2086,2230 2084,2231 2039,2233 2005,2235 1912,2235 1904,2231 1884,2227 1883,2226 1881,2220 1882,2214 1888,2203 1889,2199"/>
<Glyph id="r11212">
<Coords points="1881,2198 1881,2228 1899,2228 1899,2198"/>
<TextEquiv>
<Unicode>ἀ</Unicode></TextEquiv></Glyph>
<Glyph id="r11213">
<Coords points="1904,2209 1904,2234 1919,2234 1919,2209"/>
<TextEquiv>
<Unicode>ρ</Unicode></TextEquiv></Glyph>
<Glyph id="r11214">
<Coords points="1925,2210 1925,2227 1932,2227 1932,2210"/>
<TextEquiv>
<Unicode>ι</Unicode></TextEquiv></Glyph>
<Glyph id="r11215">
<Coords points="1937,2210 1937,2228 1953,2228 1953,2210"/>
<TextEquiv>
<Unicode>σ</Unicode></TextEquiv></Glyph>
<Glyph id="r11216">
<Coords points="1956,2210 1956,2229 1970,2229 1970,2210"/>
<TextEquiv>
<Unicode>τ</Unicode></TextEquiv></Glyph>
<Glyph id="r11217">
<Coords points="1974,2210 1974,2228 1987,2228 1987,2210"/>
<TextEquiv>
<Unicode>ε</Unicode></TextEquiv></Glyph>
<Glyph id="r11218">
<Coords points="1993,2210 1993,2237 2009,2237 2009,2210"/>
<TextEquiv>
<Unicode>ρ</Unicode></TextEquiv></Glyph>
<Glyph id="r11219">
<Coords points="2013,2198 2013,2226 2032,2226 2032,2198"/>
<TextEquiv>
<Unicode>ᾶ</Unicode></TextEquiv></Glyph>
<Glyph id="r11220">
<Coords points="2034,2210 2034,2236 2047,2236 2047,2210"/>
<TextEquiv>
<Unicode>ς</Unicode></TextEquiv></Glyph>
<Glyph id="r11221">
<Coords points="2055,2198 2055,2232 2063,2232 2063,2198"/>
<TextEquiv>
<Unicode>)</Unicode></TextEquiv></Glyph>
<Glyph id="r11222">
<Coords points="2076,2225 2076,2228 2080,2228 2080,2225"/>
<TextEquiv>
<Unicode>.</Unicode></TextEquiv></Glyph>
<TextEquiv>
<Unicode>ἀριστερᾶς).</Unicode></TextEquiv></Word>
<Word id="r1242">
<Coords points="2126,2198 2129,2199 2154,2199 2155,2203 2161,2216 2163,2224 2163,2226 2162,2227 2121,2227 2119,2226 2118,2225 2116,2222 2115,2220 2114,2217 2113,2213 2114,2209 2115,2206 2116,2204 2118,2201 2120,2200"/>
<Glyph id="r11223">
<Coords points="2113,2199 2113,2226 2139,2226 2139,2199"/>
<TextEquiv>
<Unicode>Θ</Unicode></TextEquiv></Glyph>
<Glyph id="r11224">
<Coords points="2145,2199 2145,2226 2162,2226 2162,2199"/>
<TextEquiv>
<Unicode>ὰ</Unicode></TextEquiv></Glyph>
<TextEquiv>
<Unicode>Θὰ</Unicode></TextEquiv></Word>
<Word id="r1243">
<Coords points="2217,2198 2218,2200 2219,2206 2222,2211 2224,2224 2225,2225 2202,2226 2198,2223 2193,2213 2194,2212 2200,2211"/>
<Glyph id="r11225">
<Coords points="2193,2211 2193,2229 2205,2229 2205,2211"/>
<TextEquiv>
<Unicode>τ</Unicode></TextEquiv></Glyph>
<Glyph id="r11226">
<Coords points="2210,2199 2210,2228 2228,2228 2228,2199"/>
<TextEquiv>
<Unicode>ὰ</Unicode></TextEquiv></Glyph>
<TextEquiv>
<Unicode>τὰ</Unicode></TextEquiv></Word>
<TextEquiv>
<Unicode>ΕΙΣ ΒΟΥΛΕΥΤΗΣ. (Ἐκ τῆς ἀριστερᾶς). Θὰ τὰ</Unicode></TextEquiv></TextLine>
<TextLine id="r203">
<Coords points="1702,2272 1701,2272 1700,2273 1692,2273 1691,2274 1691,2276 1690,2277 1689,2277 1688,2278 1687,2278 1686,2279 1645,2279 1643,2281 1256,2281 1248,2273 1180,2273 1178,2271 1178,2257 1179,2256 1180,2256 1192,2244 1193,2244 1194,2243 1200,2243 1201,2242 1695,2242"/>
<Word id="r1244">
<Coords points="1201,2242 1215,2255 1306,2256 1303,2265 1302,2267 1300,2268 1300,2272 1264,2272 1255,2280 1247,2272 1178,2271 1178,2256 1180,2256 1192,2244 1197,2243"/>
<Glyph id="r11227">
<Coords points="1178,2255 1178,2271 1189,2271 1189,2255"/>
<TextEquiv>
<Unicode>ε</Unicode></TextEquiv></Glyph>
<Glyph id="r11228">
<Coords points="1192,2243 1192,2271 1203,2271 1203,2243"/>
<TextEquiv>
<Unicode>ἴ</Unicode></TextEquiv></Glyph>
<Glyph id="r11229">
<Coords points="1206,2256 1206,2271 1224,2271 1224,2256"/>
<TextEquiv>
<Unicode>π</Unicode></TextEquiv></Glyph>
<Glyph id="r11230">
<Coords points="1228,2256 1228,2271 1251,2271 1251,2256"/>
<TextEquiv>
<Unicode>ω</Unicode></TextEquiv></Glyph>
<Glyph id="r11231">
<Coords points="1254,2256 1254,2282 1274,2282 1274,2256"/>
<TextEquiv>
<Unicode>μ</Unicode></TextEquiv></Glyph>
<Glyph id="r11232">
<Coords points="1277,2256 1277,2274 1287,2274 1287,2256"/>
<TextEquiv>
<Unicode>ε</Unicode></TextEquiv></Glyph>
<Glyph id="r11233">
<Coords points="1291,2255 1291,2271 1309,2271 1309,2255"/>
<TextEquiv>
<Unicode>ν</Unicode></TextEquiv></Glyph>
<TextEquiv>
<Unicode>εἴπωμεν</Unicode></TextEquiv></Word>
<Word id="r1245">
<Coords points="1346,2243 1349,2244 1365,2254 1370,2255 1369,2272 1368,2276 1364,2278 1358,2276 1334,2272 1330,2271 1329,2269 1329,2266 1330,2256 1332,2255 1344,2244"/>
<Glyph id="r11234">
<Coords points="1329,2255 1329,2272 1342,2272 1342,2255"/>
<TextEquiv>
<Unicode>ε</Unicode></TextEquiv></Glyph>
<Glyph id="r11235">
<Coords points="1358,2254 1358,2281 1371,2281 1371,2254"/>
<TextEquiv>
<Unicode>ς</Unicode></TextEquiv></Glyph>
<Glyph id="r11236">
<Coords points="1343,2244 1343,2272 1356,2272 1356,2244"/>
<TextEquiv>
<Unicode>ἰ</Unicode></TextEquiv></Glyph>
<TextEquiv>
<Unicode>εἰς</Unicode></TextEquiv></Word>
<Word id="r1246">
<Coords points="1420,2243 1439,2254 1446,2255 1445,2273 1444,2276 1441,2277 1434,2275 1400,2271 1394,2256 1406,2254 1408,2254"/>
<Glyph id="r11237">
<Coords points="1394,2254 1394,2271 1409,2271 1409,2254"/>
<TextEquiv>
<Unicode>τ</Unicode></TextEquiv></Glyph>
<Glyph id="r11238">
<Coords points="1412,2244 1412,2272 1431,2272 1431,2244"/>
<TextEquiv>
<Unicode>ὰ</Unicode></TextEquiv></Glyph>
<Glyph id="r11239">
<Coords points="1434,2255 1434,2280 1448,2280 1448,2255"/>
<TextEquiv>
<Unicode>ς</Unicode></TextEquiv></Glyph>
<TextEquiv>
<Unicode>τὰς</Unicode></TextEquiv></Word>
<Word id="r1247">
<Coords points="1496,2243 1513,2253 1521,2254 1540,2254 1539,2274 1538,2276 1534,2278 1527,2275 1472,2269 1469,2259 1469,2256 1477,2255"/>
<Glyph id="r11240">
<Coords points="1469,2255 1469,2269 1486,2269 1486,2255"/>
<TextEquiv>
<Unicode>ν</Unicode></TextEquiv></Glyph>
<Glyph id="r11241">
<Coords points="1488,2244 1488,2271 1500,2271 1500,2244"/>
<TextEquiv>
<Unicode>έ</Unicode></TextEquiv></Glyph>
<Glyph id="r11242">
<Coords points="1505,2253 1505,2271 1523,2271 1523,2253"/>
<TextEquiv>
<Unicode>α</Unicode></TextEquiv></Glyph>
<Glyph id="r11243">
<Coords points="1527,2255 1527,2281 1542,2281 1542,2255"/>
<TextEquiv>
<Unicode>ς</Unicode></TextEquiv></Glyph>
<TextEquiv>
<Unicode>νέας</Unicode></TextEquiv></Word>
<Word id="r1248">
<Coords points="1564,2243 1672,2243 1688,2254 1704,2254 1703,2272 1700,2275 1698,2276 1685,2282 1644,2279 1636,2273 1566,2272 1562,2271 1562,2255"/>
<Glyph id="r11244">
<Coords points="1562,2243 1562,2272 1573,2272 1573,2243"/>
<TextEquiv>
<Unicode>ἐ</Unicode></TextEquiv></Glyph>
<Glyph id="r11245">
<Coords points="1576,2254 1576,2272 1594,2272 1594,2254"/>
<TextEquiv>
<Unicode>κ</Unicode></TextEquiv></Glyph>
<Glyph id="r11246">
<Coords points="1596,2243 1596,2272 1612,2272 1612,2243"/>
<TextEquiv>
<Unicode>λ</Unicode></TextEquiv></Glyph>
<Glyph id="r11247">
<Coords points="1615,2254 1615,2272 1630,2272 1630,2254"/>
<TextEquiv>
<Unicode>ο</Unicode></TextEquiv></Glyph>
<Glyph id="r11248">
<Coords points="1634,2254 1634,2282 1652,2282 1652,2254"/>
<TextEquiv>
<Unicode>γ</Unicode></TextEquiv></Glyph>
<Glyph id="r11249">
<Coords points="1657,2243 1657,2272 1676,2272 1676,2243"/>
<TextEquiv>
<Unicode>ά</Unicode></TextEquiv></Glyph>
<Glyph id="r11250">
<Coords points="1679,2254 1679,2279 1693,2279 1693,2254"/>
<TextEquiv>
<Unicode>ς</Unicode></TextEquiv></Glyph>
<Glyph id="r11251">
<Coords points="1698,2269 1698,2273 1702,2273 1702,2269"/>
<TextEquiv>
<Unicode>.</Unicode></TextEquiv></Glyph>
<TextEquiv>
<Unicode>ἐκλογάς.</Unicode></TextEquiv></Word>
<TextEquiv>
<Unicode>εἴπωμεν εἰς τὰς νέας ἐκλογάς.</Unicode></TextEquiv></TextLine></TextRegion>
<TextRegion id="r25" type="paragraph">
<Coords points="1264,2300 1171,2346 1166,2536 2247,2529 2244,2290 2073,2295 2070,2295 1283,2300"/>
<TextLine id="r204">
<Coords points="1369,2303 1470,2303 1471,2304 1891,2304 1892,2305 2103,2305 2114,2316 2187,2316 2188,2317 2224,2317 2224,2332 2225,2333 2225,2336 2223,2338 2223,2340 2222,2341 2162,2341 2160,2343 2109,2343 2105,2339 1652,2339 1646,2333 1265,2333 1265,2304 1368,2304"/>
<Word id="r1249">
<Coords points="1265,2304 1283,2304 1287,2305 1302,2323 1303,2332 1265,2332"/>
<Glyph id="r11252">
<Coords points="1266,2304 1266,2331 1289,2331 1289,2304"/>
<TextEquiv>
<Unicode>Σ</Unicode></TextEquiv></Glyph>
<Glyph id="r16305">
<Coords points="1296,2330 1296,2333 1299,2333 1299,2330"/>
<TextEquiv>
<Unicode>.</Unicode></TextEquiv></Glyph>
<TextEquiv>
<Unicode>Σ.</Unicode></TextEquiv></Word>
<Word id="r1250">
<Coords points="1369,2303 1450,2303 1450,2304 1612,2304 1612,2305 1618,2305 1618,2323 1619,2323 1619,2332 1619,2331 1401,2331 1401,2332 1321,2332 1321,2304 1369,2304"/>
<Glyph id="r11254">
<Coords points="1321,2304 1321,2331 1352,2331 1352,2304"/>
<TextEquiv>
<Unicode>Μ</Unicode></TextEquiv></Glyph>
<Glyph id="r11255">
<Coords points="1359,2303 1359,2331 1380,2331 1380,2303"/>
<TextEquiv>
<Unicode>Α</Unicode></TextEquiv></Glyph>
<Glyph id="r11256">
<Coords points="1388,2304 1388,2333 1414,2333 1414,2304"/>
<TextEquiv>
<Unicode>Ρ</Unicode></TextEquiv></Glyph>
<Glyph id="r11257">
<Coords points="1420,2304 1420,2334 1446,2334 1446,2304"/>
<TextEquiv>
<Unicode>Κ</Unicode></TextEquiv></Glyph>
<Glyph id="r11258">
<Coords points="1450,2304 1450,2330 1475,2330 1475,2304"/>
<TextEquiv>
<Unicode>Ε</Unicode></TextEquiv></Glyph>
<Glyph id="r11259">
<Coords points="1479,2304 1479,2330 1500,2330 1500,2304"/>
<TextEquiv>
<Unicode>Ζ</Unicode></TextEquiv></Glyph>
<Glyph id="r11260">
<Coords points="1506,2304 1506,2334 1522,2334 1522,2304"/>
<TextEquiv>
<Unicode>Ι</Unicode></TextEquiv></Glyph>
<Glyph id="r11261">
<Coords points="1527,2304 1527,2330 1553,2330 1553,2304"/>
<TextEquiv>
<Unicode>Ν</Unicode></TextEquiv></Glyph>
<Glyph id="r11262">
<Coords points="1559,2304 1559,2330 1591,2330 1591,2304"/>
<TextEquiv>
<Unicode>Η</Unicode></TextEquiv></Glyph>
<Glyph id="r11263">
<Coords points="1595,2304 1595,2330 1618,2330 1618,2304"/>
<TextEquiv>
<Unicode>Σ</Unicode></TextEquiv></Glyph>
<TextEquiv>
<Unicode>ΜΑΡΚΕΖΙΝΗΣ</Unicode></TextEquiv></Word>
<Word id="r1252">
<Coords points="1652,2304 1696,2304 1696,2305 1698,2305 1698,2306 1700,2306 1700,2307 1701,2307 1701,2308 1703,2308 1703,2309 1705,2309 1705,2310 1706,2310 1706,2311 1708,2311 1708,2312 1710,2312 1710,2313 1711,2313 1711,2314 1713,2314 1713,2315 1714,2315 1725,2311 1737,2323 1738,2324 1739,2324 1739,2325 1740,2325 1740,2326 1741,2326 1740,2326 1740,2331 1739,2331 1739,2336 1651,2333 1651,2337 1651,2335 1650,2335 1650,2334 1649,2334 1649,2332 1648,2332 1648,2331 1647,2331 1647,2326 1646,2326 1646,2321 1645,2321 1646,2321 1646,2316 1647,2316 1647,2313 1648,2313 1648,2310 1649,2310 1649,2308 1650,2308 1650,2306 1651,2306 1651,2305 1652,2305"/>
<Glyph id="r11266">
<Coords points="1703,2315 1703,2333 1722,2333 1722,2315"/>
<TextEquiv>
<Unicode>π</Unicode></TextEquiv></Glyph>
<Glyph id="r11267">
<Coords points="1726,2331 1726,2334 1730,2334 1730,2331"/>
<TextEquiv>
<Unicode>.</Unicode></TextEquiv></Glyph>
<Glyph id="r18391">
<Coords points="1646,2304 1646,2333 1655,2341 1653,2304"/>
<TextEquiv>
<Unicode>(</Unicode></TextEquiv></Glyph>
<Glyph id="r18392">
<Coords points="1663,2304 1663,2333 1700,2333 1700,2304"/>
<TextEquiv>
<Unicode>Ὑ</Unicode></TextEquiv></Glyph>
<TextEquiv>
<Unicode>(Ὑπ.</Unicode></TextEquiv></Word>
<Word id="r1254">
<Coords points="1758,2304 1781,2304 1785,2315 1845,2315 1896,2302 1920,2338 1880,2338 1750,2333 1750,2331 1751,2305"/>
<Glyph id="r11268">
<Coords points="1750,2304 1750,2333 1776,2333 1776,2304"/>
<TextEquiv>
<Unicode>Σ</Unicode></TextEquiv></Glyph>
<Glyph id="r11269">
<Coords points="1780,2315 1780,2334 1796,2334 1796,2315"/>
<TextEquiv>
<Unicode>υ</Unicode></TextEquiv></Glyph>
<Glyph id="r11270">
<Coords points="1801,2316 1801,2333 1817,2333 1817,2316"/>
<TextEquiv>
<Unicode>ν</Unicode></TextEquiv></Glyph>
<Glyph id="r11271">
<Coords points="1819,2315 1819,2334 1833,2334 1833,2315"/>
<TextEquiv>
<Unicode>τ</Unicode></TextEquiv></Glyph>
<Glyph id="r11272">
<Coords points="1837,2315 1837,2334 1852,2334 1852,2315"/>
<TextEquiv>
<Unicode>ο</Unicode></TextEquiv></Glyph>
<Glyph id="r11273">
<Coords points="1855,2316 1855,2334 1872,2334 1872,2316"/>
<TextEquiv>
<Unicode>ν</Unicode></TextEquiv></Glyph>
<Glyph id="r11274">
<Coords points="1890,2304 1890,2337 1898,2337 1898,2304"/>
<TextEquiv>
<Unicode>)</Unicode></TextEquiv></Glyph>
<Glyph id="r18393">
<Coords points="1876,2329 1876,2335 1881,2335 1881,2329"/>
<TextEquiv>
<Unicode>.</Unicode></TextEquiv></Glyph>
<Glyph id="r18394">
<Coords points="1908,2330 1908,2337 1915,2337 1915,2330"/>
<TextEquiv>
<Unicode>.</Unicode></TextEquiv></Glyph>
<TextEquiv>
<Unicode>Συντον.).</Unicode></TextEquiv></Word>
<Word id="r1256">
<Coords points="1936,2305 1965,2306 1980,2312 1981,2328 1986,2330 1984,2334 1936,2343 1935,2311"/>
<Glyph id="r11276">
<Coords points="1935,2306 1935,2334 1960,2334 1960,2306"/>
<TextEquiv>
<Unicode>Τ</Unicode></TextEquiv></Glyph>
<Glyph id="r11277">
<Coords points="1963,2306 1963,2334 1973,2334 1973,2306"/>
<TextEquiv>
<Unicode>ί</Unicode></TextEquiv></Glyph>
<TextEquiv>
<Unicode>Τί</Unicode></TextEquiv></Word>
<Word id="r1257">
<Coords points="2035,2305 2037,2306 2038,2309 2039,2311 2040,2315 2042,2319 2044,2330 2046,2331 2045,2333 2037,2334 2033,2334 2016,2332 2014,2326 2009,2320 2017,2317"/>
<Glyph id="r11278">
<Coords points="2011,2317 2011,2332 2024,2332 2024,2317"/>
<TextEquiv>
<Unicode>ν</Unicode></TextEquiv></Glyph>
<Glyph id="r11279">
<Coords points="2028,2306 2028,2333 2045,2333 2045,2306"/>
<TextEquiv>
<Unicode>ὰ</Unicode></TextEquiv></Glyph>
<TextEquiv>
<Unicode>νὰ</Unicode></TextEquiv></Word>
<Word id="r1258">
<Coords points="2101,2305 2113,2316 2186,2316 2228,2314 2233,2323 2231,2328 2229,2332 2227,2333 2226,2337 2226,2339 2163,2337 2158,2341 2105,2338 2068,2334 2067,2323 2066,2318 2067,2317 2088,2317"/>
<Glyph id="r11280">
<Coords points="2066,2317 2066,2334 2083,2334 2083,2317"/>
<TextEquiv>
<Unicode>κ</Unicode></TextEquiv></Glyph>
<Glyph id="r11281">
<Coords points="2087,2306 2087,2335 2106,2335 2106,2306"/>
<TextEquiv>
<Unicode>ά</Unicode></TextEquiv></Glyph>
<Glyph id="r11282">
<Coords points="2109,2316 2109,2347 2128,2338 2128,2316"/>
<TextEquiv>
<Unicode>μ</Unicode></TextEquiv></Glyph>
<Glyph id="r11283">
<Coords points="2130,2316 2130,2335 2153,2335 2153,2316"/>
<TextEquiv>
<Unicode>ω</Unicode></TextEquiv></Glyph>
<Glyph id="r11284">
<Coords points="2157,2316 2158,2346 2175,2340 2175,2316"/>
<TextEquiv>
<Unicode>μ</Unicode></TextEquiv></Glyph>
<Glyph id="r11285">
<Coords points="2180,2316 2180,2334 2191,2334 2191,2316"/>
<TextEquiv>
<Unicode>ε</Unicode></TextEquiv></Glyph>
<Glyph id="r11286">
<Coords points="2195,2317 2195,2334 2214,2334 2214,2317"/>
<TextEquiv>
<Unicode>ν</Unicode></TextEquiv></Glyph>
<Glyph id="r11287">
<Coords points="2219,2317 2219,2343 2225,2343 2225,2317"/>
<TextEquiv>
<Unicode>;</Unicode></TextEquiv></Glyph>
<TextEquiv>
<Unicode>κάμωμεν;</Unicode></TextEquiv></Word>
<TextEquiv>
<Unicode>Σ. ΜΑΡΚΕΖΙΝΗΣ (Ὑπ. Συντον.). Τί νὰ κάμωμεν;</Unicode></TextEquiv></TextLine>
<TextLine id="r205">
<Coords points="1294,2349 1691,2349 1692,2350 2010,2350 2011,2351 2209,2351 2209,2353 2230,2370 2218,2391 2189,2387 2189,2388 1265,2388 1259,2382 1239,2382 1237,2380 1179,2380 1178,2379 1179,2378 1179,2377 1180,2376 1180,2350 1293,2350"/>
<Word id="r1260">
<Coords points="1180,2350 1201,2350 1214,2351 1217,2352 1219,2353 1241,2361 1244,2357 1239,2380 1238,2390 1178,2378 1179,2376"/>
<Glyph id="r11288">
<Coords points="1179,2350 1179,2379 1202,2379 1202,2350"/>
<TextEquiv>
<Unicode>Σ</Unicode></TextEquiv></Glyph>
<Glyph id="r11289">
<Coords points="1207,2351 1207,2378 1226,2378 1226,2351"/>
<TextEquiv>
<Unicode>ᾶ</Unicode></TextEquiv></Glyph>
<Glyph id="r11290">
<Coords points="1228,2361 1228,2385 1241,2385 1241,2361"/>
<TextEquiv>
<Unicode>ς</Unicode></TextEquiv></Glyph>
<TextEquiv>
<Unicode>Σᾶς</Unicode></TextEquiv></Word>
<Word id="r1261">
<Coords points="1295,2349 1307,2360 1329,2360 1340,2361 1341,2374 1342,2377 1344,2378 1293,2378 1274,2379 1265,2387 1264,2361 1282,2361"/>
<Glyph id="r11291">
<Coords points="1264,2361 1264,2386 1282,2386 1282,2361"/>
<TextEquiv>
<Unicode>μ</Unicode></TextEquiv></Glyph>
<Glyph id="r11292">
<Coords points="1286,2350 1286,2378 1298,2378 1298,2350"/>
<TextEquiv>
<Unicode>έ</Unicode></TextEquiv></Glyph>
<Glyph id="r11293">
<Coords points="1302,2361 1302,2377 1318,2377 1318,2361"/>
<TextEquiv>
<Unicode>ν</Unicode></TextEquiv></Glyph>
<Glyph id="r11294">
<Coords points="1339,2362 1339,2379 1345,2379 1345,2362"/>
<TextEquiv>
<Unicode>ι</Unicode></TextEquiv></Glyph>
<Glyph id="r11295">
<Coords points="1319,2360 1319,2377 1334,2377 1334,2360"/>
<TextEquiv>
<Unicode>ε</Unicode></TextEquiv></Glyph>
<TextEquiv>
<Unicode>μένει</Unicode></TextEquiv></Word>
<Word id="r1262">
<Coords points="1377,2349 1379,2352 1380,2357 1384,2370 1385,2383 1383,2387 1372,2378 1359,2359 1370,2359 1373,2350 1375,2350"/>
<Glyph id="r11296">
<Coords points="1367,2350 1367,2389 1387,2389 1387,2350"/>
<TextEquiv>
<Unicode>ἡ</Unicode></TextEquiv></Glyph>
<TextEquiv>
<Unicode>ἡ</Unicode></TextEquiv></Word>
<Word id="r1263">
<Coords points="1411,2349 1468,2349 1484,2360 1487,2360 1505,2380 1486,2388 1475,2381 1409,2377 1408,2362 1409,2360 1410,2350"/>
<Glyph id="r11297">
<Coords points="1408,2349 1408,2377 1420,2377 1420,2349"/>
<TextEquiv>
<Unicode>ἐ</Unicode></TextEquiv></Glyph>
<Glyph id="r11298">
<Coords points="1423,2349 1423,2378 1439,2378 1439,2349"/>
<TextEquiv>
<Unicode>λ</Unicode></TextEquiv></Glyph>
<Glyph id="r11299">
<Coords points="1442,2360 1442,2378 1461,2378 1461,2360"/>
<TextEquiv>
<Unicode>π</Unicode></TextEquiv></Glyph>
<Glyph id="r11300">
<Coords points="1463,2349 1463,2378 1471,2378 1471,2349"/>
<TextEquiv>
<Unicode>ί</Unicode></TextEquiv></Glyph>
<Glyph id="r11301">
<Coords points="1475,2360 1475,2384 1487,2384 1487,2360"/>
<TextEquiv>
<Unicode>ς</Unicode></TextEquiv></Glyph>
<Glyph id="r18395">
<Coords points="1494,2374 1494,2380 1500,2380 1500,2374"/>
<TextEquiv>
<Unicode>.</Unicode></TextEquiv></Glyph>
<TextEquiv>
<Unicode>ἐλπίς.</Unicode></TextEquiv></Word>
<Word id="r1264">
<Coords points="1532,2349 1562,2349 1564,2351 1565,2355 1571,2367 1572,2374 1572,2375 1571,2377 1539,2378 1532,2378 1528,2376 1524,2370 1523,2367 1523,2361 1524,2357 1525,2355 1528,2352 1531,2350"/>
<Glyph id="r11303">
<Coords points="1523,2349 1523,2377 1541,2383 1549,2377 1549,2349"/>
<TextEquiv>
<Unicode>Θ</Unicode></TextEquiv></Glyph>
<Glyph id="r11304">
<Coords points="1555,2350 1555,2379 1573,2379 1573,2350"/>
<TextEquiv>
<Unicode>ὰ</Unicode></TextEquiv></Glyph>
<TextEquiv>
<Unicode>Θὰ</Unicode></TextEquiv></Word>
<Word id="r1265">
<Coords points="1605,2349 1625,2360 1638,2363 1644,2364 1647,2366 1647,2368 1646,2378 1641,2379 1615,2382 1612,2386 1611,2387 1600,2378 1598,2375 1593,2370 1593,2364 1598,2356 1599,2350 1601,2350"/>
<Glyph id="r11305">
<Coords points="1593,2350 1593,2386 1613,2386 1613,2350"/>
<TextEquiv>
<Unicode>ἦ</Unicode></TextEquiv></Glyph>
<Glyph id="r11306">
<Coords points="1616,2361 1616,2378 1629,2378 1629,2361"/>
<TextEquiv>
<Unicode>τ</Unicode></TextEquiv></Glyph>
<Glyph id="r11307">
<Coords points="1636,2364 1636,2381 1648,2381 1648,2364"/>
<TextEquiv>
<Unicode>ο</Unicode></TextEquiv></Glyph>
<TextEquiv>
<Unicode>ἦτο</Unicode></TextEquiv></Word>
<Word id="r1266">
<Coords points="1689,2349 1691,2350 1762,2350 1765,2351 1775,2361 1809,2361 1809,2363 1821,2359 1818,2369 1810,2385 1794,2378 1786,2379 1756,2379 1746,2387 1740,2385 1734,2379 1677,2378 1675,2377 1674,2376 1673,2374 1672,2370 1673,2366 1677,2356 1683,2350"/>
<Glyph id="r11309">
<Coords points="1712,2361 1712,2378 1733,2378 1733,2361"/>
<TextEquiv>
<Unicode>α</Unicode></TextEquiv></Glyph>
<Glyph id="r11310">
<Coords points="1737,2361 1737,2386 1755,2386 1755,2361"/>
<TextEquiv>
<Unicode>ρ</Unicode></TextEquiv></Glyph>
<Glyph id="r11311">
<Coords points="1757,2350 1757,2378 1772,2378 1772,2350"/>
<TextEquiv>
<Unicode>δ</Unicode></TextEquiv></Glyph>
<Glyph id="r11312">
<Coords points="1777,2361 1777,2378 1791,2378 1791,2361"/>
<TextEquiv>
<Unicode>ο</Unicode></TextEquiv></Glyph>
<Glyph id="r11313">
<Coords points="1795,2361 1795,2378 1810,2378 1810,2361"/>
<TextEquiv>
<Unicode>ν</Unicode></TextEquiv></Glyph>
<Glyph id="r18396">
<Coords points="1672,2350 1672,2378 1692,2378 1692,2350"/>
<TextEquiv>
<Unicode>ἄ</Unicode></TextEquiv></Glyph>
<Glyph id="r18397">
<Coords points="1694,2360 1694,2377 1710,2377 1710,2360"/>
<TextEquiv>
<Unicode>κ</Unicode></TextEquiv></Glyph>
<TextEquiv>
<Unicode>ἄκαρδον</Unicode></TextEquiv></Word>
<Word id="r1267">
<Coords points="1888,2351 1902,2361 1951,2361 1966,2359 1961,2375 1960,2377 1949,2378 1931,2379 1923,2387 1864,2386 1861,2385 1857,2382 1833,2378 1832,2371 1833,2363 1834,2362 1846,2361 1873,2361 1882,2352"/>
<Glyph id="r11315">
<Coords points="1832,2361 1832,2379 1851,2379 1851,2361"/>
<TextEquiv>
<Unicode>π</Unicode></TextEquiv></Glyph>
<Glyph id="r11316">
<Coords points="1857,2361 1857,2386 1872,2386 1872,2361"/>
<TextEquiv>
<Unicode>ρ</Unicode></TextEquiv></Glyph>
<Glyph id="r11317">
<Coords points="1877,2352 1877,2379 1896,2379 1896,2352"/>
<TextEquiv>
<Unicode>ᾶ</Unicode></TextEquiv></Glyph>
<Glyph id="r11318">
<Coords points="1899,2362 1899,2388 1916,2388 1916,2362"/>
<TextEquiv>
<Unicode>γ</Unicode></TextEquiv></Glyph>
<Glyph id="r11319">
<Coords points="1921,2361 1921,2386 1939,2386 1939,2361"/>
<TextEquiv>
<Unicode>μ</Unicode></TextEquiv></Glyph>
<Glyph id="r11320">
<Coords points="1944,2361 1944,2378 1959,2378 1959,2361"/>
<TextEquiv>
<Unicode>α</Unicode></TextEquiv></Glyph>
<TextEquiv>
<Unicode>πρᾶγμα</Unicode></TextEquiv></Word>
<Word id="r1268">
<Coords points="2009,2350 2011,2352 2012,2355 2028,2358 2019,2376 2019,2379 1990,2379 1988,2381 1984,2373 1983,2368 1981,2358"/>
<Glyph id="r11321">
<Coords points="1983,2363 1983,2379 1998,2379 1998,2363"/>
<TextEquiv>
<Unicode>ν</Unicode></TextEquiv></Glyph>
<Glyph id="r11322">
<Coords points="2002,2351 2002,2378 2023,2382 2018,2351"/>
<TextEquiv>
<Unicode>ὰ</Unicode></TextEquiv></Glyph>
<TextEquiv>
<Unicode>νὰ</Unicode></TextEquiv></Word>
<Word id="r1269">
<Coords points="2089,2350 2092,2361 2097,2362 2096,2381 2095,2383 2094,2384 2092,2385 2085,2383 2046,2379 2044,2378 2042,2373 2043,2369 2046,2364 2052,2363 2067,2350"/>
<Glyph id="r11323">
<Coords points="2042,2363 2042,2379 2058,2379 2058,2363"/>
<TextEquiv>
<Unicode>σ</Unicode></TextEquiv></Glyph>
<Glyph id="r11324">
<Coords points="2062,2352 2062,2379 2083,2379 2083,2352"/>
<TextEquiv>
<Unicode>ᾶ</Unicode></TextEquiv></Glyph>
<Glyph id="r11325">
<Coords points="2085,2362 2085,2387 2098,2387 2098,2362"/>
<TextEquiv>
<Unicode>ς</Unicode></TextEquiv></Glyph>
<TextEquiv>
<Unicode>σᾶς</Unicode></TextEquiv></Word>
<Word id="r1270">
<Coords points="2207,2351 2208,2352 2226,2371 2215,2372 2214,2388 2212,2388 2175,2389 2178,2383 2126,2379 2124,2378 2122,2374 2124,2365 2136,2362 2154,2361 2197,2361"/>
<Glyph id="r11326">
<Coords points="2122,2362 2122,2379 2138,2379 2138,2362"/>
<TextEquiv>
<Unicode>σ</Unicode></TextEquiv></Glyph>
<Glyph id="r11327">
<Coords points="2141,2361 2141,2380 2155,2380 2155,2361"/>
<TextEquiv>
<Unicode>τ</Unicode></TextEquiv></Glyph>
<Glyph id="r11328">
<Coords points="2159,2361 2159,2380 2171,2380 2171,2361"/>
<TextEquiv>
<Unicode>ε</Unicode></TextEquiv></Glyph>
<Glyph id="r11329">
<Coords points="2178,2362 2178,2388 2193,2388 2193,2362"/>
<TextEquiv>
<Unicode>ρ</Unicode></TextEquiv></Glyph>
<Glyph id="r11330">
<Coords points="2198,2352 2198,2390 2216,2390 2216,2352"/>
<TextEquiv>
<Unicode>ή</Unicode></TextEquiv></Glyph>
<Glyph id="r11331">
<Coords points="2220,2370 2220,2373 2227,2373 2227,2370"/>
<TextEquiv>
<Unicode>-</Unicode></TextEquiv></Glyph>
<TextEquiv>
<Unicode>στερή-</Unicode></TextEquiv></Word>
<TextEquiv>
<Unicode>Σᾶς μένει ἡ ἐλπίς. Θὰ ἦτο ἄκαρδον πρᾶγμα νὰ σᾶς στερή-</Unicode></TextEquiv></TextLine>
<TextLine id="r206">
<Coords points="1348,2394 1850,2394 1851,2395 2078,2395 2079,2396 2200,2395 2208,2407 2221,2407 2222,2408 2222,2418 2225,2421 2226,2421 2226,2422 2225,2423 2225,2424 2193,2424 2192,2425 2189,2425 2188,2426 2151,2426 2148,2429 2137,2429 2136,2430 2133,2430 2132,2431 2123,2431 2120,2434 1976,2434 1975,2433 1627,2433 1626,2432 1624,2432 1620,2428 1576,2428 1574,2426 1461,2426 1460,2425 1228,2434 1183,2425 1180,2422 1180,2418 1179,2417 1179,2412 1182,2409 1183,2409 1184,2408 1193,2408 1194,2407 1204,2407 1205,2406 1336,2406"/>
<Word id="r1271">
<Coords points="1205,2406 1277,2407 1276,2409 1274,2415 1272,2419 1271,2422 1270,2424 1231,2436 1182,2423 1180,2422 1179,2417 1180,2410 1183,2408 1193,2407 1204,2407"/>
<Glyph id="r11332">
<Coords points="1179,2407 1179,2424 1194,2424 1194,2407"/>
<TextEquiv>
<Unicode>σ</Unicode></TextEquiv></Glyph>
<Glyph id="r11333">
<Coords points="1199,2407 1199,2425 1223,2425 1223,2407"/>
<TextEquiv>
<Unicode>ω</Unicode></TextEquiv></Glyph>
<Glyph id="r11334">
<Coords points="1225,2407 1225,2433 1243,2433 1243,2407"/>
<TextEquiv>
<Unicode>μ</Unicode></TextEquiv></Glyph>
<Glyph id="r11335">
<Coords points="1247,2407 1247,2425 1258,2425 1258,2407"/>
<TextEquiv>
<Unicode>ε</Unicode></TextEquiv></Glyph>
<Glyph id="r11336">
<Coords points="1262,2407 1262,2425 1279,2425 1279,2407"/>
<TextEquiv>
<Unicode>ν</Unicode></TextEquiv></Glyph>
<TextEquiv>
<Unicode>σωμεν</Unicode></TextEquiv></Word>
<Word id="r1272">
<Coords points="1348,2394 1349,2396 1350,2399 1351,2401 1353,2422 1303,2426 1308,2418 1305,2410 1306,2407 1307,2406 1336,2406"/>
<Glyph id="r11337">
<Coords points="1305,2406 1305,2423 1322,2423 1322,2406"/>
<TextEquiv>
<Unicode>κ</Unicode></TextEquiv></Glyph>
<Glyph id="r11338">
<Coords points="1327,2406 1327,2423 1344,2423 1344,2406"/>
<TextEquiv>
<Unicode>α</Unicode></TextEquiv></Glyph>
<Glyph id="r11339">
<Coords points="1347,2395 1347,2425 1358,2425 1358,2395"/>
<TextEquiv>
<Unicode>ὶ</Unicode></TextEquiv></Glyph>
<TextEquiv>
<Unicode>καὶ</Unicode></TextEquiv></Word>
<Word id="r1273">
<Coords points="1457,2394 1488,2406 1495,2407 1500,2410 1499,2412 1498,2415 1496,2418 1499,2430 1463,2423 1462,2425 1460,2424 1390,2422 1388,2421 1387,2418 1387,2411 1389,2407 1404,2406 1415,2395 1456,2395"/>
<Glyph id="r11340">
<Coords points="1387,2407 1387,2422 1406,2422 1406,2407"/>
<TextEquiv>
<Unicode>α</Unicode></TextEquiv></Glyph>
<Glyph id="r11341">
<Coords points="1408,2395 1408,2424 1427,2424 1427,2395"/>
<TextEquiv>
<Unicode>ὐ</Unicode></TextEquiv></Glyph>
<Glyph id="r11342">
<Coords points="1429,2406 1429,2423 1443,2423 1443,2406"/>
<TextEquiv>
<Unicode>τ</Unicode></TextEquiv></Glyph>
<Glyph id="r11343">
<Coords points="1445,2395 1445,2434 1464,2434 1464,2395"/>
<TextEquiv>
<Unicode>ή</Unicode></TextEquiv></Glyph>
<Glyph id="r11344">
<Coords points="1466,2406 1466,2423 1483,2423 1483,2406"/>
<TextEquiv>
<Unicode>ν</Unicode></TextEquiv></Glyph>
<Glyph id="r11345">
<Coords points="1489,2420 1489,2423 1493,2423 1493,2420"/>
<TextEquiv>
<Unicode>.</Unicode></TextEquiv></Glyph>
<TextEquiv>
<Unicode>αὐτήν.</Unicode></TextEquiv></Word>
<Word id="r1274">
<Coords points="1526,2394 1548,2394 1555,2395 1571,2405 1577,2407 1576,2427 1573,2424 1535,2423 1524,2423 1524,2406 1525,2395"/>
<Glyph id="r11346">
<Coords points="1524,2394 1524,2423 1550,2423 1550,2394"/>
<TextEquiv>
<Unicode>Ε</Unicode></TextEquiv></Glyph>
<Glyph id="r11347">
<Coords points="1552,2395 1552,2423 1562,2423 1562,2395"/>
<TextEquiv>
<Unicode>ἰ</Unicode></TextEquiv></Glyph>
<Glyph id="r11348">
<Coords points="1565,2406 1565,2431 1578,2431 1578,2406"/>
<TextEquiv>
<Unicode>ς</Unicode></TextEquiv></Glyph>
<TextEquiv>
<Unicode>Εἰς</Unicode></TextEquiv></Word>
<Word id="r1275">
<Coords points="1621,2395 1670,2396 1684,2405 1689,2406 1688,2424 1687,2428 1683,2430 1635,2431 1624,2431 1614,2423 1611,2413 1609,2407 1618,2395"/>
<Glyph id="r11349">
<Coords points="1609,2395 1609,2430 1627,2430 1627,2395"/>
<TextEquiv>
<Unicode>ἡ</Unicode></TextEquiv></Glyph>
<Glyph id="r11351">
<Coords points="1632,2406 1632,2430 1651,2430 1651,2406"/>
<TextEquiv>
<Unicode>μ</Unicode></TextEquiv></Glyph>
<Glyph id="r18398">
<Coords points="1653,2396 1653,2423 1674,2423 1674,2396"/>
<TextEquiv>
<Unicode>ᾶ</Unicode></TextEquiv></Glyph>
<Glyph id="r18399">
<Coords points="1677,2406 1677,2430 1688,2430 1688,2406"/>
<TextEquiv>
<Unicode>ς</Unicode></TextEquiv></Glyph>
<TextEquiv>
<Unicode>ἡμᾶς</Unicode></TextEquiv></Word>
<Word id="r1276">
<Coords points="1730,2395 1733,2396 1735,2397 1809,2397 1809,2422 1807,2423 1806,2424 1763,2424 1754,2432 1751,2431 1747,2429 1742,2424 1725,2423 1723,2420 1722,2415 1723,2410 1729,2403"/>
<Glyph id="r11353">
<Coords points="1722,2396 1722,2423 1740,2423 1740,2396"/>
<TextEquiv>
<Unicode>ἀ</Unicode></TextEquiv></Glyph>
<Glyph id="r11354">
<Coords points="1745,2406 1745,2431 1760,2431 1760,2406"/>
<TextEquiv>
<Unicode>ρ</Unicode></TextEquiv></Glyph>
<Glyph id="r11355">
<Coords points="1764,2406 1764,2423 1781,2429 1780,2406"/>
<TextEquiv>
<Unicode>κ</Unicode></TextEquiv></Glyph>
<Glyph id="r11356">
<Coords points="1785,2406 1785,2423 1796,2423 1796,2406"/>
<TextEquiv>
<Unicode>ε</Unicode></TextEquiv></Glyph>
<Glyph id="r11357">
<Coords points="1799,2397 1799,2424 1812,2424 1812,2397"/>
<TextEquiv>
<Unicode>ῖ</Unicode></TextEquiv></Glyph>
<TextEquiv>
<Unicode>ἀρκεῖ</Unicode></TextEquiv></Word>
<Word id="r1277">
<Coords points="1848,2394 1850,2398 1851,2403 1854,2407 1856,2411 1855,2432 1844,2424 1842,2419 1837,2418 1841,2405 1845,2396"/>
<Glyph id="r11358">
<Coords points="1841,2395 1841,2431 1860,2434 1855,2395"/>
<TextEquiv>
<Unicode>ἡ</Unicode></TextEquiv></Glyph>
<TextEquiv>
<Unicode>ἡ</Unicode></TextEquiv></Word>
<Word id="r1278">
<Coords points="2077,2395 2094,2406 2101,2407 2123,2401 2139,2407 2161,2427 2155,2428 2127,2430 2121,2431 2120,2433 1915,2431 1910,2427 1881,2427 1887,2416 1888,2408 1904,2406 2066,2406"/>
<Glyph id="r11359">
<Coords points="1887,2406 1887,2425 1906,2425 1906,2406"/>
<TextEquiv>
<Unicode>π</Unicode></TextEquiv></Glyph>
<Glyph id="r11360">
<Coords points="1911,2406 1911,2431 1926,2431 1926,2406"/>
<TextEquiv>
<Unicode>ρ</Unicode></TextEquiv></Glyph>
<Glyph id="r11361">
<Coords points="1932,2407 1932,2424 1949,2424 1949,2407"/>
<TextEquiv>
<Unicode>α</Unicode></TextEquiv></Glyph>
<Glyph id="r11362">
<Coords points="1953,2407 1953,2431 1970,2431 1970,2407"/>
<TextEquiv>
<Unicode>γ</Unicode></TextEquiv></Glyph>
<Glyph id="r11363">
<Coords points="1975,2407 1975,2431 1993,2431 1993,2407"/>
<TextEquiv>
<Unicode>μ</Unicode></TextEquiv></Glyph>
<Glyph id="r11364">
<Coords points="1998,2407 1998,2424 2016,2424 2016,2407"/>
<TextEquiv>
<Unicode>α</Unicode></TextEquiv></Glyph>
<Glyph id="r11365">
<Coords points="2018,2407 2018,2425 2032,2425 2032,2407"/>
<TextEquiv>
<Unicode>τ</Unicode></TextEquiv></Glyph>
<Glyph id="r11366">
<Coords points="2037,2407 2037,2424 2046,2424 2046,2407"/>
<TextEquiv>
<Unicode>ι</Unicode></TextEquiv></Glyph>
<Glyph id="r11367">
<Coords points="2047,2407 2047,2424 2063,2424 2063,2407"/>
<TextEquiv>
<Unicode>κ</Unicode></TextEquiv></Glyph>
<Glyph id="r11368">
<Coords points="2068,2396 2068,2425 2082,2425 2082,2396"/>
<TextEquiv>
<Unicode>ό</Unicode></TextEquiv></Glyph>
<Glyph id="r11369">
<Coords points="2086,2407 2086,2425 2101,2425 2101,2407"/>
<TextEquiv>
<Unicode>τ</Unicode></TextEquiv></Glyph>
<Glyph id="r11370">
<Coords points="2104,2407 2104,2431 2121,2431 2121,2407"/>
<TextEquiv>
<Unicode>η</Unicode></TextEquiv></Glyph>
<Glyph id="r11371">
<Coords points="2126,2407 2126,2432 2139,2432 2139,2407"/>
<TextEquiv>
<Unicode>ς</Unicode></TextEquiv></Glyph>
<Glyph id="r11372">
<Coords points="2147,2421 2147,2428 2150,2428 2150,2421"/>
<TextEquiv>
<Unicode>,</Unicode></TextEquiv></Glyph>
<TextEquiv>
<Unicode>πραγματικότης,</Unicode></TextEquiv></Word>
<Word id="r1279">
<Coords points="2196,2396 2214,2407 2221,2413 2222,2421 2223,2423 2189,2424 2185,2424 2184,2422 2182,2419 2184,2411 2185,2404 2190,2397"/>
<Glyph id="r11373">
<Coords points="2182,2396 2182,2426 2197,2426 2197,2396"/>
<TextEquiv>
<Unicode>ὅ</Unicode></TextEquiv></Glyph>
<Glyph id="r11374">
<Coords points="2201,2407 2201,2425 2214,2425 2214,2407"/>
<TextEquiv>
<Unicode>τ</Unicode></TextEquiv></Glyph>
<Glyph id="r11375">
<Coords points="2220,2407 2220,2425 2227,2425 2227,2407"/>
<TextEquiv>
<Unicode>ι</Unicode></TextEquiv></Glyph>
<TextEquiv>
<Unicode>ὅτι</Unicode></TextEquiv></Word>
<TextEquiv>
<Unicode>σωμεν καὶ αὐτήν. Εἰς ἡμᾶς ἀρκεῖ ἡ πραγματικότης, ὅτι</Unicode></TextEquiv></TextLine>
<TextLine id="r207">
<Coords points="1401,2439 1657,2439 1658,2440 2181,2440 2182,2441 2185,2441 2196,2452 2213,2452 2213,2456 2223,2466 2223,2467 2224,2468 2224,2469 2214,2469 2213,2470 2145,2470 2144,2471 2074,2471 2066,2479 2064,2479 2063,2480 2062,2479 1207,2479 1198,2470 1181,2470 1180,2469 1178,2469 1178,2462 1179,2461 1179,2458 1177,2454 1193,2444 1193,2442 1194,2441 1200,2441 1201,2440 1400,2440"/>
<Word id="r1280">
<Coords points="1201,2440 1203,2441 1255,2441 1273,2453 1287,2453 1282,2467 1276,2469 1271,2470 1216,2470 1207,2478 1197,2469 1179,2468 1178,2462 1179,2454 1181,2454 1197,2441"/>
<Glyph id="r11376">
<Coords points="1178,2452 1177,2473 1191,2474 1189,2452"/>
<TextEquiv>
<Unicode>ε</Unicode></TextEquiv></Glyph>
<Glyph id="r11377">
<Coords points="1195,2441 1195,2469 1204,2469 1204,2441"/>
<TextEquiv>
<Unicode>ἴ</Unicode></TextEquiv></Glyph>
<Glyph id="r11378">
<Coords points="1206,2452 1206,2477 1223,2477 1223,2452"/>
<TextEquiv>
<Unicode>μ</Unicode></TextEquiv></Glyph>
<Glyph id="r11379">
<Coords points="1228,2452 1228,2469 1239,2469 1239,2452"/>
<TextEquiv>
<Unicode>ε</Unicode></TextEquiv></Glyph>
<Glyph id="r11380">
<Coords points="1242,2441 1242,2471 1264,2471 1264,2441"/>
<TextEquiv>
<Unicode>θ</Unicode></TextEquiv></Glyph>
<Glyph id="r11381">
<Coords points="1267,2453 1267,2470 1283,2470 1283,2453"/>
<TextEquiv>
<Unicode>α</Unicode></TextEquiv></Glyph>
<TextEquiv>
<Unicode>εἴμεθα</Unicode></TextEquiv></Word>
<Word id="r1281">
<Coords points="1326,2440 1328,2441 1345,2451 1350,2452 1349,2471 1348,2473 1345,2475 1342,2476 1335,2469 1312,2468 1310,2460 1311,2452 1313,2451"/>
<Glyph id="r11382">
<Coords points="1310,2451 1310,2468 1322,2468 1322,2451"/>
<TextEquiv>
<Unicode>ε</Unicode></TextEquiv></Glyph>
<Glyph id="r11383">
<Coords points="1324,2441 1324,2468 1334,2468 1334,2441"/>
<TextEquiv>
<Unicode>ἰ</Unicode></TextEquiv></Glyph>
<Glyph id="r11384">
<Coords points="1338,2452 1338,2476 1351,2476 1351,2452"/>
<TextEquiv>
<Unicode>ς</Unicode></TextEquiv></Glyph>
<TextEquiv>
<Unicode>εἰς</Unicode></TextEquiv></Word>
<Word id="r1282">
<Coords points="1401,2439 1403,2440 1414,2451 1431,2453 1430,2457 1425,2467 1413,2468 1412,2478 1402,2469 1384,2468 1383,2464 1377,2454 1379,2453 1388,2452"/>
<Glyph id="r11385">
<Coords points="1377,2453 1377,2468 1389,2468 1389,2453"/>
<TextEquiv>
<Unicode>τ</Unicode></TextEquiv></Glyph>
<Glyph id="r11386">
<Coords points="1392,2440 1392,2477 1413,2477 1413,2440"/>
<TextEquiv>
<Unicode>ὴ</Unicode></TextEquiv></Glyph>
<Glyph id="r11387">
<Coords points="1417,2452 1417,2469 1432,2469 1432,2452"/>
<TextEquiv>
<Unicode>ν</Unicode></TextEquiv></Glyph>
<TextEquiv>
<Unicode>τὴν</Unicode></TextEquiv></Word>
<Word id="r1283">
<Coords points="1461,2439 1559,2439 1571,2451 1605,2451 1621,2474 1542,2468 1489,2470 1485,2473 1475,2472 1459,2468 1457,2467 1456,2463 1458,2451 1459,2440"/>
<Glyph id="r11388">
<Coords points="1456,2439 1456,2469 1468,2469 1468,2439"/>
<TextEquiv>
<Unicode>ἐ</Unicode></TextEquiv></Glyph>
<Glyph id="r11389">
<Coords points="1473,2439 1473,2476 1489,2476 1489,2439"/>
<TextEquiv>
<Unicode>ξ</Unicode></TextEquiv></Glyph>
<Glyph id="r11390">
<Coords points="1495,2450 1495,2468 1509,2468 1509,2450"/>
<TextEquiv>
<Unicode>ο</Unicode></TextEquiv></Glyph>
<Glyph id="r11391">
<Coords points="1511,2450 1511,2468 1530,2468 1530,2450"/>
<TextEquiv>
<Unicode>υ</Unicode></TextEquiv></Glyph>
<Glyph id="r11392">
<Coords points="1535,2451 1535,2468 1551,2468 1551,2451"/>
<TextEquiv>
<Unicode>σ</Unicode></TextEquiv></Glyph>
<Glyph id="r11393">
<Coords points="1556,2440 1556,2468 1560,2468 1560,2440"/>
<TextEquiv>
<Unicode>ί</Unicode></TextEquiv></Glyph>
<Glyph id="r11394">
<Coords points="1567,2451 1567,2468 1586,2468 1586,2451"/>
<TextEquiv>
<Unicode>α</Unicode></TextEquiv></Glyph>
<Glyph id="r11395">
<Coords points="1610,2465 1610,2469 1614,2469 1614,2465"/>
<TextEquiv>
<Unicode>.</Unicode></TextEquiv></Glyph>
<Glyph id="r11396">
<Coords points="1589,2451 1589,2468 1605,2468 1605,2451"/>
<TextEquiv>
<Unicode>ν</Unicode></TextEquiv></Glyph>
<TextEquiv>
<Unicode>ἐξουσίαν.</Unicode></TextEquiv></Word>
<Word id="r1284">
<Coords points="1648,2439 1664,2440 1684,2437 1688,2450 1695,2460 1694,2461 1693,2468 1692,2473 1687,2475 1679,2469 1640,2468 1638,2464 1637,2459 1639,2455 1640,2440"/>
<Glyph id="r11397">
<Coords points="1640,2440 1640,2468 1666,2468 1666,2440"/>
<TextEquiv>
<Unicode>Ε</Unicode></TextEquiv></Glyph>
<Glyph id="r11398">
<Coords points="1668,2440 1668,2468 1674,2468 1674,2440"/>
<TextEquiv>
<Unicode>ἰ</Unicode></TextEquiv></Glyph>
<Glyph id="r11399">
<Coords points="1681,2450 1681,2477 1695,2477 1695,2450"/>
<TextEquiv>
<Unicode>ς</Unicode></TextEquiv></Glyph>
<TextEquiv>
<Unicode>Εἰς</Unicode></TextEquiv></Word>
<Word id="r1285">
<Coords points="1775,2437 1795,2451 1798,2452 1797,2473 1791,2475 1784,2469 1747,2468 1746,2466 1746,2456 1747,2453 1751,2452 1758,2452"/>
<Glyph id="r11400">
<Coords points="1746,2451 1746,2468 1762,2468 1762,2451"/>
<TextEquiv>
<Unicode>σ</Unicode></TextEquiv></Glyph>
<Glyph id="r11401">
<Coords points="1764,2440 1764,2468 1784,2468 1784,2440"/>
<TextEquiv>
<Unicode>ᾶ</Unicode></TextEquiv></Glyph>
<Glyph id="r11402">
<Coords points="1786,2452 1786,2475 1799,2475 1799,2452"/>
<TextEquiv>
<Unicode>ς</Unicode></TextEquiv></Glyph>
<TextEquiv>
<Unicode>σᾶς</Unicode></TextEquiv></Word>
<Word id="r1286">
<Coords points="1858,2440 1904,2440 1915,2451 1979,2451 1999,2452 2000,2454 2000,2456 1995,2466 1994,2469 1957,2470 1949,2478 1882,2478 1873,2469 1853,2468 1851,2465 1850,2460 1851,2455 1857,2444"/>
<Glyph id="r11403">
<Coords points="1850,2440 1850,2468 1868,2468 1868,2440"/>
<TextEquiv>
<Unicode>ἀ</Unicode></TextEquiv></Glyph>
<Glyph id="r11404">
<Coords points="1872,2451 1872,2477 1896,2477 1896,2451"/>
<TextEquiv>
<Unicode>φ</Unicode></TextEquiv></Glyph>
<Glyph id="r11405">
<Coords points="1900,2440 1900,2469 1908,2469 1908,2440"/>
<TextEquiv>
<Unicode>ί</Unicode></TextEquiv></Glyph>
<Glyph id="r11406">
<Coords points="1910,2452 1910,2469 1926,2469 1926,2452"/>
<TextEquiv>
<Unicode>ν</Unicode></TextEquiv></Glyph>
<Glyph id="r11407">
<Coords points="1928,2451 1928,2469 1945,2469 1945,2451"/>
<TextEquiv>
<Unicode>ο</Unicode></TextEquiv></Glyph>
<Glyph id="r11409">
<Coords points="1985,2452 1985,2469 2000,2469 2000,2452"/>
<TextEquiv>
<Unicode>ν</Unicode></TextEquiv></Glyph>
<Glyph id="r18400">
<Coords points="1947,2451 1947,2477 1966,2477 1966,2451"/>
<TextEquiv>
<Unicode>μ</Unicode></TextEquiv></Glyph>
<Glyph id="r18401">
<Coords points="1970,2451 1970,2469 1981,2469 1981,2451"/>
<TextEquiv>
<Unicode>ε</Unicode></TextEquiv></Glyph>
<TextEquiv>
<Unicode>ἀφίνομεν</Unicode></TextEquiv></Word>
<Word id="r1287">
<Coords points="2051,2440 2063,2452 2082,2453 2080,2458 2079,2461 2075,2469 2068,2470 2067,2474 2065,2478 2062,2478 2056,2474 2043,2470 2032,2469 2029,2463 2026,2456 2027,2454 2029,2452 2039,2452"/>
<Glyph id="r11411">
<Coords points="2026,2451 2026,2469 2041,2469 2041,2451"/>
<TextEquiv>
<Unicode>τ</Unicode></TextEquiv></Glyph>
<Glyph id="r11412">
<Coords points="2044,2441 2044,2477 2066,2477 2066,2441"/>
<TextEquiv>
<Unicode>ὴ</Unicode></TextEquiv></Glyph>
<Glyph id="r18403">
<Coords points="2068,2453 2068,2470 2083,2470 2083,2453"/>
<TextEquiv>
<Unicode>ν</Unicode></TextEquiv></Glyph>
<TextEquiv>
<Unicode>τὴν</Unicode></TextEquiv></Word>
<Word id="r1288">
<Coords points="2112,2440 2171,2440 2184,2441 2195,2452 2212,2450 2223,2458 2225,2466 2225,2468 2224,2469 2110,2469 2109,2454 2110,2452 2111,2441"/>
<Glyph id="r11414">
<Coords points="2109,2440 2108,2473 2123,2474 2120,2440"/>
<TextEquiv>
<Unicode>ἐ</Unicode></TextEquiv></Glyph>
<Glyph id="r11415">
<Coords points="2122,2441 2125,2473 2139,2468 2139,2441"/>
<TextEquiv>
<Unicode>λ</Unicode></TextEquiv></Glyph>
<Glyph id="r11416">
<Coords points="2141,2452 2141,2468 2163,2468 2163,2452"/>
<TextEquiv>
<Unicode>π</Unicode></TextEquiv></Glyph>
<Glyph id="r11417">
<Coords points="2167,2441 2167,2468 2175,2468 2175,2441"/>
<TextEquiv>
<Unicode>ί</Unicode></TextEquiv></Glyph>
<Glyph id="r11418">
<Coords points="2177,2441 2177,2468 2193,2468 2193,2441"/>
<TextEquiv>
<Unicode>δ</Unicode></TextEquiv></Glyph>
<Glyph id="r11419">
<Coords points="2198,2452 2198,2468 2215,2468 2215,2452"/>
<TextEquiv>
<Unicode>α</Unicode></TextEquiv></Glyph>
<Glyph id="r18404">
<Coords points="2221,2466 2221,2469 2224,2469 2224,2466"/>
<TextEquiv>
<Unicode>.</Unicode></TextEquiv></Glyph>
<TextEquiv>
<Unicode>ἐλπίδα.</Unicode></TextEquiv></Word>
<TextEquiv>
<Unicode>εἴμεθα εἰς τὴν ἐξουσίαν. Εἰς σᾶς ἀφίνομεν τὴν ἐλπίδα.</Unicode></TextEquiv></TextLine>
<TextLine id="r208">
<Coords points="1190,2485 1389,2485 1391,2487 1490,2487 1492,2489 1492,2493 1510,2511 1510,2512 1511,2513 1510,2513 1509,2514 1492,2514 1488,2518 1488,2519 1487,2520 1404,2520 1401,2523 1333,2523 1332,2524 1270,2524 1269,2523 1268,2523 1267,2522 1265,2522 1261,2518 1189,2522 1187,2516 1187,2515 1186,2514 1186,2513 1185,2512 1185,2509 1184,2508 1184,2497 1185,2496 1185,2494 1186,2493 1186,2492 1187,2491 1187,2490 1188,2489 1188,2488 1190,2486"/>
<Word id="r1290">
<Coords points="1387,2485 1399,2496 1496,2483 1528,2524 1451,2513 1409,2514 1401,2522 1268,2522 1266,2521 1261,2518 1182,2527 1185,2484 1386,2486"/>
<Glyph id="r11421">
<Coords points="1184,2485 1184,2521 1191,2521 1191,2485"/>
<TextEquiv>
<Unicode>(</Unicode></TextEquiv></Glyph>
<Glyph id="r11422">
<Coords points="1199,2486 1199,2515 1226,2515 1226,2486"/>
<TextEquiv>
<Unicode>Χ</Unicode></TextEquiv></Glyph>
<Glyph id="r11423">
<Coords points="1230,2497 1230,2515 1242,2515 1242,2497"/>
<TextEquiv>
<Unicode>ε</Unicode></TextEquiv></Glyph>
<Glyph id="r11424">
<Coords points="1248,2497 1248,2514 1255,2514 1255,2497"/>
<TextEquiv>
<Unicode>ι</Unicode></TextEquiv></Glyph>
<Glyph id="r11425">
<Coords points="1260,2497 1260,2521 1276,2521 1276,2497"/>
<TextEquiv>
<Unicode>ρ</Unicode></TextEquiv></Glyph>
<Glyph id="r11426">
<Coords points="1280,2496 1280,2515 1296,2515 1296,2496"/>
<TextEquiv>
<Unicode>ο</Unicode></TextEquiv></Glyph>
<Glyph id="r11427">
<Coords points="1321,2497 1321,2521 1335,2526 1337,2497"/>
<TextEquiv>
<Unicode>ρ</Unicode></TextEquiv></Glyph>
<Glyph id="r11428">
<Coords points="1341,2497 1341,2515 1356,2515 1356,2497"/>
<TextEquiv>
<Unicode>ο</Unicode></TextEquiv></Glyph>
<Glyph id="r11429">
<Coords points="1360,2497 1360,2514 1372,2514 1372,2497"/>
<TextEquiv>
<Unicode>τ</Unicode></TextEquiv></Glyph>
<Glyph id="r11430">
<Coords points="1376,2486 1376,2521 1394,2521 1394,2486"/>
<TextEquiv>
<Unicode>ή</Unicode></TextEquiv></Glyph>
<Glyph id="r11431">
<Coords points="1400,2496 1400,2521 1420,2521 1420,2496"/>
<TextEquiv>
<Unicode>μ</Unicode></TextEquiv></Glyph>
<Glyph id="r11432">
<Coords points="1422,2496 1422,2513 1440,2513 1440,2496"/>
<TextEquiv>
<Unicode>α</Unicode></TextEquiv></Glyph>
<Glyph id="r11433">
<Coords points="1443,2496 1443,2513 1456,2513 1456,2496"/>
<TextEquiv>
<Unicode>τ</Unicode></TextEquiv></Glyph>
<Glyph id="r11434">
<Coords points="1461,2496 1461,2513 1480,2513 1480,2496"/>
<TextEquiv>
<Unicode>α</Unicode></TextEquiv></Glyph>
<Glyph id="r11435">
<Coords points="1488,2485 1488,2518 1495,2518 1495,2485"/>
<TextEquiv>
<Unicode>)</Unicode></TextEquiv></Glyph>
<Glyph id="r11436">
<Coords points="1506,2511 1506,2514 1514,2517 1511,2511"/>
<TextEquiv>
<Unicode>.</Unicode></TextEquiv></Glyph>
<Glyph id="r16277">
<Coords points="1300,2497 1300,2515 1317,2515 1317,2497"/>
<TextEquiv>
<Unicode>κ</Unicode></TextEquiv></Glyph>
<TextEquiv>
<Unicode>(Χειροκροτήματα).</Unicode></TextEquiv></Word>
<TextEquiv>
<Unicode>(Χειροκροτήματα).</Unicode></TextEquiv></TextLine></TextRegion>
<TextRegion id="r26" type="paragraph">
<Coords points="1266,2550 1165,2611 1164,2660 2251,2650 2251,2648 2247,2544 1509,2542"/>
<TextLine id="r209">
<Coords points="1276,2556 1875,2556 1876,2557 2042,2557 2043,2558 2128,2558 2129,2559 2179,2559 2188,2568 2209,2568 2210,2569 2212,2569 2213,2570 2213,2571 2214,2572 2214,2573 2224,2583 2224,2584 2225,2585 2225,2588 2224,2589 2224,2590 2221,2593 2146,2593 2143,2596 2142,2596 2141,2595 1980,2595 1979,2594 1852,2594 1847,2589 1684,2600 1274,2587 1273,2586 1272,2586 1271,2585 1270,2585 1267,2582 1267,2580 1265,2578 1265,2575 1264,2574 1264,2568 1265,2567 1265,2566 1268,2563 1268,2561 1269,2560 1269,2559 1270,2559 1272,2557 1275,2557"/>
<Word id="r1292">
<Coords points="1277,2556 1279,2557 1301,2560 1303,2561 1307,2567 1308,2570 1308,2573 1307,2577 1306,2580 1305,2582 1303,2585 1300,2587 1272,2585 1268,2583 1266,2579 1264,2574 1264,2567 1266,2564 1268,2560 1269,2559 1273,2557"/>
<Glyph id="r11437">
<Coords points="1265,2557 1265,2585 1290,2585 1290,2557"/>
<TextEquiv>
<Unicode>Θ</Unicode></TextEquiv></Glyph>
<Glyph id="r18405">
<Coords points="1296,2583 1296,2586 1299,2586 1299,2583"/>
<TextEquiv>
<Unicode>.</Unicode></TextEquiv></Glyph>
<TextEquiv>
<Unicode>Θ.</Unicode></TextEquiv></Word>
<Word id="r1293">
<Coords points="1366,2556 1511,2556 1511,2557 1554,2557 1553,2557 1553,2563 1552,2563 1552,2569 1551,2569 1551,2574 1550,2574 1550,2580 1549,2580 1549,2585 1542,2585 1542,2586 1463,2586 1463,2585 1324,2585 1324,2557 1323,2557 1366,2557"/>
<Glyph id="r11439">
<Coords points="1324,2557 1324,2584 1349,2584 1349,2557"/>
<TextEquiv>
<Unicode>Χ</Unicode></TextEquiv></Glyph>
<Glyph id="r11440">
<Coords points="1355,2556 1355,2584 1379,2584 1379,2556"/>
<TextEquiv>
<Unicode>Α</Unicode></TextEquiv></Glyph>
<Glyph id="r11441">
<Coords points="1387,2556 1387,2584 1412,2584 1412,2556"/>
<TextEquiv>
<Unicode>Β</Unicode></TextEquiv></Glyph>
<Glyph id="r11442">
<Coords points="1420,2557 1420,2584 1434,2584 1434,2557"/>
<TextEquiv>
<Unicode>Ι</Unicode></TextEquiv></Glyph>
<Glyph id="r11443">
<Coords points="1440,2556 1440,2585 1467,2585 1467,2556"/>
<TextEquiv>
<Unicode>Ν</Unicode></TextEquiv></Glyph>
<Glyph id="r11444">
<Coords points="1473,2557 1473,2585 1505,2585 1505,2557"/>
<TextEquiv>
<Unicode>Η</Unicode></TextEquiv></Glyph>
<Glyph id="r11445">
<Coords points="1507,2556 1507,2585 1533,2585 1533,2556"/>
<TextEquiv>
<Unicode>Σ</Unicode></TextEquiv></Glyph>
<Glyph id="r18406">
<Coords points="1540,2582 1540,2586 1543,2586 1543,2582"/>
<TextEquiv>
<Unicode>.</Unicode></TextEquiv></Glyph>
<TextEquiv>
<Unicode>ΧΑΒΙΝΗΣ.</Unicode></TextEquiv></Word>
<Word id="r1295">
<Coords points="1575,2556 1591,2556 1591,2557 1619,2557 1619,2562 1620,2562 1620,2564 1621,2564 1621,2565 1622,2565 1622,2566 1623,2566 1623,2571 1624,2571 1624,2576 1625,2576 1625,2581 1626,2581 1626,2582 1627,2582 1620,2583 1621,2583 1618,2583 1618,2584 1615,2584 1615,2585 1613,2585 1613,2586 1613,2585 1568,2585 1568,2584 1569,2584 1569,2575 1570,2575 1570,2566 1571,2566 1571,2557 1575,2557"/>
<Glyph id="r11447">
<Coords points="1570,2556 1570,2584 1596,2584 1596,2556"/>
<TextEquiv>
<Unicode>Ν</Unicode></TextEquiv></Glyph>
<Glyph id="r11448">
<Coords points="1603,2557 1603,2586 1622,2586 1622,2557"/>
<TextEquiv>
<Unicode>ὰ</Unicode></TextEquiv></Glyph>
<TextEquiv>
<Unicode>Νὰ</Unicode></TextEquiv></Word>
<Word id="r1297">
<Coords points="1674,2557 1686,2568 1734,2568 1745,2569 1747,2576 1748,2583 1744,2587 1686,2601 1663,2585 1640,2589 1641,2579 1639,2570 1641,2568 1662,2568"/>
<Glyph id="r11449">
<Coords points="1639,2568 1639,2585 1657,2585 1657,2568"/>
<TextEquiv>
<Unicode>κ</Unicode></TextEquiv></Glyph>
<Glyph id="r11450">
<Coords points="1660,2558 1660,2586 1680,2586 1680,2558"/>
<TextEquiv>
<Unicode>ά</Unicode></TextEquiv></Glyph>
<Glyph id="r11451">
<Coords points="1683,2568 1683,2595 1699,2595 1699,2568"/>
<TextEquiv>
<Unicode>μ</Unicode></TextEquiv></Glyph>
<Glyph id="r11452">
<Coords points="1704,2568 1704,2586 1715,2586 1715,2568"/>
<TextEquiv>
<Unicode>ε</Unicode></TextEquiv></Glyph>
<Glyph id="r11453">
<Coords points="1719,2568 1719,2586 1733,2586 1733,2568"/>
<TextEquiv>
<Unicode>τ</Unicode></TextEquiv></Glyph>
<Glyph id="r11454">
<Coords points="1737,2569 1737,2587 1751,2588 1746,2569"/>
<TextEquiv>
<Unicode>ε</Unicode></TextEquiv></Glyph>
<TextEquiv>
<Unicode>κάμετε</Unicode></TextEquiv></Word>
<Word id="r1298">
<Coords points="1874,2556 1906,2565 1900,2589 1898,2591 1896,2592 1853,2592 1848,2589 1773,2585 1769,2577 1768,2574 1771,2567 1774,2557 1873,2557"/>
<Glyph id="r11455">
<Coords points="1768,2557 1768,2585 1783,2591 1783,2557"/>
<TextEquiv>
<Unicode>ἐ</Unicode></TextEquiv></Glyph>
<Glyph id="r11456">
<Coords points="1787,2568 1787,2585 1805,2585 1805,2568"/>
<TextEquiv>
<Unicode>κ</Unicode></TextEquiv></Glyph>
<Glyph id="r11457">
<Coords points="1807,2557 1807,2586 1821,2586 1821,2557"/>
<TextEquiv>
<Unicode>λ</Unicode></TextEquiv></Glyph>
<Glyph id="r11458">
<Coords points="1825,2568 1825,2586 1839,2586 1839,2568"/>
<TextEquiv>
<Unicode>ο</Unicode></TextEquiv></Glyph>
<Glyph id="r11459">
<Coords points="1844,2568 1844,2591 1852,2596 1861,2591 1861,2568"/>
<TextEquiv>
<Unicode>γ</Unicode></TextEquiv></Glyph>
<Glyph id="r11460">
<Coords points="1867,2557 1867,2586 1885,2586 1885,2557"/>
<TextEquiv>
<Unicode>ὰ</Unicode></TextEquiv></Glyph>
<Glyph id="r11461">
<Coords points="1889,2568 1889,2591 1896,2598 1901,2591 1901,2568"/>
<TextEquiv>
<Unicode>ς</Unicode></TextEquiv></Glyph>
<TextEquiv>
<Unicode>ἐκλογὰς</Unicode></TextEquiv></Word>
<Word id="r1299">
<Coords points="1955,2557 1973,2568 2006,2565 2005,2575 2006,2583 2006,2585 1981,2586 1980,2594 1976,2593 1973,2592 1968,2587 1929,2585 1926,2575 1923,2570 1925,2569 1936,2568 1943,2568"/>
<Glyph id="r11462">
<Coords points="1923,2568 1923,2585 1946,2585 1946,2568"/>
<TextEquiv>
<Unicode>τ</Unicode></TextEquiv></Glyph>
<Glyph id="r11463">
<Coords points="1948,2558 1948,2586 1966,2586 1966,2558"/>
<TextEquiv>
<Unicode>ώ</Unicode></TextEquiv></Glyph>
<Glyph id="r11464">
<Coords points="1970,2568 1970,2593 1986,2593 1986,2568"/>
<TextEquiv>
<Unicode>ρ</Unicode></TextEquiv></Glyph>
<Glyph id="r11465">
<Coords points="1991,2569 1991,2585 2005,2585 2005,2569"/>
<TextEquiv>
<Unicode>α</Unicode></TextEquiv></Glyph>
<TextEquiv>
<Unicode>τώρα</Unicode></TextEquiv></Word>
<Word id="r1300">
<Coords points="2037,2557 2059,2569 2064,2572 2063,2575 2059,2583 2058,2586 2032,2585 2030,2583 2029,2578 2032,2565"/>
<Glyph id="r11466">
<Coords points="2029,2558 2029,2585 2048,2585 2048,2558"/>
<TextEquiv>
<Unicode>ἂ</Unicode></TextEquiv></Glyph>
<Glyph id="r11467">
<Coords points="2050,2569 2050,2587 2066,2587 2066,2569"/>
<TextEquiv>
<Unicode>ν</Unicode></TextEquiv></Glyph>
<TextEquiv>
<Unicode>ἂν</Unicode></TextEquiv></Word>
<Word id="r1301">
<Coords points="2126,2558 2128,2559 2174,2559 2178,2560 2186,2568 2210,2565 2227,2576 2230,2577 2231,2579 2232,2590 2233,2592 2231,2594 2229,2595 2151,2587 2143,2595 2134,2586 2094,2585 2088,2570 2094,2569 2107,2568"/>
<Glyph id="r11468">
<Coords points="2088,2569 2088,2585 2101,2585 2101,2569"/>
<TextEquiv>
<Unicode>τ</Unicode></TextEquiv></Glyph>
<Glyph id="r11469">
<Coords points="2105,2568 2105,2585 2120,2585 2120,2568"/>
<TextEquiv>
<Unicode>ο</Unicode></TextEquiv></Glyph>
<Glyph id="r11470">
<Coords points="2122,2559 2122,2586 2138,2586 2138,2559"/>
<TextEquiv>
<Unicode>λ</Unicode></TextEquiv></Glyph>
<Glyph id="r11471">
<Coords points="2163,2559 2163,2586 2182,2586 2182,2559"/>
<TextEquiv>
<Unicode>ᾶ</Unicode></TextEquiv></Glyph>
<Glyph id="r11472">
<Coords points="2203,2568 2203,2587 2215,2587 2215,2568"/>
<TextEquiv>
<Unicode>ε</Unicode></TextEquiv></Glyph>
<Glyph id="r11473">
<Coords points="2221,2583 2221,2593 2225,2593 2225,2583"/>
<TextEquiv>
<Unicode>,</Unicode></TextEquiv></Glyph>
<Glyph id="r11474">
<Coords points="2139,2569 2139,2594 2161,2594 2161,2569"/>
<TextEquiv>
<Unicode>μ</Unicode></TextEquiv></Glyph>
<Glyph id="r11475">
<Coords points="2183,2568 2183,2587 2199,2587 2199,2568"/>
<TextEquiv>
<Unicode>τ</Unicode></TextEquiv></Glyph>
<TextEquiv>
<Unicode>τολμᾶτε,</Unicode></TextEquiv></Word>
<TextEquiv>
<Unicode>Θ. ΧΑΒΙΝΗΣ. Νὰ κάμετε ἐκλογὰς τώρα ἂν τολμᾶτε,</Unicode></TextEquiv></TextLine>
<TextLine id="r210">
<Coords points="1418,2609 1419,2609 1431,2621 1439,2621 1439,2628 1448,2637 1448,2638 1447,2639 1439,2639 1438,2640 1438,2641 1437,2642 1395,2642 1390,2647 1383,2640 1217,2651 1179,2640 1179,2625 1178,2624 1178,2622 1198,2622 1210,2610 1417,2610"/>
<Word id="r1302">
<Coords points="1210,2610 1222,2621 1279,2621 1281,2622 1283,2628 1284,2635 1281,2639 1220,2650 1174,2646 1179,2632 1178,2623 1198,2622"/>
<Glyph id="r11476">
<Coords points="1178,2623 1178,2640 1192,2640 1192,2623"/>
<TextEquiv>
<Unicode>κ</Unicode></TextEquiv></Glyph>
<Glyph id="r11477">
<Coords points="1196,2611 1196,2639 1215,2639 1215,2611"/>
<TextEquiv>
<Unicode>ά</Unicode></TextEquiv></Glyph>
<Glyph id="r11478">
<Coords points="1218,2622 1218,2649 1235,2649 1235,2622"/>
<TextEquiv>
<Unicode>μ</Unicode></TextEquiv></Glyph>
<Glyph id="r11479">
<Coords points="1240,2621 1240,2639 1250,2639 1250,2621"/>
<TextEquiv>
<Unicode>ε</Unicode></TextEquiv></Glyph>
<Glyph id="r11480">
<Coords points="1254,2621 1254,2639 1269,2639 1269,2621"/>
<TextEquiv>
<Unicode>τ</Unicode></TextEquiv></Glyph>
<Glyph id="r11481">
<Coords points="1273,2622 1273,2641 1285,2641 1285,2622"/>
<TextEquiv>
<Unicode>ε</Unicode></TextEquiv></Glyph>
<TextEquiv>
<Unicode>κάμετε</Unicode></TextEquiv></Word>
<Word id="r1303">
<Coords points="1418,2609 1459,2622 1463,2640 1430,2653 1393,2642 1385,2642 1311,2638 1309,2637 1309,2624 1311,2622 1312,2610 1417,2610"/>
<Glyph id="r11482">
<Coords points="1309,2610 1309,2638 1321,2638 1321,2610"/>
<TextEquiv>
<Unicode>ἐ</Unicode></TextEquiv></Glyph>
<Glyph id="r11483">
<Coords points="1323,2621 1323,2638 1341,2638 1341,2621"/>
<TextEquiv>
<Unicode>κ</Unicode></TextEquiv></Glyph>
<Glyph id="r11484">
<Coords points="1344,2610 1344,2639 1359,2639 1359,2610"/>
<TextEquiv>
<Unicode>λ</Unicode></TextEquiv></Glyph>
<Glyph id="r11485">
<Coords points="1363,2620 1363,2639 1377,2639 1377,2620"/>
<TextEquiv>
<Unicode>ο</Unicode></TextEquiv></Glyph>
<Glyph id="r11487">
<Coords points="1381,2622 1381,2641 1391,2650 1398,2641 1398,2622"/>
<TextEquiv>
<Unicode>γ</Unicode></TextEquiv></Glyph>
<Glyph id="r11488">
<Coords points="1404,2610 1404,2639 1423,2639 1423,2610"/>
<TextEquiv>
<Unicode>ά</Unicode></TextEquiv></Glyph>
<Glyph id="r11489">
<Coords points="1426,2621 1426,2645 1439,2645 1439,2621"/>
<TextEquiv>
<Unicode>ς</Unicode></TextEquiv></Glyph>
<Glyph id="r18407">
<Coords points="1444,2635 1444,2640 1451,2640 1451,2635"/>
<TextEquiv>
<Unicode>.</Unicode></TextEquiv></Glyph>
<TextEquiv>
<Unicode>ἐκλογάς.</Unicode></TextEquiv></Word>
<TextEquiv>
<Unicode>κάμετε ἐκλογάς.</Unicode></TextEquiv></TextLine></TextRegion>
<TextRegion id="r27" type="paragraph">
<Coords points="1258,2669 1155,2729 1158,2780 1164,2780 2247,2772 2246,2670 2021,2670 2015,2671 1280,2669"/>
<TextLine id="r211">
<Coords points="1371,2679 1683,2679 1684,2680 2216,2680 2217,2681 2218,2681 2218,2692 2219,2693 2225,2693 2224,2694 2224,2695 2223,2696 2228,2713 2050,2723 2035,2714 1654,2711 1652,2709 1264,2709 1264,2680 1370,2680"/>
<Word id="r1304">
<Coords points="1264,2680 1287,2683 1288,2687 1306,2712 1264,2708"/>
<Glyph id="r11490">
<Coords points="1265,2679 1265,2709 1288,2709 1288,2679"/>
<TextEquiv>
<Unicode>Σ</Unicode></TextEquiv></Glyph>
<Glyph id="r18408">
<Coords points="1295,2706 1295,2709 1298,2709 1298,2706"/>
<TextEquiv>
<Unicode>.</Unicode></TextEquiv></Glyph>
<TextEquiv>
<Unicode>Σ.</Unicode></TextEquiv></Word>
<Word id="r1305">
<Coords points="1371,2679 1620,2680 1620,2708 1322,2708 1322,2680 1370,2680"/>
<Glyph id="r11492">
<Coords points="1322,2680 1322,2707 1353,2707 1353,2680"/>
<TextEquiv>
<Unicode>Μ</Unicode></TextEquiv></Glyph>
<Glyph id="r11493">
<Coords points="1359,2680 1359,2707 1383,2707 1383,2680"/>
<TextEquiv>
<Unicode>Α</Unicode></TextEquiv></Glyph>
<Glyph id="r11494">
<Coords points="1390,2680 1390,2707 1414,2707 1414,2680"/>
<TextEquiv>
<Unicode>Ρ</Unicode></TextEquiv></Glyph>
<Glyph id="r11495">
<Coords points="1421,2680 1421,2707 1447,2707 1447,2680"/>
<TextEquiv>
<Unicode>Κ</Unicode></TextEquiv></Glyph>
<Glyph id="r11496">
<Coords points="1451,2680 1451,2707 1478,2707 1478,2680"/>
<TextEquiv>
<Unicode>Ε</Unicode></TextEquiv></Glyph>
<Glyph id="r11497">
<Coords points="1480,2680 1480,2707 1501,2707 1501,2680"/>
<TextEquiv>
<Unicode>Ζ</Unicode></TextEquiv></Glyph>
<Glyph id="r11498">
<Coords points="1508,2680 1508,2707 1521,2707 1521,2680"/>
<TextEquiv>
<Unicode>Ι</Unicode></TextEquiv></Glyph>
<Glyph id="r11499">
<Coords points="1525,2680 1525,2707 1555,2707 1555,2680"/>
<TextEquiv>
<Unicode>Ν</Unicode></TextEquiv></Glyph>
<Glyph id="r11500">
<Coords points="1561,2680 1561,2707 1592,2707 1592,2680"/>
<TextEquiv>
<Unicode>Η</Unicode></TextEquiv></Glyph>
<Glyph id="r11501">
<Coords points="1596,2680 1596,2707 1619,2707 1619,2680"/>
<TextEquiv>
<Unicode>Σ</Unicode></TextEquiv></Glyph>
<TextEquiv>
<Unicode>ΜΑΡΚΕΖΙΝΗΣ</Unicode></TextEquiv></Word>
<Word id="r1307">
<Coords points="1669,2679 1700,2680 1740,2687 1734,2715 1685,2707 1648,2721 1650,2678 1667,2683 1668,2680"/>
<Glyph id="r11502">
<Coords points="1650,2681 1650,2714 1658,2714 1658,2681"/>
<TextEquiv>
<Unicode>(</Unicode></TextEquiv></Glyph>
<Glyph id="r11503">
<Coords points="1667,2680 1667,2708 1703,2708 1703,2680"/>
<TextEquiv>
<Unicode>Ὑ</Unicode></TextEquiv></Glyph>
<Glyph id="r11505">
<Coords points="1708,2690 1708,2710 1726,2710 1726,2690"/>
<TextEquiv>
<Unicode>π</Unicode></TextEquiv></Glyph>
<Glyph id="r18409">
<Coords points="1730,2706 1730,2712 1735,2712 1735,2706"/>
<TextEquiv>
<Unicode>.</Unicode></TextEquiv></Glyph>
<TextEquiv>
<Unicode>(Ὑπ.</Unicode></TextEquiv></Word>
<Word id="r1308">
<Coords points="1757,2680 1780,2680 1792,2692 1865,2692 1903,2679 1926,2703 1923,2721 1884,2717 1872,2714 1850,2709 1756,2708"/>
<Glyph id="r11506">
<Coords points="1757,2680 1757,2708 1781,2708 1781,2680"/>
<TextEquiv>
<Unicode>Σ</Unicode></TextEquiv></Glyph>
<Glyph id="r11507">
<Coords points="1785,2691 1791,2691 1791,2692 1802,2692 1803,2711 1785,2708"/>
<TextEquiv>
<Unicode>υ</Unicode></TextEquiv></Glyph>
<Glyph id="r11511">
<Coords points="1843,2692 1843,2708 1857,2708 1857,2692"/>
<TextEquiv>
<Unicode>ο</Unicode></TextEquiv></Glyph>
<Glyph id="r11512">
<Coords points="1862,2692 1862,2711 1876,2711 1876,2692"/>
<TextEquiv>
<Unicode>ν</Unicode></TextEquiv></Glyph>
<Glyph id="r11514">
<Coords points="1895,2683 1895,2718 1908,2717 1902,2683"/>
<TextEquiv>
<Unicode>)</Unicode></TextEquiv></Glyph>
<Glyph id="r18411">
<Coords points="1824,2692 1824,2708 1837,2712 1839,2692"/>
<TextEquiv>
<Unicode>τ</Unicode></TextEquiv></Glyph>
<Glyph id="r18413">
<Coords points="1882,2706 1882,2710 1889,2713 1889,2704"/>
<TextEquiv>
<Unicode>.</Unicode></TextEquiv></Glyph>
<Glyph id="r18415">
<Coords points="1805,2691 1805,2711 1822,2711 1822,2691"/>
<TextEquiv>
<Unicode>ν</Unicode></TextEquiv></Glyph>
<Glyph id="r2703">
<Coords points="1913,2713 1917,2705 1922,2704 1922,2713 1919,2716 1916,2716"/>
<TextEquiv>
<Unicode>.</Unicode></TextEquiv></Glyph>
<TextEquiv>
<Unicode>Συντον.).</Unicode></TextEquiv></Word>
<Word id="r1310">
<Coords points="1943,2680 1989,2680 2005,2681 2007,2682 2040,2687 2027,2705 2027,2708 2024,2709 1983,2712 1942,2709 1942,2681"/>
<Glyph id="r11515">
<Coords points="1942,2680 1942,2710 1968,2710 1968,2680"/>
<TextEquiv>
<Unicode>Κ</Unicode></TextEquiv></Glyph>
<Glyph id="r11516">
<Coords points="1975,2681 1975,2710 1993,2710 1993,2681"/>
<TextEquiv>
<Unicode>ά</Unicode></TextEquiv></Glyph>
<Glyph id="r11517">
<Coords points="2017,2692 2017,2711 2029,2711 2029,2692"/>
<TextEquiv>
<Unicode>ε</Unicode></TextEquiv></Glyph>
<Glyph id="r11518">
<Coords points="1997,2681 1997,2710 2015,2710 2015,2681"/>
<TextEquiv>
<Unicode>θ</Unicode></TextEquiv></Glyph>
<TextEquiv>
<Unicode>Κάθε</Unicode></TextEquiv></Word>
<Word id="r1311">
<Coords points="2102,2680 2115,2692 2138,2692 2164,2691 2166,2692 2167,2694 2168,2699 2169,2701 2171,2702 2170,2705 2169,2707 2150,2716 2092,2710 2084,2718 2065,2719 2050,2719 2051,2693 2090,2692"/>
<Glyph id="r11519">
<Coords points="2051,2693 2051,2718 2067,2722 2067,2693"/>
<TextEquiv>
<Unicode>χ</Unicode></TextEquiv></Glyph>
<Glyph id="r11520">
<Coords points="2074,2693 2074,2718 2086,2718 2086,2693"/>
<TextEquiv>
<Unicode>ρ</Unicode></TextEquiv></Glyph>
<Glyph id="r11521">
<Coords points="2093,2681 2093,2710 2107,2710 2107,2681"/>
<TextEquiv>
<Unicode>ό</Unicode></TextEquiv></Glyph>
<Glyph id="r11522">
<Coords points="2111,2692 2111,2709 2126,2709 2126,2692"/>
<TextEquiv>
<Unicode>ν</Unicode></TextEquiv></Glyph>
<Glyph id="r11523">
<Coords points="2130,2692 2130,2710 2145,2710 2145,2692"/>
<TextEquiv>
<Unicode>ο</Unicode></TextEquiv></Glyph>
<Glyph id="r11524">
<Coords points="2149,2693 2149,2710 2164,2710 2164,2693"/>
<TextEquiv>
<Unicode>ν</Unicode></TextEquiv></Glyph>
<TextEquiv>
<Unicode>χρόνον</Unicode></TextEquiv></Word>
<Word id="r1312">
<Coords points="2194,2681 2223,2675 2230,2697 2224,2708 2225,2710 2191,2709 2189,2705 2187,2700 2186,2694 2190,2688 2191,2683 2192,2682"/>
<Glyph id="r11525">
<Coords points="2186,2681 2186,2709 2204,2709 2204,2681"/>
<TextEquiv>
<Unicode>θ</Unicode></TextEquiv></Glyph>
<Glyph id="r11526">
<Coords points="2209,2680 2209,2709 2225,2709 2225,2680"/>
<TextEquiv>
<Unicode>ὰ</Unicode></TextEquiv></Glyph>
<TextEquiv>
<Unicode>θὰ</Unicode></TextEquiv></Word>
<TextEquiv>
<Unicode>Σ. ΜΑΡΚΕΖΙΝΗΣ (Ὑπ. Συντον.). Κάθε χρόνον θὰ</Unicode></TextEquiv></TextLine>
<TextLine id="r212">
<Coords points="2023,2725 2103,2736 2104,2737 2125,2737 2125,2743 2135,2753 2136,2753 2135,2753 2133,2755 2133,2756 2084,2756 2075,2765 2073,2763 1218,2763 1209,2754 1175,2755 1176,2741 1180,2736 1209,2725 1659,2725 1660,2724"/>
<Word id="r1313">
<Coords points="1209,2725 1221,2736 1311,2736 1325,2737 1334,2738 1333,2743 1330,2749 1329,2752 1328,2754 1293,2754 1285,2762 1218,2762 1210,2754 1184,2768 1171,2754 1178,2731"/>
<Glyph id="r11530">
<Coords points="1218,2737 1217,2766 1234,2761 1234,2737"/>
<TextEquiv>
<Unicode>μ</Unicode></TextEquiv></Glyph>
<Glyph id="r11533">
<Coords points="1284,2737 1284,2761 1301,2761 1301,2737"/>
<TextEquiv>
<Unicode>μ</Unicode></TextEquiv></Glyph>
<Glyph id="r18419">
<Coords points="1305,2737 1305,2753 1317,2753 1317,2737"/>
<TextEquiv>
<Unicode>ε</Unicode></TextEquiv></Glyph>
<Glyph id="r18420">
<Coords points="1323,2737 1323,2754 1336,2754 1336,2737"/>
<TextEquiv>
<Unicode>ν</Unicode></TextEquiv></Glyph>
<Glyph id="r18421">
<Coords points="1239,2737 1239,2756 1252,2756 1252,2737"/>
<TextEquiv>
<Unicode>ν</Unicode></TextEquiv></Glyph>
<Glyph id="r18422">
<Coords points="1257,2737 1257,2755 1279,2755 1279,2737"/>
<TextEquiv>
<Unicode>ω</Unicode></TextEquiv></Glyph>
<Glyph id="r18424">
<Coords points="1197,2726 1197,2754 1213,2754 1213,2726"/>
<TextEquiv>
<Unicode>ά</Unicode></TextEquiv></Glyph>
<Glyph id="r18425">
<Coords points="1177,2738 1177,2756 1191,2756 1191,2738"/>
<TextEquiv>
<Unicode>κ</Unicode></TextEquiv></Glyph>
<TextEquiv>
<Unicode>κάμνωμεν</Unicode></TextEquiv></Word>
<Word id="r1314">
<Coords points="1360,2725 1467,2725 1482,2736 1509,2733 1512,2761 1483,2758 1480,2759 1478,2760 1439,2761 1430,2754 1360,2753 1358,2752 1357,2750 1357,2733 1359,2729"/>
<Glyph id="r11535">
<Coords points="1357,2725 1357,2753 1369,2753 1369,2725"/>
<TextEquiv>
<Unicode>ἐ</Unicode></TextEquiv></Glyph>
<Glyph id="r11536">
<Coords points="1373,2736 1373,2753 1392,2753 1392,2736"/>
<TextEquiv>
<Unicode>κ</Unicode></TextEquiv></Glyph>
<Glyph id="r11537">
<Coords points="1411,2736 1411,2753 1426,2756 1425,2736"/>
<TextEquiv>
<Unicode>ο</Unicode></TextEquiv></Glyph>
<Glyph id="r11538">
<Coords points="1430,2737 1430,2764 1447,2764 1447,2737"/>
<TextEquiv>
<Unicode>γ</Unicode></TextEquiv></Glyph>
<Glyph id="r11539">
<Coords points="1453,2725 1453,2754 1471,2754 1471,2725"/>
<TextEquiv>
<Unicode>ά</Unicode></TextEquiv></Glyph>
<Glyph id="r11540">
<Coords points="1473,2736 1473,2762 1487,2762 1487,2736"/>
<TextEquiv>
<Unicode>ς</Unicode></TextEquiv></Glyph>
<Glyph id="r11541">
<Coords points="1497,2736 1497,2762 1502,2762 1502,2736"/>
<TextEquiv>
<Unicode>;</Unicode></TextEquiv></Glyph>
<Glyph id="r11542">
<Coords points="1393,2725 1393,2753 1407,2753 1407,2725"/>
<TextEquiv>
<Unicode>λ</Unicode></TextEquiv></Glyph>
<TextEquiv>
<Unicode>ἐκλογάς;</Unicode></TextEquiv></Word>
<Word id="r1316">
<Coords points="1523,2725 1603,2725 1604,2729 1618,2729 1615,2762 1601,2754 1523,2754"/>
<Glyph id="r11543">
<Coords points="1523,2725 1523,2753 1555,2753 1555,2725"/>
<TextEquiv>
<Unicode>Μ</Unicode></TextEquiv></Glyph>
<Glyph id="r11544">
<Coords points="1560,2736 1560,2753 1571,2753 1571,2736"/>
<TextEquiv>
<Unicode>ε</Unicode></TextEquiv></Glyph>
<Glyph id="r11545">
<Coords points="1575,2736 1575,2753 1591,2753 1591,2736"/>
<TextEquiv>
<Unicode>τ</Unicode></TextEquiv></Glyph>
<Glyph id="r11546">
<Coords points="1595,2725 1595,2754 1613,2754 1613,2725"/>
<TextEquiv>
<Unicode>ὰ</Unicode></TextEquiv></Glyph>
<TextEquiv>
<Unicode>Μετὰ</Unicode></TextEquiv></Word>
<Word id="r1317">
<Coords points="1659,2725 1672,2735 1679,2736 1684,2737 1704,2738 1701,2744 1700,2747 1699,2749 1697,2750 1697,2753 1659,2753 1642,2754 1633,2762 1627,2732 1639,2737"/>
<Glyph id="r11547">
<Coords points="1633,2737 1633,2763 1651,2763 1651,2737"/>
<TextEquiv>
<Unicode>μ</Unicode></TextEquiv></Glyph>
<Glyph id="r11548">
<Coords points="1656,2726 1656,2755 1665,2755 1665,2726"/>
<TextEquiv>
<Unicode>ί</Unicode></TextEquiv></Glyph>
<Glyph id="r11549">
<Coords points="1668,2736 1668,2752 1685,2752 1685,2736"/>
<TextEquiv>
<Unicode>α</Unicode></TextEquiv></Glyph>
<Glyph id="r11550">
<Coords points="1688,2737 1688,2754 1705,2754 1705,2737"/>
<TextEquiv>
<Unicode>ν</Unicode></TextEquiv></Glyph>
<TextEquiv>
<Unicode>μίαν</Unicode></TextEquiv></Word>
<Word id="r1318">
<Coords points="1857,2725 1870,2737 1902,2738 1901,2741 1895,2753 1797,2754 1786,2762 1781,2761 1772,2754 1731,2753 1728,2743 1725,2738 1727,2737 1744,2736 1847,2732 1853,2729"/>
<Glyph id="r11551">
<Coords points="1725,2737 1725,2753 1736,2753 1736,2737"/>
<TextEquiv>
<Unicode>τ</Unicode></TextEquiv></Glyph>
<Glyph id="r11552">
<Coords points="1742,2736 1742,2753 1753,2753 1753,2736"/>
<TextEquiv>
<Unicode>ε</Unicode></TextEquiv></Glyph>
<Glyph id="r11553">
<Coords points="1759,2736 1759,2753 1771,2753 1771,2736"/>
<TextEquiv>
<Unicode>τ</Unicode></TextEquiv></Glyph>
<Glyph id="r11554">
<Coords points="1777,2736 1777,2761 1793,2761 1793,2736"/>
<TextEquiv>
<Unicode>ρ</Unicode></TextEquiv></Glyph>
<Glyph id="r11555">
<Coords points="1798,2736 1798,2753 1817,2753 1817,2736"/>
<TextEquiv>
<Unicode>α</Unicode></TextEquiv></Glyph>
<Glyph id="r11556">
<Coords points="1819,2736 1819,2753 1831,2753 1831,2736"/>
<TextEquiv>
<Unicode>ε</Unicode></TextEquiv></Glyph>
<Glyph id="r11557">
<Coords points="1836,2736 1836,2753 1851,2753 1851,2736"/>
<TextEquiv>
<Unicode>τ</Unicode></TextEquiv></Glyph>
<Glyph id="r11558">
<Coords points="1854,2726 1854,2753 1862,2753 1862,2726"/>
<TextEquiv>
<Unicode>ί</Unicode></TextEquiv></Glyph>
<Glyph id="r11559">
<Coords points="1866,2738 1866,2753 1884,2753 1884,2738"/>
<TextEquiv>
<Unicode>α</Unicode></TextEquiv></Glyph>
<Glyph id="r11560">
<Coords points="1888,2738 1888,2754 1904,2754 1904,2738"/>
<TextEquiv>
<Unicode>ν</Unicode></TextEquiv></Glyph>
<TextEquiv>
<Unicode>τετραετίαν</Unicode></TextEquiv></Word>
<Word id="r1319">
<Coords points="1952,2725 1953,2726 1954,2728 1958,2735 1961,2749 1965,2750 1964,2752 1961,2753 1961,2755 1925,2755 1923,2750 1921,2747 1921,2743 1924,2738 1926,2729 1928,2727 1951,2726"/>
<Glyph id="r11561">
<Coords points="1921,2727 1921,2754 1942,2754 1942,2727"/>
<TextEquiv>
<Unicode>θ</Unicode></TextEquiv></Glyph>
<Glyph id="r11562">
<Coords points="1946,2726 1946,2754 1966,2754 1966,2726"/>
<TextEquiv>
<Unicode>ὰ</Unicode></TextEquiv></Glyph>
<TextEquiv>
<Unicode>θὰ</Unicode></TextEquiv></Word>
<Word id="r1320">
<Coords points="2017,2725 2029,2736 2102,2736 2143,2740 2142,2745 2141,2748 2139,2749 2138,2753 2138,2755 2084,2755 2075,2763 2073,2762 2018,2765 2007,2754 1985,2749 1982,2741 1983,2738 1984,2737 2004,2737"/>
<Glyph id="r11563">
<Coords points="1982,2737 1982,2755 1999,2755 1999,2737"/>
<TextEquiv>
<Unicode>κ</Unicode></TextEquiv></Glyph>
<Glyph id="r11564">
<Coords points="2003,2726 2003,2755 2022,2755 2022,2726"/>
<TextEquiv>
<Unicode>ά</Unicode></TextEquiv></Glyph>
<Glyph id="r11565">
<Coords points="2024,2737 2024,2764 2044,2764 2044,2737"/>
<TextEquiv>
<Unicode>μ</Unicode></TextEquiv></Glyph>
<Glyph id="r11566">
<Coords points="2046,2737 2046,2756 2071,2756 2071,2737"/>
<TextEquiv>
<Unicode>ω</Unicode></TextEquiv></Glyph>
<Glyph id="r11567">
<Coords points="2073,2737 2073,2762 2093,2762 2093,2737"/>
<TextEquiv>
<Unicode>μ</Unicode></TextEquiv></Glyph>
<Glyph id="r11568">
<Coords points="2095,2736 2095,2754 2107,2754 2107,2736"/>
<TextEquiv>
<Unicode>ε</Unicode></TextEquiv></Glyph>
<Glyph id="r11569">
<Coords points="2111,2737 2111,2754 2125,2754 2125,2737"/>
<TextEquiv>
<Unicode>ν</Unicode></TextEquiv></Glyph>
<Glyph id="r18417">
<Coords points="2131,2751 2131,2754 2136,2754 2136,2751"/>
<TextEquiv>
<Unicode>.</Unicode></TextEquiv></Glyph>
<TextEquiv>
<Unicode>κάμωμεν.</Unicode></TextEquiv></Word>
<TextEquiv>
<Unicode>κάμνωμεν ἐκλογάς; Μετὰ μίαν τετραετίαν θὰ κάμωμεν.</Unicode></TextEquiv></TextLine></TextRegion>
<TextRegion id="r28" type="paragraph">
<Coords points="1269,2785 1170,2823 1161,3286 2165,3286 2170,3391 2257,3389 2242,2779 2117,2782"/>
<TextLine id="r213">
<Coords points="1276,2787 1802,2787 1803,2788 2192,2789 2228,2804 2228,2816 2194,2816 2193,2817 2143,2817 2138,2822 2136,2822 2135,2823 2125,2823 2123,2825 2121,2825 2120,2826 1649,2826 1648,2825 1505,2825 1496,2816 1263,2816 1264,2816 1266,2814 1266,2813 1268,2811 1268,2809 1269,2808 1269,2806 1270,2805 1270,2803 1271,2802 1271,2800 1272,2799 1272,2797 1273,2796 1273,2794 1275,2792 1275,2791 1276,2790"/>
<Word id="r1321">
<Coords points="1276,2787 1353,2787 1364,2798 1380,2800 1379,2804 1376,2810 1374,2811 1373,2814 1265,2814 1267,2812 1268,2808 1272,2796 1274,2793"/>
<Glyph id="r11571">
<Coords points="1266,2787 1259,2819 1290,2819 1286,2787"/>
<TextEquiv>
<Unicode>Λ</Unicode></TextEquiv></Glyph>
<Glyph id="r11572">
<Coords points="1294,2798 1294,2813 1301,2820 1311,2813 1311,2798"/>
<TextEquiv>
<Unicode>ο</Unicode></TextEquiv></Glyph>
<Glyph id="r11573">
<Coords points="1315,2798 1315,2815 1324,2817 1322,2798"/>
<TextEquiv>
<Unicode>ι</Unicode></TextEquiv></Glyph>
<Glyph id="r11574">
<Coords points="1325,2795 1326,2818 1344,2818 1344,2795"/>
<TextEquiv>
<Unicode>π</Unicode></TextEquiv></Glyph>
<Glyph id="r11575">
<Coords points="1347,2787 1347,2813 1355,2820 1362,2813 1362,2787"/>
<TextEquiv>
<Unicode>ὸ</Unicode></TextEquiv></Glyph>
<Glyph id="r11576">
<Coords points="1367,2799 1367,2816 1381,2816 1381,2799"/>
<TextEquiv>
<Unicode>ν</Unicode></TextEquiv></Glyph>
<TextEquiv>
<Unicode>Λοιπὸν</Unicode></TextEquiv></Word>
<Word id="r1322">
<Coords points="1415,2787 1564,2787 1582,2799 1588,2800 1587,2820 1585,2821 1584,2822 1521,2823 1505,2824 1496,2816 1495,2815 1408,2814 1407,2812 1410,2799 1414,2788"/>
<Glyph id="r11577">
<Coords points="1407,2787 1407,2817 1425,2817 1425,2787"/>
<TextEquiv>
<Unicode>ἀ</Unicode></TextEquiv></Glyph>
<Glyph id="r11578">
<Coords points="1427,2798 1427,2814 1445,2814 1445,2798"/>
<TextEquiv>
<Unicode>π</Unicode></TextEquiv></Glyph>
<Glyph id="r11579">
<Coords points="1449,2798 1449,2814 1464,2814 1464,2798"/>
<TextEquiv>
<Unicode>ο</Unicode></TextEquiv></Glyph>
<Glyph id="r11580">
<Coords points="1469,2788 1469,2814 1483,2814 1483,2788"/>
<TextEquiv>
<Unicode>δ</Unicode></TextEquiv></Glyph>
<Glyph id="r11581">
<Coords points="1489,2798 1489,2816 1502,2816 1502,2798"/>
<TextEquiv>
<Unicode>ε</Unicode></TextEquiv></Glyph>
<Glyph id="r11582">
<Coords points="1505,2798 1505,2823 1521,2823 1521,2798"/>
<TextEquiv>
<Unicode>χ</Unicode></TextEquiv></Glyph>
<Glyph id="r11583">
<Coords points="1524,2788 1524,2816 1543,2816 1543,2788"/>
<TextEquiv>
<Unicode>θ</Unicode></TextEquiv></Glyph>
<Glyph id="r11584">
<Coords points="1545,2799 1545,2816 1559,2816 1559,2799"/>
<TextEquiv>
<Unicode>ε</Unicode></TextEquiv></Glyph>
<Glyph id="r11585">
<Coords points="1563,2787 1563,2816 1573,2816 1573,2787"/>
<TextEquiv>
<Unicode>ὶ</Unicode></TextEquiv></Glyph>
<Glyph id="r11586">
<Coords points="1577,2799 1577,2823 1590,2823 1590,2799"/>
<TextEquiv>
<Unicode>ς</Unicode></TextEquiv></Glyph>
<TextEquiv>
<Unicode>ἀποδεχθεὶς</Unicode></TextEquiv></Word>
<Word id="r1323">
<Coords points="1640,2787 1652,2799 1670,2801 1668,2806 1667,2808 1665,2810 1664,2812 1663,2815 1651,2816 1650,2825 1640,2816 1621,2815 1618,2805 1615,2801 1617,2800 1622,2799 1635,2790"/>
<Glyph id="r11587">
<Coords points="1615,2799 1615,2815 1629,2820 1629,2799"/>
<TextEquiv>
<Unicode>τ</Unicode></TextEquiv></Glyph>
<Glyph id="r18430">
<Coords points="1633,2788 1633,2827 1654,2827 1654,2788"/>
<TextEquiv>
<Unicode>ὴ</Unicode></TextEquiv></Glyph>
<Glyph id="r18431">
<Coords points="1656,2800 1656,2815 1672,2815 1672,2800"/>
<TextEquiv>
<Unicode>ν</Unicode></TextEquiv></Glyph>
<TextEquiv>
<Unicode>τὴν</Unicode></TextEquiv></Word>
<Word id="r1324">
<Coords points="1750,2787 1802,2788 1804,2789 1814,2799 1874,2799 1887,2800 1886,2803 1883,2809 1882,2812 1880,2813 1879,2816 1842,2817 1834,2825 1726,2824 1722,2821 1713,2818 1697,2815 1698,2801 1703,2799 1737,2799 1748,2788"/>
<Glyph id="r11590">
<Coords points="1697,2799 1697,2816 1716,2816 1716,2799"/>
<TextEquiv>
<Unicode>π</Unicode></TextEquiv></Glyph>
<Glyph id="r11591">
<Coords points="1721,2799 1721,2824 1735,2824 1735,2799"/>
<TextEquiv>
<Unicode>ρ</Unicode></TextEquiv></Glyph>
<Glyph id="r11592">
<Coords points="1740,2788 1740,2817 1754,2817 1754,2788"/>
<TextEquiv>
<Unicode>ό</Unicode></TextEquiv></Glyph>
<Glyph id="r11593">
<Coords points="1760,2799 1760,2817 1776,2817 1776,2799"/>
<TextEquiv>
<Unicode>σ</Unicode></TextEquiv></Glyph>
<Glyph id="r11595">
<Coords points="1840,2799 1840,2816 1856,2816 1856,2799"/>
<TextEquiv>
<Unicode>σ</Unicode></TextEquiv></Glyph>
<Glyph id="r11596">
<Coords points="1862,2799 1862,2816 1869,2816 1869,2799"/>
<TextEquiv>
<Unicode>ι</Unicode></TextEquiv></Glyph>
<Glyph id="r11597">
<Coords points="1871,2800 1871,2816 1886,2816 1886,2800"/>
<TextEquiv>
<Unicode>ν</Unicode></TextEquiv></Glyph>
<Glyph id="r11599">
<Coords points="1815,2799 1815,2824 1834,2824 1834,2799"/>
<TextEquiv>
<Unicode>η</Unicode></TextEquiv></Glyph>
<Glyph id="r18432">
<Coords points="1800,2788 1800,2816 1813,2816 1813,2788"/>
<TextEquiv>
<Unicode>λ</Unicode></TextEquiv></Glyph>
<Glyph id="r18433">
<Coords points="1779,2799 1779,2816 1798,2816 1798,2799"/>
<TextEquiv>
<Unicode>κ</Unicode></TextEquiv></Glyph>
<TextEquiv>
<Unicode>πρόσκλησιν</Unicode></TextEquiv></Word>
<Word id="r1325">
<Coords points="1939,2789 1960,2799 1964,2800 1963,2820 1962,2821 1959,2822 1948,2823 1946,2825 1936,2817 1918,2816 1912,2814 1913,2801 1923,2800"/>
<Glyph id="r11600">
<Coords points="1912,2799 1912,2816 1924,2821 1926,2816 1926,2799"/>
<TextEquiv>
<Unicode>τ</Unicode></TextEquiv></Glyph>
<Glyph id="r11601">
<Coords points="1928,2790 1928,2824 1947,2824 1947,2790"/>
<TextEquiv>
<Unicode>ῆ</Unicode></TextEquiv></Glyph>
<Glyph id="r11602">
<Coords points="1950,2800 1950,2824 1965,2824 1965,2800"/>
<TextEquiv>
<Unicode>ς</Unicode></TextEquiv></Glyph>
<TextEquiv>
<Unicode>τῆς</Unicode></TextEquiv></Word>
<Word id="r1327">
<Coords points="2040,2789 2121,2789 2136,2800 2139,2818 2137,2820 2135,2821 2123,2822 2122,2824 2114,2817 2032,2816 1983,2821 1987,2787"/>
<Glyph id="r11603">
<Coords points="1989,2788 1989,2817 2013,2817 2013,2788"/>
<TextEquiv>
<Unicode>Γ</Unicode></TextEquiv></Glyph>
<Glyph id="r11604">
<Coords points="2018,2800 2018,2816 2035,2816 2035,2800"/>
<TextEquiv>
<Unicode>α</Unicode></TextEquiv></Glyph>
<Glyph id="r11605">
<Coords points="2037,2789 2037,2816 2053,2816 2053,2789"/>
<TextEquiv>
<Unicode>λ</Unicode></TextEquiv></Glyph>
<Glyph id="r11606">
<Coords points="2055,2789 2055,2816 2070,2816 2070,2789"/>
<TextEquiv>
<Unicode>λ</Unicode></TextEquiv></Glyph>
<Glyph id="r11607">
<Coords points="2076,2800 2074,2819 2083,2819 2079,2800"/>
<TextEquiv>
<Unicode>ι</Unicode></TextEquiv></Glyph>
<Glyph id="r11608">
<Coords points="2085,2799 2085,2816 2102,2816 2102,2799"/>
<TextEquiv>
<Unicode>κ</Unicode></TextEquiv></Glyph>
<Glyph id="r11609">
<Coords points="2105,2789 2105,2823 2123,2823 2123,2789"/>
<TextEquiv>
<Unicode>ῆ</Unicode></TextEquiv></Glyph>
<Glyph id="r11610">
<Coords points="2128,2800 2128,2824 2141,2824 2141,2800"/>
<TextEquiv>
<Unicode>ς</Unicode></TextEquiv></Glyph>
<TextEquiv>
<Unicode>Γαλλικῆς</Unicode></TextEquiv></Word>
<Word id="r1328">
<Coords points="2167,2789 2191,2789 2223,2799 2230,2803 2231,2808 2230,2811 2226,2813 2222,2814 2193,2815 2164,2816 2167,2814"/>
<Glyph id="r11611">
<Coords points="2170,2789 2164,2820 2194,2821 2190,2789"/>
<TextEquiv>
<Unicode>Κ</Unicode></TextEquiv></Glyph>
<Glyph id="r11612">
<Coords points="2197,2799 2197,2817 2215,2817 2215,2799"/>
<TextEquiv>
<Unicode>υ</Unicode></TextEquiv></Glyph>
<Glyph id="r18435">
<Coords points="2218,2809 2218,2811 2225,2811 2225,2809"/>
<TextEquiv>
<Unicode>-</Unicode></TextEquiv></Glyph>
<TextEquiv>
<Unicode>Κυ-</Unicode></TextEquiv></Word>
<TextEquiv>
<Unicode>Λοιπὸν ἀποδεχθεὶς τὴν πρόσκλησιν τῆς Γαλλικῆς Κυ-</Unicode></TextEquiv></TextLine>
<TextLine id="r214">
<Coords points="1263,2832 2041,2832 2043,2834 2200,2834 2211,2845 2228,2843 2222,2862 2202,2861 2201,2862 2027,2871 2030,2862 2026,2866 1963,2866 1961,2868 1928,2868 1925,2871 1225,2871 1224,2870 1221,2870 1220,2869 1219,2869 1217,2867 1216,2867 1211,2862 1184,2862 1183,2861 1181,2861 1177,2857 1177,2843 1178,2842 1178,2840 1179,2839 1179,2838 1181,2836 1181,2835 1182,2835 1184,2833 1262,2833"/>
<Word id="r1329">
<Coords points="1263,2832 1275,2843 1351,2843 1350,2845 1349,2864 1348,2865 1342,2867 1270,2869 1223,2869 1219,2868 1214,2864 1182,2860 1178,2858 1177,2842 1178,2839 1180,2837 1181,2835 1184,2833 1262,2833"/>
<Glyph id="r11614">
<Coords points="1177,2833 1177,2860 1190,2865 1190,2833"/>
<TextEquiv>
<Unicode>β</Unicode></TextEquiv></Glyph>
<Glyph id="r11615">
<Coords points="1194,2844 1194,2862 1208,2865 1209,2844"/>
<TextEquiv>
<Unicode>ε</Unicode></TextEquiv></Glyph>
<Glyph id="r11616">
<Coords points="1214,2844 1212,2871 1230,2868 1230,2844"/>
<TextEquiv>
<Unicode>ρ</Unicode></TextEquiv></Glyph>
<Glyph id="r11617">
<Coords points="1233,2844 1233,2861 1249,2861 1249,2844"/>
<TextEquiv>
<Unicode>ν</Unicode></TextEquiv></Glyph>
<Glyph id="r11618">
<Coords points="1251,2833 1251,2868 1270,2868 1270,2833"/>
<TextEquiv>
<Unicode>ή</Unicode></TextEquiv></Glyph>
<Glyph id="r11619">
<Coords points="1276,2844 1276,2862 1291,2862 1291,2844"/>
<TextEquiv>
<Unicode>σ</Unicode></TextEquiv></Glyph>
<Glyph id="r11620">
<Coords points="1296,2843 1296,2861 1307,2861 1307,2843"/>
<TextEquiv>
<Unicode>ε</Unicode></TextEquiv></Glyph>
<Glyph id="r11621">
<Coords points="1311,2843 1311,2861 1333,2861 1333,2843"/>
<TextEquiv>
<Unicode>ω</Unicode></TextEquiv></Glyph>
<Glyph id="r11622">
<Coords points="1338,2844 1338,2870 1352,2870 1352,2844"/>
<TextEquiv>
<Unicode>ς</Unicode></TextEquiv></Glyph>
<TextEquiv>
<Unicode>βερνήσεως</Unicode></TextEquiv></Word>
<Word id="r1330">
<Coords points="1408,2832 1410,2833 1412,2839 1417,2850 1418,2857 1418,2859 1417,2861 1387,2860 1386,2858 1380,2857 1381,2850 1382,2844 1396,2844"/>
<Glyph id="r11623">
<Coords points="1382,2844 1382,2860 1396,2860 1396,2844"/>
<TextEquiv>
<Unicode>ν</Unicode></TextEquiv></Glyph>
<Glyph id="r11624">
<Coords points="1401,2833 1401,2860 1417,2860 1417,2833"/>
<TextEquiv>
<Unicode>ὰ</Unicode></TextEquiv></Glyph>
<TextEquiv>
<Unicode>νὰ</Unicode></TextEquiv></Word>
<Word id="r1331">
<Coords points="1537,2832 1539,2833 1565,2837 1569,2848 1571,2852 1570,2855 1569,2857 1565,2861 1459,2861 1449,2870 1448,2847 1448,2843 1511,2842 1528,2838 1534,2834 1536,2833"/>
<Glyph id="r11625">
<Coords points="1448,2843 1448,2869 1468,2869 1468,2843"/>
<TextEquiv>
<Unicode>μ</Unicode></TextEquiv></Glyph>
<Glyph id="r11626">
<Coords points="1470,2843 1470,2860 1482,2860 1482,2843"/>
<TextEquiv>
<Unicode>ε</Unicode></TextEquiv></Glyph>
<Glyph id="r11627">
<Coords points="1486,2843 1486,2860 1501,2860 1501,2843"/>
<TextEquiv>
<Unicode>τ</Unicode></TextEquiv></Glyph>
<Glyph id="r11628">
<Coords points="1505,2842 1505,2860 1524,2860 1524,2842"/>
<TextEquiv>
<Unicode>α</Unicode></TextEquiv></Glyph>
<Glyph id="r11629">
<Coords points="1528,2833 1528,2860 1544,2860 1544,2833"/>
<TextEquiv>
<Unicode>β</Unicode></TextEquiv></Glyph>
<Glyph id="r11630">
<Coords points="1548,2836 1548,2863 1571,2863 1571,2836"/>
<TextEquiv>
<Unicode>ῶ</Unicode></TextEquiv></Glyph>
<TextEquiv>
<Unicode>μεταβῶ</Unicode></TextEquiv></Word>
<Word id="r1332">
<Coords points="1618,2832 1620,2833 1637,2843 1642,2844 1641,2846 1640,2865 1637,2866 1630,2864 1602,2860 1601,2845 1603,2844 1606,2844"/>
<Glyph id="r11631">
<Coords points="1601,2844 1601,2861 1614,2861 1614,2844"/>
<TextEquiv>
<Unicode>ε</Unicode></TextEquiv></Glyph>
<Glyph id="r11632">
<Coords points="1617,2833 1617,2861 1626,2861 1626,2833"/>
<TextEquiv>
<Unicode>ἰ</Unicode></TextEquiv></Glyph>
<Glyph id="r11633">
<Coords points="1630,2844 1630,2870 1644,2870 1644,2844"/>
<TextEquiv>
<Unicode>ς</Unicode></TextEquiv></Glyph>
<TextEquiv>
<Unicode>εἰς</Unicode></TextEquiv></Word>
<Word id="r1334">
<Coords points="1802,2832 1815,2843 1818,2844 1858,2844 1857,2864 1856,2866 1852,2867 1754,2869 1750,2869 1745,2868 1675,2867 1677,2830 1790,2843 1800,2833"/>
<Glyph id="r11634">
<Coords points="1679,2832 1679,2861 1711,2861 1711,2832"/>
<TextEquiv>
<Unicode>Π</Unicode></TextEquiv></Glyph>
<Glyph id="r11635">
<Coords points="1720,2843 1720,2861 1738,2861 1738,2843"/>
<TextEquiv>
<Unicode>α</Unicode></TextEquiv></Glyph>
<Glyph id="r11636">
<Coords points="1743,2843 1743,2868 1751,2873 1759,2868 1759,2843"/>
<TextEquiv>
<Unicode>ρ</Unicode></TextEquiv></Glyph>
<Glyph id="r11637">
<Coords points="1764,2844 1764,2861 1772,2861 1772,2844"/>
<TextEquiv>
<Unicode>ι</Unicode></TextEquiv></Glyph>
<Glyph id="r11638">
<Coords points="1777,2844 1777,2861 1792,2861 1792,2844"/>
<TextEquiv>
<Unicode>σ</Unicode></TextEquiv></Glyph>
<Glyph id="r11639">
<Coords points="1798,2833 1798,2861 1806,2861 1806,2833"/>
<TextEquiv>
<Unicode>ί</Unicode></TextEquiv></Glyph>
<Glyph id="r11640">
<Coords points="1810,2843 1810,2861 1823,2864 1820,2843"/>
<TextEquiv>
<Unicode>ο</Unicode></TextEquiv></Glyph>
<Glyph id="r11641">
<Coords points="1824,2844 1824,2861 1843,2861 1843,2844"/>
<TextEquiv>
<Unicode>υ</Unicode></TextEquiv></Glyph>
<Glyph id="r11642">
<Coords points="1846,2844 1846,2869 1859,2869 1859,2844"/>
<TextEquiv>
<Unicode>ς</Unicode></TextEquiv></Glyph>
<TextEquiv>
<Unicode>Παρισίους</Unicode></TextEquiv></Word>
<Word id="r1335">
<Coords points="1938,2832 1940,2833 1973,2843 1969,2871 1926,2868 1914,2870 1899,2862 1891,2860 1890,2858 1891,2851 1892,2845 1907,2844 1926,2844"/>
<Glyph id="r11643">
<Coords points="1890,2844 1890,2862 1908,2862 1908,2844"/>
<TextEquiv>
<Unicode>π</Unicode></TextEquiv></Glyph>
<Glyph id="r11644">
<Coords points="1915,2844 1915,2869 1920,2874 1928,2869 1928,2844"/>
<TextEquiv>
<Unicode>ρ</Unicode></TextEquiv></Glyph>
<Glyph id="r11645">
<Coords points="1934,2833 1934,2862 1948,2862 1948,2833"/>
<TextEquiv>
<Unicode>ὸ</Unicode></TextEquiv></Glyph>
<Glyph id="r11646">
<Coords points="1953,2844 1953,2868 1966,2868 1966,2844"/>
<TextEquiv>
<Unicode>ς</Unicode></TextEquiv></Glyph>
<TextEquiv>
<Unicode>πρὸς</Unicode></TextEquiv></Word>
<Word id="r1336">
<Coords points="2040,2832 2052,2844 2098,2844 2136,2846 2134,2852 2132,2856 2129,2860 2012,2872 1997,2861 1995,2860 1995,2846 1996,2844 1997,2833 2039,2833"/>
<Glyph id="r11647">
<Coords points="1995,2833 1995,2862 2006,2862 2006,2833"/>
<TextEquiv>
<Unicode>ἐ</Unicode></TextEquiv></Glyph>
<Glyph id="r11648">
<Coords points="2010,2833 2010,2868 2027,2868 2027,2833"/>
<TextEquiv>
<Unicode>ξ</Unicode></TextEquiv></Glyph>
<Glyph id="r11649">
<Coords points="2032,2833 2032,2862 2044,2862 2044,2833"/>
<TextEquiv>
<Unicode>έ</Unicode></TextEquiv></Glyph>
<Glyph id="r11650">
<Coords points="2048,2844 2048,2862 2065,2862 2065,2844"/>
<TextEquiv>
<Unicode>τ</Unicode></TextEquiv></Glyph>
<Glyph id="r11651">
<Coords points="2067,2844 2067,2861 2085,2861 2085,2844"/>
<TextEquiv>
<Unicode>α</Unicode></TextEquiv></Glyph>
<Glyph id="r11652">
<Coords points="2090,2845 2090,2862 2105,2862 2105,2845"/>
<TextEquiv>
<Unicode>σ</Unicode></TextEquiv></Glyph>
<Glyph id="r11653">
<Coords points="2111,2845 2111,2861 2119,2861 2119,2845"/>
<TextEquiv>
<Unicode>ι</Unicode></TextEquiv></Glyph>
<Glyph id="r11654">
<Coords points="2121,2846 2121,2861 2139,2861 2139,2846"/>
<TextEquiv>
<Unicode>ν</Unicode></TextEquiv></Glyph>
<TextEquiv>
<Unicode>ἐξέτασιν</Unicode></TextEquiv></Word>
<Word id="r1337">
<Coords points="2192,2834 2197,2835 2216,2844 2232,2840 2231,2850 2228,2864 2171,2860 2168,2851 2166,2846 2179,2845"/>
<Glyph id="r11655">
<Coords points="2166,2844 2166,2860 2179,2864 2182,2860 2182,2844"/>
<TextEquiv>
<Unicode>τ</Unicode></TextEquiv></Glyph>
<Glyph id="r11656">
<Coords points="2184,2835 2184,2862 2206,2862 2206,2835"/>
<TextEquiv>
<Unicode>ῶ</Unicode></TextEquiv></Glyph>
<Glyph id="r11657">
<Coords points="2210,2844 2210,2861 2226,2861 2226,2844"/>
<TextEquiv>
<Unicode>ν</Unicode></TextEquiv></Glyph>
<TextEquiv>
<Unicode>τῶν</Unicode></TextEquiv></Word>
<TextEquiv>
<Unicode>βερνήσεως νὰ μεταβῶ εἰς Παρισίους πρὸς ἐξέτασιν τῶν</Unicode></TextEquiv></TextLine>
<TextLine id="r215">
<Coords points="1320,2877 1545,2877 1546,2878 2075,2878 2076,2879 2201,2879 2212,2890 2225,2890 2225,2901 2218,2906 2201,2906 2200,2907 2189,2907 2188,2908 2117,2908 2115,2910 2115,2911 2114,2912 2112,2912 2111,2913 2110,2913 2109,2914 2015,2914 2014,2915 1997,2915 1996,2916 1995,2916 1994,2915 1324,2915 1316,2907 1180,2907 1177,2904 1177,2902 1176,2901 1176,2898 1177,2897 1177,2894 1178,2893 1178,2880 1179,2880 1180,2879 1318,2879"/>
<Word id="r1338">
<Coords points="1320,2877 1338,2888 1346,2889 1391,2889 1390,2892 1388,2894 1387,2897 1386,2899 1384,2902 1383,2906 1329,2910 1324,2914 1316,2906 1178,2905 1176,2901 1176,2897 1177,2893 1178,2880 1180,2879 1318,2879"/>
<Glyph id="r11658">
<Coords points="1176,2879 1176,2905 1185,2909 1191,2905 1191,2879"/>
<TextEquiv>
<Unicode>δ</Unicode></TextEquiv></Glyph>
<Glyph id="r11659">
<Coords points="1195,2890 1195,2905 1213,2911 1211,2890"/>
<TextEquiv>
<Unicode>υ</Unicode></TextEquiv></Glyph>
<Glyph id="r11661">
<Coords points="1216,2889 1216,2905 1229,2910 1232,2889"/>
<TextEquiv>
<Unicode>ν</Unicode></TextEquiv></Glyph>
<Glyph id="r11662">
<Coords points="1236,2889 1236,2905 1244,2912 1251,2905 1251,2889"/>
<TextEquiv>
<Unicode>α</Unicode></TextEquiv></Glyph>
<Glyph id="r11663">
<Coords points="1255,2889 1255,2905 1269,2905 1269,2889"/>
<TextEquiv>
<Unicode>τ</Unicode></TextEquiv></Glyph>
<Glyph id="r11664">
<Coords points="1273,2889 1273,2905 1287,2905 1287,2889"/>
<TextEquiv>
<Unicode>ο</Unicode></TextEquiv></Glyph>
<Glyph id="r11666">
<Coords points="1331,2889 1331,2906 1346,2906 1346,2889"/>
<TextEquiv>
<Unicode>τ</Unicode></TextEquiv></Glyph>
<Glyph id="r11667">
<Coords points="1349,2889 1349,2907 1371,2907 1371,2889"/>
<TextEquiv>
<Unicode>ω</Unicode></TextEquiv></Glyph>
<Glyph id="r11668">
<Coords points="1377,2889 1377,2908 1394,2908 1394,2889"/>
<TextEquiv>
<Unicode>ν</Unicode></TextEquiv></Glyph>
<Glyph id="r16278">
<Coords points="1309,2878 1309,2912 1326,2912 1326,2878"/>
<TextEquiv>
<Unicode>ή</Unicode></TextEquiv></Glyph>
<Glyph id="r16279">
<Coords points="1291,2888 1291,2905 1307,2905 1307,2888"/>
<TextEquiv>
<Unicode>τ</Unicode></TextEquiv></Glyph>
<TextEquiv>
<Unicode>δυνατοτήτων</Unicode></TextEquiv></Word>
<Word id="r1339">
<Coords points="1544,2877 1555,2888 1610,2889 1609,2891 1608,2908 1607,2910 1601,2912 1552,2915 1556,2910 1421,2904 1415,2897 1422,2891 1435,2889 1532,2889"/>
<Glyph id="r11669">
<Coords points="1421,2890 1421,2907 1434,2907 1434,2890"/>
<TextEquiv>
<Unicode>σ</Unicode></TextEquiv></Glyph>
<Glyph id="r11670">
<Coords points="1436,2889 1436,2905 1451,2905 1451,2889"/>
<TextEquiv>
<Unicode>τ</Unicode></TextEquiv></Glyph>
<Glyph id="r11671">
<Coords points="1456,2889 1456,2906 1468,2906 1468,2889"/>
<TextEquiv>
<Unicode>ε</Unicode></TextEquiv></Glyph>
<Glyph id="r11672">
<Coords points="1473,2889 1473,2906 1487,2906 1487,2889"/>
<TextEquiv>
<Unicode>ν</Unicode></TextEquiv></Glyph>
<Glyph id="r11673">
<Coords points="1491,2889 1491,2907 1513,2907 1513,2889"/>
<TextEquiv>
<Unicode>ω</Unicode></TextEquiv></Glyph>
<Glyph id="r11674">
<Coords points="1518,2889 1518,2906 1533,2906 1533,2889"/>
<TextEquiv>
<Unicode>τ</Unicode></TextEquiv></Glyph>
<Glyph id="r11675">
<Coords points="1536,2878 1536,2907 1548,2907 1548,2878"/>
<TextEquiv>
<Unicode>έ</Unicode></TextEquiv></Glyph>
<Glyph id="r11676">
<Coords points="1555,2889 1555,2914 1569,2914 1569,2889"/>
<TextEquiv>
<Unicode>ρ</Unicode></TextEquiv></Glyph>
<Glyph id="r11677">
<Coords points="1576,2889 1576,2906 1593,2906 1593,2889"/>
<TextEquiv>
<Unicode>α</Unicode></TextEquiv></Glyph>
<Glyph id="r11678">
<Coords points="1595,2889 1595,2914 1610,2914 1610,2889"/>
<TextEquiv>
<Unicode>ς</Unicode></TextEquiv></Glyph>
<TextEquiv>
<Unicode>στενωτέρας</Unicode></TextEquiv></Word>
<Word id="r1340">
<Coords points="1681,2879 1837,2879 1852,2888 1857,2889 1856,2891 1855,2909 1854,2911 1852,2912 1840,2913 1769,2916 1667,2906 1665,2905 1663,2902 1662,2893 1664,2890 1671,2889"/>
<Glyph id="r11680">
<Coords points="1691,2889 1691,2906 1711,2906 1711,2889"/>
<TextEquiv>
<Unicode>κ</Unicode></TextEquiv></Glyph>
<Glyph id="r11682">
<Coords points="1750,2889 1750,2906 1764,2906 1764,2889"/>
<TextEquiv>
<Unicode>ο</Unicode></TextEquiv></Glyph>
<Glyph id="r11684">
<Coords points="1769,2889 1769,2915 1789,2915 1789,2889"/>
<TextEquiv>
<Unicode>μ</Unicode></TextEquiv></Glyph>
<Glyph id="r11685">
<Coords points="1792,2889 1792,2906 1796,2906 1796,2889"/>
<TextEquiv>
<Unicode>ι</Unicode></TextEquiv></Glyph>
<Glyph id="r11686">
<Coords points="1801,2889 1804,2908 1819,2906 1819,2889"/>
<TextEquiv>
<Unicode>κ</Unicode></TextEquiv></Glyph>
<Glyph id="r11688">
<Coords points="1845,2889 1845,2914 1857,2914 1857,2889"/>
<TextEquiv>
<Unicode>ς</Unicode></TextEquiv></Glyph>
<Glyph id="r11689">
<Coords points="1820,2879 1820,2912 1841,2915 1840,2879"/>
<TextEquiv>
<Unicode>ῆ</Unicode></TextEquiv></Glyph>
<Glyph id="r16280">
<Coords points="1682,2879 1682,2907 1687,2907 1687,2879"/>
<TextEquiv>
<Unicode>ἰ</Unicode></TextEquiv></Glyph>
<Glyph id="r16281">
<Coords points="1662,2889 1662,2906 1671,2909 1679,2906 1679,2889"/>
<TextEquiv>
<Unicode>ο</Unicode></TextEquiv></Glyph>
<Glyph id="r16282">
<Coords points="1713,2889 1713,2907 1730,2907 1730,2889"/>
<TextEquiv>
<Unicode>ο</Unicode></TextEquiv></Glyph>
<Glyph id="r16283">
<Coords points="1732,2889 1732,2906 1748,2906 1748,2889"/>
<TextEquiv>
<Unicode>ν</Unicode></TextEquiv></Glyph>
<TextEquiv>
<Unicode>οἰκονομικῆς</Unicode></TextEquiv></Word>
<Word id="r1341">
<Coords points="2074,2878 2085,2889 2116,2889 2115,2890 2118,2917 2013,2913 1995,2914 1993,2914 1982,2911 1970,2907 1911,2906 1909,2903 1908,2899 1908,2895 1910,2892 1913,2890 1923,2889 2022,2881 2064,2888"/>
<Glyph id="r11692">
<Coords points="1966,2890 1966,2907 1978,2907 1978,2890"/>
<TextEquiv>
<Unicode>ε</Unicode></TextEquiv></Glyph>
<Glyph id="r11693">
<Coords points="1985,2889 1985,2913 1991,2918 2000,2913 2000,2889"/>
<TextEquiv>
<Unicode>ρ</Unicode></TextEquiv></Glyph>
<Glyph id="r11695">
<Coords points="2027,2889 2027,2907 2046,2907 2046,2889"/>
<TextEquiv>
<Unicode>α</Unicode></TextEquiv></Glyph>
<Glyph id="r11696">
<Coords points="2050,2888 2050,2907 2068,2907 2068,2888"/>
<TextEquiv>
<Unicode>σ</Unicode></TextEquiv></Glyph>
<Glyph id="r11697">
<Coords points="2071,2879 2071,2906 2079,2906 2079,2879"/>
<TextEquiv>
<Unicode>ί</Unicode></TextEquiv></Glyph>
<Glyph id="r11699">
<Coords points="2082,2889 2082,2907 2100,2907 2100,2889"/>
<TextEquiv>
<Unicode>α</Unicode></TextEquiv></Glyph>
<Glyph id="r11700">
<Coords points="2104,2890 2104,2914 2116,2914 2116,2890"/>
<TextEquiv>
<Unicode>ς</Unicode></TextEquiv></Glyph>
<Glyph id="r16284">
<Coords points="1908,2889 1908,2906 1925,2906 1925,2889"/>
<TextEquiv>
<Unicode>σ</Unicode></TextEquiv></Glyph>
<Glyph id="r16285">
<Coords points="1927,2889 1927,2906 1943,2906 1943,2889"/>
<TextEquiv>
<Unicode>υ</Unicode></TextEquiv></Glyph>
<Glyph id="r16288">
<Coords points="2005,2889 2005,2913 2021,2913 2021,2889"/>
<TextEquiv>
<Unicode>γ</Unicode></TextEquiv></Glyph>
<Glyph id="r16290">
<Coords points="1948,2890 1948,2906 1961,2906 1961,2890"/>
<TextEquiv>
<Unicode>ν</Unicode></TextEquiv></Glyph>
<TextEquiv>
<Unicode>συνεργασίας</Unicode></TextEquiv></Word>
<Word id="r1342">
<Coords points="2192,2879 2197,2880 2227,2885 2230,2886 2233,2895 2233,2900 2218,2911 2198,2905 2188,2906 2173,2906 2167,2896 2167,2892 2170,2891 2179,2891"/>
<Glyph id="r11701">
<Coords points="2167,2891 2167,2908 2181,2908 2181,2891"/>
<TextEquiv>
<Unicode>τ</Unicode></TextEquiv></Glyph>
<Glyph id="r11702">
<Coords points="2182,2880 2182,2908 2206,2908 2206,2880"/>
<TextEquiv>
<Unicode>ῶ</Unicode></TextEquiv></Glyph>
<Glyph id="r11703">
<Coords points="2208,2890 2208,2906 2225,2906 2225,2890"/>
<TextEquiv>
<Unicode>ν</Unicode></TextEquiv></Glyph>
<TextEquiv>
<Unicode>τῶν</Unicode></TextEquiv></Word>
<TextEquiv>
<Unicode>δυνατοτήτων στενωτέρας οἰκονομικῆς συνεργασίας τῶν</Unicode></TextEquiv></TextLine>
<TextLine id="r216">
<Coords points="1483,2922 2181,2922 2193,2934 2220,2934 2221,2935 2223,2935 2225,2952 2224,2959 1835,2955 1834,2956 1833,2956 1832,2957 1830,2957 1829,2958 1735,2958 1733,2960 1324,2960 1323,2959 1318,2959 1312,2953 1221,2953 1220,2952 1180,2952 1179,2951 1179,2949 1178,2948 1178,2942 1177,2941 1177,2926 1178,2925 1180,2925 1181,2924 1253,2924 1254,2923 1482,2923"/>
<Word id="r1343">
<Coords points="1181,2924 1207,2924 1220,2934 1225,2935 1228,2938 1229,2941 1229,2943 1228,2945 1226,2951 1219,2951 1179,2950 1178,2945 1177,2933 1179,2925"/>
<Glyph id="r11704">
<Coords points="1177,2924 1177,2950 1184,2955 1190,2950 1190,2924"/>
<TextEquiv>
<Unicode>δ</Unicode></TextEquiv></Glyph>
<Glyph id="r11705">
<Coords points="1195,2924 1195,2954 1211,2954 1211,2924"/>
<TextEquiv>
<Unicode>ύ</Unicode></TextEquiv></Glyph>
<Glyph id="r11706">
<Coords points="1215,2935 1215,2954 1230,2954 1230,2935"/>
<TextEquiv>
<Unicode>ο</Unicode></TextEquiv></Glyph>
<TextEquiv>
<Unicode>δύο</Unicode></TextEquiv></Word>
<Word id="r1344">
<Coords points="1254,2923 1342,2923 1345,2924 1350,2925 1366,2934 1385,2931 1394,2945 1391,2951 1388,2952 1387,2958 1387,2961 1332,2951 1323,2959 1317,2957 1312,2952 1289,2951 1255,2951 1255,2924"/>
<Glyph id="r11707">
<Coords points="1254,2923 1254,2950 1271,2954 1280,2950 1280,2923"/>
<TextEquiv>
<Unicode>Χ</Unicode></TextEquiv></Glyph>
<Glyph id="r11708">
<Coords points="1285,2934 1285,2951 1297,2955 1307,2951 1307,2934"/>
<TextEquiv>
<Unicode>ω</Unicode></TextEquiv></Glyph>
<Glyph id="r11709">
<Coords points="1314,2933 1314,2958 1329,2958 1329,2933"/>
<TextEquiv>
<Unicode>ρ</Unicode></TextEquiv></Glyph>
<Glyph id="r11710">
<Coords points="1333,2924 1333,2951 1358,2951 1358,2924"/>
<TextEquiv>
<Unicode>ῶ</Unicode></TextEquiv></Glyph>
<Glyph id="r11711">
<Coords points="1361,2934 1361,2951 1375,2951 1375,2934"/>
<TextEquiv>
<Unicode>ν</Unicode></TextEquiv></Glyph>
<Glyph id="r16293">
<Coords points="1381,2948 1381,2958 1385,2958 1385,2948"/>
<TextEquiv>
<Unicode>,</Unicode></TextEquiv></Glyph>
<TextEquiv>
<Unicode>Χωρῶν,</Unicode></TextEquiv></Word>
<Word id="r1346">
<Coords points="1483,2922 1534,2924 1545,2929 1556,2933 1581,2934 1580,2935 1579,2940 1578,2944 1576,2947 1574,2949 1557,2950 1545,2954 1539,2957 1509,2958 1432,2955 1414,2951 1413,2950 1412,2942 1415,2923 1482,2923"/>
<Glyph id="r11713">
<Coords points="1412,2923 1412,2952 1423,2952 1423,2923"/>
<TextEquiv>
<Unicode>ἐ</Unicode></TextEquiv></Glyph>
<Glyph id="r11714">
<Coords points="1428,2934 1428,2961 1444,2961 1444,2934"/>
<TextEquiv>
<Unicode>γ</Unicode></TextEquiv></Glyph>
<Glyph id="r11715">
<Coords points="1450,2934 1450,2951 1464,2951 1464,2934"/>
<TextEquiv>
<Unicode>ν</Unicode></TextEquiv></Glyph>
<Glyph id="r11716">
<Coords points="1468,2923 1468,2952 1491,2952 1491,2923"/>
<TextEquiv>
<Unicode>ώ</Unicode></TextEquiv></Glyph>
<Glyph id="r11717">
<Coords points="1498,2933 1498,2961 1513,2961 1513,2933"/>
<TextEquiv>
<Unicode>ρ</Unicode></TextEquiv></Glyph>
<Glyph id="r11718">
<Coords points="1520,2934 1520,2951 1527,2951 1527,2934"/>
<TextEquiv>
<Unicode>ι</Unicode></TextEquiv></Glyph>
<Glyph id="r11719">
<Coords points="1530,2924 1530,2960 1545,2960 1545,2924"/>
<TextEquiv>
<Unicode>ζ</Unicode></TextEquiv></Glyph>
<Glyph id="r11720">
<Coords points="1548,2933 1548,2951 1563,2951 1563,2933"/>
<TextEquiv>
<Unicode>ο</Unicode></TextEquiv></Glyph>
<Glyph id="r11721">
<Coords points="1567,2934 1567,2951 1583,2951 1583,2934"/>
<TextEquiv>
<Unicode>ν</Unicode></TextEquiv></Glyph>
<TextEquiv>
<Unicode>ἐγνώριζον</Unicode></TextEquiv></Word>
<Word id="r1347">
<Coords points="1620,2922 1635,2933 1643,2934 1662,2929 1651,2947 1649,2951 1609,2950 1608,2948 1608,2937 1610,2924 1619,2923"/>
<Glyph id="r11722">
<Coords points="1608,2923 1608,2950 1621,2950 1621,2923"/>
<TextEquiv>
<Unicode>ὅ</Unicode></TextEquiv></Glyph>
<Glyph id="r11723">
<Coords points="1625,2934 1625,2950 1639,2950 1639,2934"/>
<TextEquiv>
<Unicode>τ</Unicode></TextEquiv></Glyph>
<Glyph id="r11724">
<Coords points="1645,2934 1645,2952 1652,2952 1652,2934"/>
<TextEquiv>
<Unicode>ι</Unicode></TextEquiv></Glyph>
<TextEquiv>
<Unicode>ὅτι</Unicode></TextEquiv></Word>
<Word id="r1348">
<Coords points="1749,2922 1751,2923 1753,2929 1758,2940 1760,2948 1760,2949 1758,2950 1733,2951 1730,2959 1721,2952 1678,2951 1677,2943 1678,2935 1680,2934 1703,2933 1738,2933"/>
<Glyph id="r11725">
<Coords points="1677,2934 1677,2951 1695,2951 1695,2934"/>
<TextEquiv>
<Unicode>π</Unicode></TextEquiv></Glyph>
<Glyph id="r11726">
<Coords points="1700,2933 1700,2951 1716,2951 1716,2933"/>
<TextEquiv>
<Unicode>α</Unicode></TextEquiv></Glyph>
<Glyph id="r11727">
<Coords points="1723,2933 1723,2958 1736,2963 1737,2933"/>
<TextEquiv>
<Unicode>ρ</Unicode></TextEquiv></Glyph>
<Glyph id="r11728">
<Coords points="1743,2923 1743,2950 1759,2950 1759,2923"/>
<TextEquiv>
<Unicode>ὰ</Unicode></TextEquiv></Glyph>
<TextEquiv>
<Unicode>παρὰ</Unicode></TextEquiv></Word>
<Word id="r1349">
<Coords points="1810,2922 1821,2933 1837,2933 1836,2935 1835,2954 1829,2955 1828,2957 1821,2951 1790,2950 1787,2940 1791,2935"/>
<Glyph id="r11729">
<Coords points="1790,2935 1783,2932 1786,2951 1799,2954 1796,2935"/>
<TextEquiv>
<Unicode>τ</Unicode></TextEquiv></Glyph>
<Glyph id="r11730">
<Coords points="1803,2923 1803,2950 1821,2950 1821,2923"/>
<TextEquiv>
<Unicode>ὰ</Unicode></TextEquiv></Glyph>
<Glyph id="r11731">
<Coords points="1824,2934 1824,2958 1837,2958 1837,2934"/>
<TextEquiv>
<Unicode>ς</Unicode></TextEquiv></Glyph>
<TextEquiv>
<Unicode>τὰς</Unicode></TextEquiv></Word>
<Word id="r1350">
<Coords points="1906,2922 1908,2923 2011,2923 2014,2924 2029,2934 2034,2935 2033,2955 2032,2956 2026,2954 1864,2951 1863,2944 1873,2935 1887,2934"/>
<Glyph id="r11732">
<Coords points="1863,2935 1863,2951 1881,2951 1881,2935"/>
<TextEquiv>
<Unicode>π</Unicode></TextEquiv></Glyph>
<Glyph id="r11733">
<Coords points="1885,2934 1885,2951 1899,2951 1899,2934"/>
<TextEquiv>
<Unicode>ο</Unicode></TextEquiv></Glyph>
<Glyph id="r11734">
<Coords points="1903,2923 1903,2950 1918,2950 1918,2923"/>
<TextEquiv>
<Unicode>λ</Unicode></TextEquiv></Glyph>
<Glyph id="r11735">
<Coords points="1921,2923 1921,2951 1935,2951 1935,2923"/>
<TextEquiv>
<Unicode>λ</Unicode></TextEquiv></Glyph>
<Glyph id="r11736">
<Coords points="1939,2934 1939,2951 1957,2951 1957,2934"/>
<TextEquiv>
<Unicode>α</Unicode></TextEquiv></Glyph>
<Glyph id="r11737">
<Coords points="1961,2934 1961,2952 1979,2952 1979,2934"/>
<TextEquiv>
<Unicode>π</Unicode></TextEquiv></Glyph>
<Glyph id="r11738">
<Coords points="1983,2923 1983,2951 1997,2951 1997,2923"/>
<TextEquiv>
<Unicode>λ</Unicode></TextEquiv></Glyph>
<Glyph id="r11739">
<Coords points="2001,2923 2001,2950 2020,2950 2020,2923"/>
<TextEquiv>
<Unicode>ᾶ</Unicode></TextEquiv></Glyph>
<Glyph id="r11740">
<Coords points="2023,2935 2023,2959 2035,2959 2035,2935"/>
<TextEquiv>
<Unicode>ς</Unicode></TextEquiv></Glyph>
<TextEquiv>
<Unicode>πολλαπλᾶς</Unicode></TextEquiv></Word>
<Word id="r1351">
<Coords points="2161,2923 2181,2923 2192,2934 2228,2934 2232,2942 2233,2952 2231,2955 2230,2956 2228,2957 2212,2955 2064,2950 2056,2949 2057,2930 2063,2924 2160,2924"/>
<Glyph id="r11741">
<Coords points="2062,2924 2062,2952 2076,2952 2076,2924"/>
<TextEquiv>
<Unicode>δ</Unicode></TextEquiv></Glyph>
<Glyph id="r11742">
<Coords points="2079,2934 2079,2950 2096,2950 2096,2934"/>
<TextEquiv>
<Unicode>υ</Unicode></TextEquiv></Glyph>
<Glyph id="r11743">
<Coords points="2102,2934 2102,2951 2117,2951 2117,2934"/>
<TextEquiv>
<Unicode>σ</Unicode></TextEquiv></Glyph>
<Glyph id="r11744">
<Coords points="2121,2934 2121,2951 2137,2951 2137,2934"/>
<TextEquiv>
<Unicode>κ</Unicode></TextEquiv></Glyph>
<Glyph id="r11745">
<Coords points="2141,2934 2141,2952 2156,2952 2156,2934"/>
<TextEquiv>
<Unicode>ο</Unicode></TextEquiv></Glyph>
<Glyph id="r11746">
<Coords points="2159,2923 2159,2951 2173,2951 2173,2923"/>
<TextEquiv>
<Unicode>λ</Unicode></TextEquiv></Glyph>
<Glyph id="r11747">
<Coords points="2178,2924 2178,2951 2186,2951 2186,2924"/>
<TextEquiv>
<Unicode>ί</Unicode></TextEquiv></Glyph>
<Glyph id="r11748">
<Coords points="2190,2934 2190,2951 2209,2951 2209,2934"/>
<TextEquiv>
<Unicode>α</Unicode></TextEquiv></Glyph>
<Glyph id="r11749">
<Coords points="2212,2934 2212,2959 2223,2959 2223,2934"/>
<TextEquiv>
<Unicode>ς</Unicode></TextEquiv></Glyph>
<TextEquiv>
<Unicode>δυσκολίας</Unicode></TextEquiv></Word>
<TextEquiv>
<Unicode>δύο Χωρῶν, ἐγνώριζον ὅτι παρὰ τὰς πολλαπλᾶς δυσκολίας</Unicode></TextEquiv></TextLine>
<TextLine id="r217">
<Coords points="1492,2967 1944,2967 1945,2968 2106,2968 2107,2969 2200,2969 2227,2980 2220,2996 2192,2996 2191,2997 2038,2997 2037,2998 2037,3000 2036,3000 2034,3002 2033,3002 2032,3003 1988,3003 1985,3006 1226,3006 1218,2998 1182,2998 1181,2997 1180,2997 1180,2996 1179,2995 1179,2983 1178,2982 1178,2980 1179,2980 1181,2978 1181,2971 1182,2970 1182,2969 1390,2969 1391,2968 1491,2968"/>
<Word id="r1352">
<Coords points="1184,2969 1187,2970 1232,2970 1241,2979 1312,2979 1312,2982 1311,2985 1309,2989 1307,2992 1306,2996 1289,2996 1283,2997 1275,3005 1226,3005 1218,2997 1180,2996 1178,2982 1178,2980 1181,2974 1182,2970"/>
<Glyph id="r11750">
<Coords points="1178,2970 1178,2996 1192,3002 1191,2970"/>
<TextEquiv>
<Unicode>ὑ</Unicode></TextEquiv></Glyph>
<Glyph id="r11752">
<Coords points="1194,2980 1194,2996 1202,3001 1213,2996 1213,2980"/>
<TextEquiv>
<Unicode>π</Unicode></TextEquiv></Glyph>
<Glyph id="r11753">
<Coords points="1217,2970 1217,3004 1234,3004 1234,2970"/>
<TextEquiv>
<Unicode>ῆ</Unicode></TextEquiv></Glyph>
<Glyph id="r11755">
<Coords points="1281,2979 1281,2996 1294,2996 1294,2979"/>
<TextEquiv>
<Unicode>ο</Unicode></TextEquiv></Glyph>
<Glyph id="r11756">
<Coords points="1299,2979 1299,2996 1316,2996 1316,2979"/>
<TextEquiv>
<Unicode>ν</Unicode></TextEquiv></Glyph>
<Glyph id="r16294">
<Coords points="1241,2979 1241,3004 1251,3008 1256,3004 1256,2979"/>
<TextEquiv>
<Unicode>ρ</Unicode></TextEquiv></Glyph>
<Glyph id="r16295">
<Coords points="1258,2979 1258,3004 1279,3008 1276,2979"/>
<TextEquiv>
<Unicode>χ</Unicode></TextEquiv></Glyph>
<TextEquiv>
<Unicode>ὑπῆρχον</Unicode></TextEquiv></Word>
<Word id="r1353">
<Coords points="1492,2967 1504,2978 1561,2978 1560,2980 1559,2998 1558,3001 1554,3003 1437,3005 1429,2997 1350,2995 1349,2992 1343,2982 1345,2980 1347,2979 1380,2979 1391,2968 1491,2968"/>
<Glyph id="r11757">
<Coords points="1343,2979 1343,2995 1352,3001 1358,2995 1358,2979"/>
<TextEquiv>
<Unicode>τ</Unicode></TextEquiv></Glyph>
<Glyph id="r11758">
<Coords points="1363,2979 1363,2995 1382,2995 1382,2979"/>
<TextEquiv>
<Unicode>α</Unicode></TextEquiv></Glyph>
<Glyph id="r11759">
<Coords points="1404,2978 1404,2996 1418,2996 1418,2978"/>
<TextEquiv>
<Unicode>τ</Unicode></TextEquiv></Glyph>
<Glyph id="r11760">
<Coords points="1422,2978 1422,2997 1436,2997 1436,2978"/>
<TextEquiv>
<Unicode>ο</Unicode></TextEquiv></Glyph>
<Glyph id="r11761">
<Coords points="1438,2979 1438,3004 1456,3004 1456,2979"/>
<TextEquiv>
<Unicode>χ</Unicode></TextEquiv></Glyph>
<Glyph id="r11762">
<Coords points="1462,2979 1462,3004 1478,3004 1478,2979"/>
<TextEquiv>
<Unicode>ρ</Unicode></TextEquiv></Glyph>
<Glyph id="r11763">
<Coords points="1483,2968 1483,2997 1497,2997 1497,2968"/>
<TextEquiv>
<Unicode>ό</Unicode></TextEquiv></Glyph>
<Glyph id="r11764">
<Coords points="1501,2979 1501,2996 1517,2996 1517,2979"/>
<TextEquiv>
<Unicode>ν</Unicode></TextEquiv></Glyph>
<Glyph id="r11765">
<Coords points="1520,2978 1520,2997 1543,2997 1543,2978"/>
<TextEquiv>
<Unicode>ω</Unicode></TextEquiv></Glyph>
<Glyph id="r11766">
<Coords points="1383,2968 1383,2996 1402,2996 1402,2968"/>
<TextEquiv>
<Unicode>ὐ</Unicode></TextEquiv></Glyph>
<Glyph id="r11767">
<Coords points="1549,2979 1549,3006 1563,3006 1563,2979"/>
<TextEquiv>
<Unicode>ς</Unicode></TextEquiv></Glyph>
<TextEquiv>
<Unicode>ταὐτοχρόνως</Unicode></TextEquiv></Word>
<Word id="r1354">
<Coords points="1634,2967 1635,2970 1636,2972 1637,2984 1638,2990 1642,2992 1640,2996 1591,3000 1594,2990 1592,2981 1594,2978 1620,2978 1629,2970"/>
<Glyph id="r11768">
<Coords points="1592,2978 1592,2996 1610,2996 1610,2978"/>
<TextEquiv>
<Unicode>κ</Unicode></TextEquiv></Glyph>
<Glyph id="r11769">
<Coords points="1614,2979 1614,2996 1630,2996 1630,2979"/>
<TextEquiv>
<Unicode>α</Unicode></TextEquiv></Glyph>
<Glyph id="r11770">
<Coords points="1633,2968 1633,2996 1643,2996 1643,2968"/>
<TextEquiv>
<Unicode>ὶ</Unicode></TextEquiv></Glyph>
<TextEquiv>
<Unicode>καὶ</Unicode></TextEquiv></Word>
<Word id="r1355">
<Coords points="1735,2967 1783,2967 1785,2970 1786,2973 1787,2991 1788,2994 1788,2996 1674,2995 1675,2980 1691,2978 1706,2978 1715,2969 1717,2968 1734,2968"/>
<Glyph id="r11771">
<Coords points="1674,2978 1674,2995 1692,2995 1692,2978"/>
<TextEquiv>
<Unicode>π</Unicode></TextEquiv></Glyph>
<Glyph id="r11772">
<Coords points="1696,2978 1696,2995 1711,2995 1711,2978"/>
<TextEquiv>
<Unicode>ο</Unicode></TextEquiv></Glyph>
<Glyph id="r11773">
<Coords points="1715,2968 1715,2995 1729,2995 1729,2968"/>
<TextEquiv>
<Unicode>λ</Unicode></TextEquiv></Glyph>
<Glyph id="r11774">
<Coords points="1732,2967 1732,2995 1746,2995 1746,2967"/>
<TextEquiv>
<Unicode>λ</Unicode></TextEquiv></Glyph>
<Glyph id="r11775">
<Coords points="1750,2978 1750,2995 1767,2995 1767,2978"/>
<TextEquiv>
<Unicode>α</Unicode></TextEquiv></Glyph>
<Glyph id="r11776">
<Coords points="1770,2967 1770,2996 1783,2996 1783,2967"/>
<TextEquiv>
<Unicode>ὶ</Unicode></TextEquiv></Glyph>
<TextEquiv>
<Unicode>πολλαὶ</Unicode></TextEquiv></Word>
<Word id="r1356">
<Coords points="1942,2967 1959,2978 1966,2979 2038,2979 2037,2981 2042,3009 1986,3003 1977,2997 1837,2995 1836,2988 1838,2980 1846,2979 1860,2978 1877,2968 1941,2968"/>
<Glyph id="r11777">
<Coords points="1836,2979 1836,2995 1855,2995 1855,2979"/>
<TextEquiv>
<Unicode>π</Unicode></TextEquiv></Glyph>
<Glyph id="r11778">
<Coords points="1860,2979 1860,2995 1868,2995 1868,2979"/>
<TextEquiv>
<Unicode>ι</Unicode></TextEquiv></Glyph>
<Glyph id="r11779">
<Coords points="1870,2968 1870,2995 1889,2995 1889,2968"/>
<TextEquiv>
<Unicode>θ</Unicode></TextEquiv></Glyph>
<Glyph id="r11780">
<Coords points="1893,2978 1893,2995 1911,2995 1911,2978"/>
<TextEquiv>
<Unicode>α</Unicode></TextEquiv></Glyph>
<Glyph id="r11781">
<Coords points="1914,2979 1914,2996 1929,2996 1929,2979"/>
<TextEquiv>
<Unicode>ν</Unicode></TextEquiv></Glyph>
<Glyph id="r11782">
<Coords points="1933,2968 1933,2996 1948,2996 1948,2968"/>
<TextEquiv>
<Unicode>ό</Unicode></TextEquiv></Glyph>
<Glyph id="r11783">
<Coords points="1952,2979 1952,2996 1965,2996 1965,2979"/>
<TextEquiv>
<Unicode>τ</Unicode></TextEquiv></Glyph>
<Glyph id="r11784">
<Coords points="1968,2979 1968,3003 1987,3003 1987,2979"/>
<TextEquiv>
<Unicode>η</Unicode></TextEquiv></Glyph>
<Glyph id="r11785">
<Coords points="1990,2979 1990,2997 2006,2997 2006,2979"/>
<TextEquiv>
<Unicode>τ</Unicode></TextEquiv></Glyph>
<Glyph id="r11786">
<Coords points="2009,2979 2009,2997 2020,2997 2020,2979"/>
<TextEquiv>
<Unicode>ε</Unicode></TextEquiv></Glyph>
<Glyph id="r11787">
<Coords points="2025,2979 2025,3003 2037,3003 2037,2979"/>
<TextEquiv>
<Unicode>ς</Unicode></TextEquiv></Glyph>
<TextEquiv>
<Unicode>πιθανότητες</Unicode></TextEquiv></Word>
<Word id="r1357">
<Coords points="2104,2968 2106,2969 2193,2969 2200,2970 2226,2981 2233,2982 2232,2985 2231,2989 2229,2992 2228,2995 2100,2995 2099,2992 2095,2984 2100,2973 2101,2970"/>
<Glyph id="r11788">
<Coords points="2095,2969 2095,2994 2116,2994 2116,2969"/>
<TextEquiv>
<Unicode>θ</Unicode></TextEquiv></Glyph>
<Glyph id="r11789">
<Coords points="2118,2979 2118,2998 2131,2998 2131,2979"/>
<TextEquiv>
<Unicode>ε</Unicode></TextEquiv></Glyph>
<Glyph id="r11790">
<Coords points="2133,2979 2133,2998 2148,2998 2148,2979"/>
<TextEquiv>
<Unicode>τ</Unicode></TextEquiv></Glyph>
<Glyph id="r11791">
<Coords points="2153,2979 2153,2997 2162,2997 2162,2979"/>
<TextEquiv>
<Unicode>ι</Unicode></TextEquiv></Glyph>
<Glyph id="r11792">
<Coords points="2162,2979 2162,2997 2180,2997 2180,2979"/>
<TextEquiv>
<Unicode>κ</Unicode></TextEquiv></Glyph>
<Glyph id="r11793">
<Coords points="2183,2969 2183,2998 2206,2998 2206,2969"/>
<TextEquiv>
<Unicode>ῶ</Unicode></TextEquiv></Glyph>
<Glyph id="r11794">
<Coords points="2210,2980 2210,2996 2225,2996 2225,2980"/>
<TextEquiv>
<Unicode>ν</Unicode></TextEquiv></Glyph>
<TextEquiv>
<Unicode>θετικῶν</Unicode></TextEquiv></Word>
<TextEquiv>
<Unicode>ὑπῆρχον ταὐτοχρόνως καὶ πολλαὶ πιθανότητες θετικῶν</Unicode></TextEquiv></TextLine>
<TextLine id="r218">
<Coords points="1454,3012 2133,3012 2134,3013 2178,3013 2181,3016 2185,3016 2193,3024 2224,3024 2224,3028 2220,3042 2201,3041 2200,3042 2191,3042 2186,3047 2040,3047 2036,3051 2034,3051 2033,3052 2032,3051 1877,3051 1876,3050 1405,3050 1398,3043 1182,3043 1181,3042 1181,3041 1180,3040 1180,3029 1179,3028 1179,3026 1187,3026 1188,3025 1293,3025 1294,3024 1294,3014 1295,3013 1453,3013"/>
<Word id="r1359">
<Coords points="1233,3025 1264,3027 1272,3030 1274,3040 1241,3041 1176,3043 1184,3029 1179,3025 1226,3026"/>
<Glyph id="r11796">
<Coords points="1206,3026 1206,3041 1219,3041 1219,3026"/>
<TextEquiv>
<Unicode>ν</Unicode></TextEquiv></Glyph>
<Glyph id="r11797">
<Coords points="1223,3026 1223,3041 1245,3041 1245,3026"/>
<TextEquiv>
<Unicode>ω</Unicode></TextEquiv></Glyph>
<Glyph id="r11799">
<Coords points="1253,3026 1253,3044 1266,3044 1266,3026"/>
<TextEquiv>
<Unicode>ν</Unicode></TextEquiv></Glyph>
<Glyph id="r16296">
<Coords points="1180,3026 1180,3042 1189,3042 1189,3026"/>
<TextEquiv>
<Unicode>τ</Unicode></TextEquiv></Glyph>
<Glyph id="r16297">
<Coords points="1195,3026 1195,3042 1201,3042 1201,3026"/>
<TextEquiv>
<Unicode>ι</Unicode></TextEquiv></Glyph>
<TextEquiv>
<Unicode>τινων</Unicode></TextEquiv></Word>
<Word id="r1360">
<Coords points="1454,3012 1528,3020 1538,3046 1487,3041 1424,3045 1401,3045 1295,3041 1292,3040 1292,3026 1293,3024 1294,3013 1453,3013"/>
<Glyph id="r11800">
<Coords points="1292,3013 1292,3041 1303,3041 1303,3013"/>
<TextEquiv>
<Unicode>ἐ</Unicode></TextEquiv></Glyph>
<Glyph id="r11801">
<Coords points="1308,3024 1308,3042 1326,3042 1326,3024"/>
<TextEquiv>
<Unicode>π</Unicode></TextEquiv></Glyph>
<Glyph id="r11802">
<Coords points="1331,3024 1331,3041 1338,3041 1338,3024"/>
<TextEquiv>
<Unicode>ι</Unicode></TextEquiv></Glyph>
<Glyph id="r11803">
<Coords points="1342,3024 1342,3041 1356,3041 1356,3024"/>
<TextEquiv>
<Unicode>τ</Unicode></TextEquiv></Glyph>
<Glyph id="r11804">
<Coords points="1360,3024 1360,3041 1372,3041 1372,3024"/>
<TextEquiv>
<Unicode>ε</Unicode></TextEquiv></Glyph>
<Glyph id="r11805">
<Coords points="1375,3024 1375,3041 1392,3041 1392,3024"/>
<TextEquiv>
<Unicode>υ</Unicode></TextEquiv></Glyph>
<Glyph id="r11806">
<Coords points="1396,3024 1396,3054 1413,3054 1413,3024"/>
<TextEquiv>
<Unicode>γ</Unicode></TextEquiv></Glyph>
<Glyph id="r11807">
<Coords points="1419,3024 1419,3052 1437,3052 1437,3024"/>
<TextEquiv>
<Unicode>μ</Unicode></TextEquiv></Glyph>
<Glyph id="r11808">
<Coords points="1441,3013 1441,3041 1459,3041 1459,3013"/>
<TextEquiv>
<Unicode>ά</Unicode></TextEquiv></Glyph>
<Glyph id="r11809">
<Coords points="1462,3024 1462,3041 1476,3041 1476,3024"/>
<TextEquiv>
<Unicode>τ</Unicode></TextEquiv></Glyph>
<Glyph id="r11810">
<Coords points="1480,3024 1480,3041 1505,3041 1505,3024"/>
<TextEquiv>
<Unicode>ω</Unicode></TextEquiv></Glyph>
<Glyph id="r11812">
<Coords points="1507,3024 1507,3041 1522,3041 1522,3024"/>
<TextEquiv>
<Unicode>ν</Unicode></TextEquiv></Glyph>
<Glyph id="r16298">
<Coords points="1528,3038 1528,3041 1531,3041 1531,3038"/>
<TextEquiv>
<Unicode>.</Unicode></TextEquiv></Glyph>
<TextEquiv>
<Unicode>ἐπιτευγμάτων.</Unicode></TextEquiv></Word>
<Word id="r1361">
<Coords points="1594,3012 1635,3017 1617,3040 1604,3049 1565,3050 1566,3035 1558,3021 1559,3013 1593,3013"/>
<Glyph id="r11813">
<Coords points="1558,3013 1558,3041 1583,3041 1583,3013"/>
<TextEquiv>
<Unicode>Τ</Unicode></TextEquiv></Glyph>
<Glyph id="r11814">
<Coords points="1588,3013 1588,3048 1605,3048 1605,3013"/>
<TextEquiv>
<Unicode>ὴ</Unicode></TextEquiv></Glyph>
<Glyph id="r11815">
<Coords points="1611,3024 1611,3044 1625,3044 1625,3024"/>
<TextEquiv>
<Unicode>ν</Unicode></TextEquiv></Glyph>
<TextEquiv>
<Unicode>Τὴν</Unicode></TextEquiv></Word>
<Word id="r1362">
<Coords points="1780,3012 1803,3012 1816,3023 1820,3024 1858,3025 1858,3028 1857,3030 1856,3033 1853,3034 1852,3039 1852,3042 1794,3043 1790,3046 1788,3047 1779,3044 1655,3040 1653,3037 1653,3028 1654,3025 1657,3024 1663,3024 1674,3013 1779,3013"/>
<Glyph id="r11816">
<Coords points="1653,3024 1653,3040 1672,3040 1672,3024"/>
<TextEquiv>
<Unicode>α</Unicode></TextEquiv></Glyph>
<Glyph id="r11817">
<Coords points="1674,3013 1674,3040 1685,3040 1685,3013"/>
<TextEquiv>
<Unicode>ἰ</Unicode></TextEquiv></Glyph>
<Glyph id="r11818">
<Coords points="1688,3023 1688,3040 1704,3040 1704,3023"/>
<TextEquiv>
<Unicode>σ</Unicode></TextEquiv></Glyph>
<Glyph id="r11819">
<Coords points="1709,3024 1709,3041 1716,3041 1716,3024"/>
<TextEquiv>
<Unicode>ι</Unicode></TextEquiv></Glyph>
<Glyph id="r11820">
<Coords points="1720,3023 1720,3041 1734,3041 1734,3023"/>
<TextEquiv>
<Unicode>ο</Unicode></TextEquiv></Glyph>
<Glyph id="r11821">
<Coords points="1739,3013 1739,3041 1753,3041 1753,3013"/>
<TextEquiv>
<Unicode>δ</Unicode></TextEquiv></Glyph>
<Glyph id="r11822">
<Coords points="1758,3023 1758,3041 1772,3041 1772,3023"/>
<TextEquiv>
<Unicode>ο</Unicode></TextEquiv></Glyph>
<Glyph id="r11823">
<Coords points="1777,3012 1777,3051 1795,3051 1795,3012"/>
<TextEquiv>
<Unicode>ξ</Unicode></TextEquiv></Glyph>
<Glyph id="r11824">
<Coords points="1799,3012 1799,3040 1809,3040 1809,3012"/>
<TextEquiv>
<Unicode>ί</Unicode></TextEquiv></Glyph>
<Glyph id="r11825">
<Coords points="1811,3024 1811,3040 1829,3040 1829,3024"/>
<TextEquiv>
<Unicode>α</Unicode></TextEquiv></Glyph>
<Glyph id="r11826">
<Coords points="1832,3025 1832,3041 1847,3041 1847,3025"/>
<TextEquiv>
<Unicode>ν</Unicode></TextEquiv></Glyph>
<TextEquiv>
<Unicode>αἰσιοδοξίαν</Unicode></TextEquiv></Word>
<Word id="r1363">
<Coords points="1903,3023 1906,3024 1943,3021 1930,3035 1926,3041 1886,3041 1876,3050 1875,3025 1875,3024 1901,3024"/>
<Glyph id="r11827">
<Coords points="1875,3024 1875,3049 1890,3049 1890,3024"/>
<TextEquiv>
<Unicode>μ</Unicode></TextEquiv></Glyph>
<Glyph id="r11828">
<Coords points="1897,3024 1897,3040 1913,3040 1913,3024"/>
<TextEquiv>
<Unicode>ο</Unicode></TextEquiv></Glyph>
<Glyph id="r11829">
<Coords points="1915,3024 1915,3042 1931,3042 1931,3024"/>
<TextEquiv>
<Unicode>υ</Unicode></TextEquiv></Glyph>
<TextEquiv>
<Unicode>μου</Unicode></TextEquiv></Word>
<Word id="r1364">
<Coords points="2024,3012 2037,3025 2053,3025 2053,3027 2052,3030 2050,3034 2048,3037 2047,3040 2035,3041 2034,3050 2033,3051 2024,3042 1963,3040 1961,3039 1960,3035 1960,3031 1962,3026 1969,3024 1987,3013 2023,3013"/>
<Glyph id="r11830">
<Coords points="1960,3024 1960,3040 1965,3045 1977,3040 1977,3024"/>
<TextEquiv>
<Unicode>α</Unicode></TextEquiv></Glyph>
<Glyph id="r11831">
<Coords points="1980,3013 1980,3041 1999,3041 1999,3013"/>
<TextEquiv>
<Unicode>ὐ</Unicode></TextEquiv></Glyph>
<Glyph id="r11832">
<Coords points="2001,3024 2001,3041 2015,3041 2015,3024"/>
<TextEquiv>
<Unicode>τ</Unicode></TextEquiv></Glyph>
<Glyph id="r11833">
<Coords points="2018,3013 2018,3051 2037,3051 2037,3013"/>
<TextEquiv>
<Unicode>ὴ</Unicode></TextEquiv></Glyph>
<Glyph id="r11834">
<Coords points="2040,3025 2040,3044 2056,3044 2056,3025"/>
<TextEquiv>
<Unicode>ν</Unicode></TextEquiv></Glyph>
<TextEquiv>
<Unicode>αὐτὴν</Unicode></TextEquiv></Word>
<Word id="r1365">
<Coords points="2085,3012 2132,3012 2178,3014 2184,3016 2196,3024 2201,3025 2223,3026 2222,3030 2221,3033 2218,3035 2217,3040 2189,3043 2184,3042 2084,3041 2082,3040 2081,3026 2082,3024 2083,3014"/>
<Glyph id="r11835">
<Coords points="2081,3012 2081,3041 2093,3041 2093,3012"/>
<TextEquiv>
<Unicode>ἐ</Unicode></TextEquiv></Glyph>
<Glyph id="r11836">
<Coords points="2098,3012 2098,3041 2114,3041 2114,3012"/>
<TextEquiv>
<Unicode>β</Unicode></TextEquiv></Glyph>
<Glyph id="r11837">
<Coords points="2119,3013 2119,3041 2138,3041 2138,3013"/>
<TextEquiv>
<Unicode>ά</Unicode></TextEquiv></Glyph>
<Glyph id="r11838">
<Coords points="2142,3024 2142,3041 2158,3041 2158,3024"/>
<TextEquiv>
<Unicode>σ</Unicode></TextEquiv></Glyph>
<Glyph id="r11839">
<Coords points="2163,3024 2163,3041 2169,3041 2169,3024"/>
<TextEquiv>
<Unicode>ι</Unicode></TextEquiv></Glyph>
<Glyph id="r11840">
<Coords points="2173,3014 2173,3051 2189,3051 2189,3014"/>
<TextEquiv>
<Unicode>ζ</Unicode></TextEquiv></Glyph>
<Glyph id="r11841">
<Coords points="2191,3025 2191,3042 2208,3042 2208,3025"/>
<TextEquiv>
<Unicode>ο</Unicode></TextEquiv></Glyph>
<Glyph id="r11842">
<Coords points="2209,3025 2209,3044 2227,3044 2227,3025"/>
<TextEquiv>
<Unicode>ν</Unicode></TextEquiv></Glyph>
<TextEquiv>
<Unicode>ἐβάσιζον</Unicode></TextEquiv></Word>
<TextEquiv>
<Unicode>τινων ἐπιτευγμάτων. Τὴν αἰσιοδοξίαν μου αὐτὴν ἐβάσιζον</Unicode></TextEquiv></TextLine>
<TextLine id="r219">
<Coords points="1811,3056 1812,3056 1813,3057 2116,3057 2117,3058 2224,3053 2232,3090 2191,3103 1965,3091 1961,3095 1335,3095 1335,3094 1334,3093 1334,3089 1333,3088 1179,3088 1178,3087 1178,3079 1175,3076 1176,3076 1178,3074 1178,3071 1179,3070 1179,3059 1432,3059 1434,3057 1810,3057"/>
<Word id="r1366">
<Coords points="1179,3059 1214,3059 1216,3063 1218,3082 1222,3083 1221,3086 1178,3087 1178,3070"/>
<Glyph id="r11843">
<Coords points="1178,3059 1178,3086 1183,3093 1190,3090 1188,3059"/>
<TextEquiv>
<Unicode>ἐ</Unicode></TextEquiv></Glyph>
<Glyph id="r11844">
<Coords points="1193,3070 1192,3089 1204,3092 1210,3086 1210,3070"/>
<TextEquiv>
<Unicode>π</Unicode></TextEquiv></Glyph>
<Glyph id="r11845">
<Coords points="1214,3059 1214,3088 1224,3088 1224,3059"/>
<TextEquiv>
<Unicode>ὶ</Unicode></TextEquiv></Glyph>
<TextEquiv>
<Unicode>ἐπὶ</Unicode></TextEquiv></Word>
<Word id="r1367">
<Coords points="1293,3060 1299,3069 1299,3079 1298,3082 1297,3084 1296,3085 1294,3086 1256,3086 1252,3085 1247,3084 1249,3071 1261,3069 1279,3069"/>
<Glyph id="r11846">
<Coords points="1249,3069 1249,3085 1256,3089 1262,3085 1262,3069"/>
<TextEquiv>
<Unicode>τ</Unicode></TextEquiv></Glyph>
<Glyph id="r11847">
<Coords points="1266,3069 1266,3085 1280,3085 1280,3069"/>
<TextEquiv>
<Unicode>ο</Unicode></TextEquiv></Glyph>
<Glyph id="r11848">
<Coords points="1286,3060 1286,3089 1301,3089 1301,3060"/>
<TextEquiv>
<Unicode>ῦ</Unicode></TextEquiv></Glyph>
<TextEquiv>
<Unicode>τοῦ</Unicode></TextEquiv></Word>
<Word id="r1368">
<Coords points="1434,3057 1446,3068 1493,3070 1503,3083 1504,3086 1503,3088 1501,3091 1500,3093 1334,3093 1330,3077 1328,3070 1392,3068 1423,3068"/>
<Glyph id="r11849">
<Coords points="1328,3070 1328,3092 1344,3097 1343,3070"/>
<TextEquiv>
<Unicode>γ</Unicode></TextEquiv></Glyph>
<Glyph id="r11850">
<Coords points="1348,3070 1348,3087 1360,3087 1360,3070"/>
<TextEquiv>
<Unicode>ε</Unicode></TextEquiv></Glyph>
<Glyph id="r11851">
<Coords points="1365,3069 1365,3092 1381,3097 1382,3069"/>
<TextEquiv>
<Unicode>γ</Unicode></TextEquiv></Glyph>
<Glyph id="r11853">
<Coords points="1389,3068 1389,3086 1400,3086 1400,3068"/>
<TextEquiv>
<Unicode>ο</Unicode></TextEquiv></Glyph>
<Glyph id="r11854">
<Coords points="1405,3069 1405,3086 1420,3086 1420,3069"/>
<TextEquiv>
<Unicode>ν</Unicode></TextEquiv></Glyph>
<Glyph id="r11855">
<Coords points="1425,3058 1425,3087 1439,3087 1439,3058"/>
<TextEquiv>
<Unicode>ό</Unicode></TextEquiv></Glyph>
<Glyph id="r11856">
<Coords points="1443,3069 1443,3086 1457,3086 1457,3069"/>
<TextEquiv>
<Unicode>τ</Unicode></TextEquiv></Glyph>
<Glyph id="r11857">
<Coords points="1461,3069 1461,3087 1476,3087 1476,3069"/>
<TextEquiv>
<Unicode>ο</Unicode></TextEquiv></Glyph>
<Glyph id="r16308">
<Coords points="1480,3070 1480,3092 1492,3092 1492,3070"/>
<TextEquiv>
<Unicode>ς</Unicode></TextEquiv></Glyph>
<Glyph id="r16309">
<Coords points="1498,3082 1498,3095 1507,3095 1507,3082"/>
<TextEquiv>
<Unicode>,</Unicode></TextEquiv></Glyph>
<TextEquiv>
<Unicode>γεγονότος,</Unicode></TextEquiv></Word>
<Word id="r1369">
<Coords points="1545,3057 1563,3068 1570,3069 1572,3084 1573,3085 1539,3086 1536,3086 1533,3085 1532,3083 1531,3080 1531,3076 1533,3072 1534,3058 1543,3058"/>
<Glyph id="r11859">
<Coords points="1531,3058 1531,3085 1548,3085 1548,3058"/>
<TextEquiv>
<Unicode>ὅ</Unicode></TextEquiv></Glyph>
<Glyph id="r11860">
<Coords points="1551,3069 1551,3085 1562,3085 1562,3069"/>
<TextEquiv>
<Unicode>τ</Unicode></TextEquiv></Glyph>
<Glyph id="r11861">
<Coords points="1569,3069 1569,3087 1578,3087 1578,3069"/>
<TextEquiv>
<Unicode>ι</Unicode></TextEquiv></Glyph>
<TextEquiv>
<Unicode>ὅτι</Unicode></TextEquiv></Word>
<Word id="r1370">
<Coords points="1611,3057 1613,3062 1617,3073 1618,3082 1618,3089 1617,3094 1606,3086 1603,3077 1601,3073 1603,3060 1608,3058"/>
<Glyph id="r11862">
<Coords points="1601,3058 1601,3097 1620,3097 1620,3058"/>
<TextEquiv>
<Unicode>ἡ</Unicode></TextEquiv></Glyph>
<TextEquiv>
<Unicode>ἡ</Unicode></TextEquiv></Word>
<Word id="r1371">
<Coords points="1644,3057 1736,3057 1754,3068 1760,3082 1758,3084 1737,3085 1645,3085 1645,3058"/>
<Glyph id="r11863">
<Coords points="1644,3057 1644,3084 1650,3089 1669,3092 1669,3057"/>
<TextEquiv>
<Unicode>Γ</Unicode></TextEquiv></Glyph>
<Glyph id="r11864">
<Coords points="1675,3068 1675,3084 1693,3084 1693,3068"/>
<TextEquiv>
<Unicode>α</Unicode></TextEquiv></Glyph>
<Glyph id="r11866">
<Coords points="1732,3057 1732,3084 1740,3084 1740,3057"/>
<TextEquiv>
<Unicode>ί</Unicode></TextEquiv></Glyph>
<Glyph id="r11867">
<Coords points="1744,3069 1744,3087 1763,3087 1763,3069"/>
<TextEquiv>
<Unicode>α</Unicode></TextEquiv></Glyph>
<Glyph id="r16306">
<Coords points="1696,3057 1696,3084 1710,3084 1710,3057"/>
<TextEquiv>
<Unicode>λ</Unicode></TextEquiv></Glyph>
<Glyph id="r16307">
<Coords points="1712,3057 1712,3084 1727,3084 1727,3057"/>
<TextEquiv>
<Unicode>λ</Unicode></TextEquiv></Glyph>
<TextEquiv>
<Unicode>Γαλλία</Unicode></TextEquiv></Word>
<Word id="r1372">
<Coords points="1811,3056 1823,3068 1849,3068 1859,3075 1860,3083 1861,3085 1789,3085 1787,3084 1787,3069 1789,3068 1792,3068 1802,3058 1807,3057"/>
<Glyph id="r11869">
<Coords points="1787,3068 1787,3087 1798,3087 1798,3068"/>
<TextEquiv>
<Unicode>ε</Unicode></TextEquiv></Glyph>
<Glyph id="r11872">
<Coords points="1834,3068 1834,3084 1854,3084 1854,3068"/>
<TextEquiv>
<Unicode>α</Unicode></TextEquiv></Glyph>
<Glyph id="r11873">
<Coords points="1857,3070 1857,3088 1866,3088 1866,3070"/>
<TextEquiv>
<Unicode>ι</Unicode></TextEquiv></Glyph>
<Glyph id="r16299">
<Coords points="1802,3057 1802,3087 1813,3087 1813,3057"/>
<TextEquiv>
<Unicode>ἶ</Unicode></TextEquiv></Glyph>
<Glyph id="r16302">
<Coords points="1814,3069 1814,3084 1830,3084 1830,3069"/>
<TextEquiv>
<Unicode>ν</Unicode></TextEquiv></Glyph>
<TextEquiv>
<Unicode>εἶναι</Unicode></TextEquiv></Word>
<Word id="r1373">
<Coords points="1890,3057 1936,3057 1953,3068 1960,3069 1985,3075 1987,3083 1987,3084 1986,3086 1960,3086 1958,3094 1951,3093 1940,3086 1890,3086"/>
<Glyph id="r11874">
<Coords points="1890,3057 1890,3085 1916,3085 1916,3057"/>
<TextEquiv>
<Unicode>Χ</Unicode></TextEquiv></Glyph>
<Glyph id="r11875">
<Coords points="1921,3057 1921,3086 1944,3086 1944,3057"/>
<TextEquiv>
<Unicode>ώ</Unicode></TextEquiv></Glyph>
<Glyph id="r11876">
<Coords points="1950,3069 1950,3093 1965,3098 1965,3069"/>
<TextEquiv>
<Unicode>ρ</Unicode></TextEquiv></Glyph>
<Glyph id="r11877">
<Coords points="1971,3072 1971,3085 1991,3090 1985,3072"/>
<TextEquiv>
<Unicode>α</Unicode></TextEquiv></Glyph>
<TextEquiv>
<Unicode>Χώρα</Unicode></TextEquiv></Word>
<Word id="r1374">
<Coords points="2115,3057 2117,3058 2130,3070 2132,3071 2136,3072 2138,3084 2139,3085 2131,3086 2014,3086 2012,3082 2013,3079 2014,3072 2015,3071 2020,3070 2035,3058 2114,3058"/>
<Glyph id="r11878">
<Coords points="2013,3069 2013,3089 2032,3089 2032,3069"/>
<TextEquiv>
<Unicode>π</Unicode></TextEquiv></Glyph>
<Glyph id="r11879">
<Coords points="2034,3058 2034,3085 2041,3090 2048,3085 2048,3058"/>
<TextEquiv>
<Unicode>λ</Unicode></TextEquiv></Glyph>
<Glyph id="r11880">
<Coords points="2052,3069 2052,3085 2066,3085 2066,3069"/>
<TextEquiv>
<Unicode>ο</Unicode></TextEquiv></Glyph>
<Glyph id="r11881">
<Coords points="2069,3069 2069,3088 2087,3088 2087,3069"/>
<TextEquiv>
<Unicode>υ</Unicode></TextEquiv></Glyph>
<Glyph id="r11882">
<Coords points="2092,3069 2092,3087 2107,3087 2107,3069"/>
<TextEquiv>
<Unicode>σ</Unicode></TextEquiv></Glyph>
<Glyph id="r11883">
<Coords points="2113,3058 2113,3085 2122,3085 2122,3058"/>
<TextEquiv>
<Unicode>ί</Unicode></TextEquiv></Glyph>
<Glyph id="r11884">
<Coords points="2125,3070 2125,3089 2143,3089 2143,3070"/>
<TextEquiv>
<Unicode>α</Unicode></TextEquiv></Glyph>
<TextEquiv>
<Unicode>πλουσία</Unicode></TextEquiv></Word>
<Word id="r1375">
<Coords points="2215,3058 2216,3060 2217,3063 2218,3069 2222,3070 2221,3071 2219,3086 2216,3087 2215,3086 2220,3098 2187,3102 2190,3083 2190,3077 2186,3062"/>
<Glyph id="r11885">
<Coords points="2190,3069 2190,3095 2209,3095 2209,3069"/>
<TextEquiv>
<Unicode>μ</Unicode></TextEquiv></Glyph>
<Glyph id="r11886">
<Coords points="2212,3057 2212,3088 2224,3088 2224,3057"/>
<TextEquiv>
<Unicode>ὲ</Unicode></TextEquiv></Glyph>
<TextEquiv>
<Unicode>μὲ</Unicode></TextEquiv></Word>
<TextEquiv>
<Unicode>ἐπὶ τοῦ γεγονότος, ὅτι ἡ Γαλλία εἶναι Χώρα πλουσία μὲ</Unicode></TextEquiv></TextLine>
<TextLine id="r220">
<Coords points="1422,3102 2183,3102 2194,3113 2196,3113 2197,3114 2223,3114 2222,3115 2222,3135 2221,3135 2219,3137 2218,3137 2217,3138 1920,3138 1918,3140 1464,3140 1463,3139 1277,3139 1271,3133 1178,3133 1178,3120 1177,3119 1177,3117 1178,3117 1179,3116 1191,3116 1192,3115 1206,3115 1217,3104 1257,3104 1258,3103 1421,3103"/>
<Word id="r1376">
<Coords points="1258,3103 1277,3114 1284,3132 1283,3136 1281,3137 1273,3135 1178,3134 1178,3126 1177,3118 1178,3116 1191,3115 1206,3115 1217,3104 1257,3104"/>
<Glyph id="r11887">
<Coords points="1177,3115 1177,3134 1193,3134 1193,3115"/>
<TextEquiv>
<Unicode>π</Unicode></TextEquiv></Glyph>
<Glyph id="r11888">
<Coords points="1198,3115 1198,3133 1211,3133 1211,3115"/>
<TextEquiv>
<Unicode>ο</Unicode></TextEquiv></Glyph>
<Glyph id="r11889">
<Coords points="1215,3104 1215,3132 1229,3132 1229,3104"/>
<TextEquiv>
<Unicode>λ</Unicode></TextEquiv></Glyph>
<Glyph id="r11890">
<Coords points="1233,3104 1233,3132 1247,3132 1247,3104"/>
<TextEquiv>
<Unicode>λ</Unicode></TextEquiv></Glyph>
<Glyph id="r11891">
<Coords points="1251,3104 1251,3132 1269,3132 1269,3104"/>
<TextEquiv>
<Unicode>ὰ</Unicode></TextEquiv></Glyph>
<Glyph id="r11892">
<Coords points="1273,3114 1273,3141 1287,3141 1287,3114"/>
<TextEquiv>
<Unicode>ς</Unicode></TextEquiv></Glyph>
<TextEquiv>
<Unicode>πολλὰς</Unicode></TextEquiv></Word>
<Word id="r1377">
<Coords points="1423,3102 1440,3113 1447,3114 1524,3114 1523,3134 1521,3136 1519,3137 1467,3138 1462,3136 1321,3131 1318,3130 1316,3127 1315,3123 1316,3121 1317,3111 1318,3103 1421,3103"/>
<Glyph id="r11893">
<Coords points="1315,3103 1315,3131 1330,3131 1330,3103"/>
<TextEquiv>
<Unicode>δ</Unicode></TextEquiv></Glyph>
<Glyph id="r11894">
<Coords points="1334,3114 1334,3131 1350,3131 1350,3114"/>
<TextEquiv>
<Unicode>υ</Unicode></TextEquiv></Glyph>
<Glyph id="r11895">
<Coords points="1352,3115 1352,3132 1369,3132 1369,3115"/>
<TextEquiv>
<Unicode>ν</Unicode></TextEquiv></Glyph>
<Glyph id="r11896">
<Coords points="1374,3114 1374,3131 1393,3131 1393,3114"/>
<TextEquiv>
<Unicode>α</Unicode></TextEquiv></Glyph>
<Glyph id="r11897">
<Coords points="1397,3114 1397,3132 1409,3132 1409,3114"/>
<TextEquiv>
<Unicode>τ</Unicode></TextEquiv></Glyph>
<Glyph id="r11898">
<Coords points="1413,3103 1413,3132 1428,3132 1428,3103"/>
<TextEquiv>
<Unicode>ό</Unicode></TextEquiv></Glyph>
<Glyph id="r11899">
<Coords points="1431,3114 1431,3131 1446,3131 1446,3114"/>
<TextEquiv>
<Unicode>τ</Unicode></TextEquiv></Glyph>
<Glyph id="r11900">
<Coords points="1449,3114 1449,3137 1467,3137 1467,3114"/>
<TextEquiv>
<Unicode>η</Unicode></TextEquiv></Glyph>
<Glyph id="r11901">
<Coords points="1472,3114 1472,3132 1488,3132 1488,3114"/>
<TextEquiv>
<Unicode>τ</Unicode></TextEquiv></Glyph>
<Glyph id="r11902">
<Coords points="1491,3114 1491,3131 1506,3131 1506,3114"/>
<TextEquiv>
<Unicode>α</Unicode></TextEquiv></Glyph>
<Glyph id="r11903">
<Coords points="1512,3114 1512,3140 1526,3140 1526,3114"/>
<TextEquiv>
<Unicode>ς</Unicode></TextEquiv></Glyph>
<TextEquiv>
<Unicode>δυνατότητας</Unicode></TextEquiv></Word>
<Word id="r1378">
<Coords points="1609,3101 1611,3104 1612,3108 1613,3125 1614,3129 1605,3136 1558,3130 1557,3125 1555,3116 1556,3114 1581,3113 1586,3113 1593,3097"/>
<Glyph id="r11904">
<Coords points="1555,3114 1555,3130 1571,3130 1571,3114"/>
<TextEquiv>
<Unicode>κ</Unicode></TextEquiv></Glyph>
<Glyph id="r11905">
<Coords points="1577,3113 1577,3130 1593,3130 1593,3113"/>
<TextEquiv>
<Unicode>α</Unicode></TextEquiv></Glyph>
<Glyph id="r11906">
<Coords points="1597,3102 1597,3133 1608,3133 1608,3102"/>
<TextEquiv>
<Unicode>ὶ</Unicode></TextEquiv></Glyph>
<TextEquiv>
<Unicode>καὶ</Unicode></TextEquiv></Word>
<Word id="r1379">
<Coords points="1648,3102 1663,3112 1683,3110 1684,3119 1687,3126 1688,3127 1687,3129 1664,3130 1637,3130 1635,3127 1634,3125 1634,3122 1635,3118 1636,3116 1637,3104 1642,3103"/>
<Glyph id="r11907">
<Coords points="1634,3103 1634,3132 1649,3132 1649,3103"/>
<TextEquiv>
<Unicode>ὅ</Unicode></TextEquiv></Glyph>
<Glyph id="r11908">
<Coords points="1653,3112 1653,3132 1669,3132 1669,3112"/>
<TextEquiv>
<Unicode>τ</Unicode></TextEquiv></Glyph>
<Glyph id="r11909">
<Coords points="1673,3113 1673,3131 1682,3131 1682,3113"/>
<TextEquiv>
<Unicode>ι</Unicode></TextEquiv></Glyph>
<TextEquiv>
<Unicode>ὅτι</Unicode></TextEquiv></Word>
<Word id="r1380">
<Coords points="1751,3104 1752,3111 1752,3133 1750,3132 1713,3129 1712,3128 1710,3122 1711,3116 1717,3113 1730,3104"/>
<Glyph id="r11910">
<Coords points="1710,3113 1710,3130 1727,3130 1727,3113"/>
<TextEquiv>
<Unicode>α</Unicode></TextEquiv></Glyph>
<Glyph id="r11911">
<Coords points="1730,3104 1730,3132 1742,3132 1742,3104"/>
<TextEquiv>
<Unicode>ἱ</Unicode></TextEquiv></Glyph>
<TextEquiv>
<Unicode>αἱ</Unicode></TextEquiv></Word>
<Word id="r1381">
<Coords points="1806,3102 1932,3102 1944,3114 1979,3105 1984,3126 1985,3136 1987,3139 1989,3141 1956,3130 1926,3131 1915,3139 1911,3138 1905,3132 1772,3131 1771,3128 1768,3120 1767,3115 1769,3114 1787,3113 1795,3113"/>
<Glyph id="r11912">
<Coords points="1767,3114 1767,3131 1777,3131 1777,3114"/>
<TextEquiv>
<Unicode>τ</Unicode></TextEquiv></Glyph>
<Glyph id="r11913">
<Coords points="1784,3113 1784,3131 1801,3131 1801,3113"/>
<TextEquiv>
<Unicode>α</Unicode></TextEquiv></Glyph>
<Glyph id="r11914">
<Coords points="1804,3102 1804,3131 1819,3131 1819,3102"/>
<TextEquiv>
<Unicode>λ</Unicode></TextEquiv></Glyph>
<Glyph id="r11915">
<Coords points="1823,3113 1823,3130 1842,3130 1842,3113"/>
<TextEquiv>
<Unicode>α</Unicode></TextEquiv></Glyph>
<Glyph id="r11916">
<Coords points="1846,3114 1846,3131 1852,3131 1852,3114"/>
<TextEquiv>
<Unicode>ι</Unicode></TextEquiv></Glyph>
<Glyph id="r11917">
<Coords points="1856,3114 1856,3131 1876,3131 1876,3114"/>
<TextEquiv>
<Unicode>π</Unicode></TextEquiv></Glyph>
<Glyph id="r11918">
<Coords points="1878,3113 1878,3131 1901,3131 1901,3113"/>
<TextEquiv>
<Unicode>ω</Unicode></TextEquiv></Glyph>
<Glyph id="r11919">
<Coords points="1907,3113 1907,3141 1922,3141 1922,3113"/>
<TextEquiv>
<Unicode>ρ</Unicode></TextEquiv></Glyph>
<Glyph id="r11920">
<Coords points="1928,3102 1928,3130 1935,3130 1935,3102"/>
<TextEquiv>
<Unicode>ί</Unicode></TextEquiv></Glyph>
<Glyph id="r11921">
<Coords points="1940,3114 1940,3130 1957,3130 1957,3114"/>
<TextEquiv>
<Unicode>α</Unicode></TextEquiv></Glyph>
<Glyph id="r11922">
<Coords points="1963,3114 1963,3130 1970,3130 1970,3114"/>
<TextEquiv>
<Unicode>ι</Unicode></TextEquiv></Glyph>
<Glyph id="r11923">
<Coords points="1975,3128 1975,3134 1978,3134 1978,3128"/>
<TextEquiv>
<Unicode>,</Unicode></TextEquiv></Glyph>
<TextEquiv>
<Unicode>ταλαιπωρίαι,</Unicode></TextEquiv></Word>
<Word id="r1382">
<Coords points="2059,3102 2099,3114 2091,3137 2078,3141 2041,3131 2040,3130 2039,3126 2034,3117 2036,3115 2042,3114"/>
<Glyph id="r11924">
<Coords points="2034,3114 2034,3131 2048,3131 2048,3114"/>
<TextEquiv>
<Unicode>τ</Unicode></TextEquiv></Glyph>
<Glyph id="r11925">
<Coords points="2052,3103 2052,3131 2072,3131 2072,3103"/>
<TextEquiv>
<Unicode>ὰ</Unicode></TextEquiv></Glyph>
<Glyph id="r11926">
<Coords points="2075,3114 2075,3138 2087,3138 2087,3114"/>
<TextEquiv>
<Unicode>ς</Unicode></TextEquiv></Glyph>
<TextEquiv>
<Unicode>τὰς</Unicode></TextEquiv></Word>
<Word id="r1383">
<Coords points="2123,3102 2182,3102 2194,3113 2196,3114 2228,3111 2224,3140 2221,3143 2215,3143 2121,3131 2119,3130 2117,3126 2117,3118 2119,3115 2121,3104"/>
<Glyph id="r11927">
<Coords points="2117,3102 2117,3131 2131,3131 2131,3102"/>
<TextEquiv>
<Unicode>ὁ</Unicode></TextEquiv></Glyph>
<Glyph id="r11928">
<Coords points="2136,3114 2136,3132 2156,3132 2156,3114"/>
<TextEquiv>
<Unicode>π</Unicode></TextEquiv></Glyph>
<Glyph id="r11929">
<Coords points="2158,3113 2158,3132 2173,3132 2173,3113"/>
<TextEquiv>
<Unicode>ο</Unicode></TextEquiv></Glyph>
<Glyph id="r11930">
<Coords points="2179,3103 2179,3131 2187,3131 2187,3103"/>
<TextEquiv>
<Unicode>ί</Unicode></TextEquiv></Glyph>
<Glyph id="r11931">
<Coords points="2190,3114 2190,3130 2206,3130 2206,3114"/>
<TextEquiv>
<Unicode>α</Unicode></TextEquiv></Glyph>
<Glyph id="r11932">
<Coords points="2211,3114 2211,3138 2223,3138 2223,3114"/>
<TextEquiv>
<Unicode>ς</Unicode></TextEquiv></Glyph>
<TextEquiv>
<Unicode>ὁποίας</Unicode></TextEquiv></Word>
<TextEquiv>
<Unicode>πολλὰς δυνατότητας καὶ ὅτι αἱ ταλαιπωρίαι, τὰς ὁποίας</Unicode></TextEquiv></TextLine>
<TextLine id="r221">
<Coords points="1544,3147 2159,3147 2171,3159 2203,3159 2204,3160 2226,3159 2219,3178 2170,3177 2162,3185 2161,3185 2160,3186 1248,3186 1247,3187 1236,3187 1235,3186 1233,3186 1232,3185 1231,3185 1230,3184 1228,3184 1222,3178 1181,3178 1180,3177 1178,3177 1178,3169 1177,3168 1177,3154 1176,3153 1177,3152 1177,3151 1178,3150 1350,3150 1352,3148 1543,3148"/>
<Word id="r1384">
<Coords points="1178,3150 1215,3150 1224,3159 1271,3159 1328,3156 1327,3173 1328,3175 1267,3177 1253,3185 1241,3186 1233,3185 1230,3184 1228,3183 1222,3177 1179,3176 1178,3172 1177,3161 1176,3152"/>
<Glyph id="r11933">
<Coords points="1176,3150 1176,3176 1182,3183 1190,3176 1190,3150"/>
<TextEquiv>
<Unicode>δ</Unicode></TextEquiv></Glyph>
<Glyph id="r11934">
<Coords points="1197,3160 1197,3178 1204,3178 1204,3160"/>
<TextEquiv>
<Unicode>ι</Unicode></TextEquiv></Glyph>
<Glyph id="r11935">
<Coords points="1207,3150 1207,3176 1219,3176 1219,3150"/>
<TextEquiv>
<Unicode>έ</Unicode></TextEquiv></Glyph>
<Glyph id="r11936">
<Coords points="1225,3160 1225,3187 1240,3187 1240,3160"/>
<TextEquiv>
<Unicode>ρ</Unicode></TextEquiv></Glyph>
<Glyph id="r11937">
<Coords points="1245,3160 1245,3187 1261,3187 1261,3160"/>
<TextEquiv>
<Unicode>χ</Unicode></TextEquiv></Glyph>
<Glyph id="r11938">
<Coords points="1265,3159 1265,3176 1276,3176 1276,3159"/>
<TextEquiv>
<Unicode>ε</Unicode></TextEquiv></Glyph>
<Glyph id="r11939">
<Coords points="1281,3160 1281,3176 1295,3176 1295,3160"/>
<TextEquiv>
<Unicode>τ</Unicode></TextEquiv></Glyph>
<Glyph id="r11940">
<Coords points="1300,3160 1300,3178 1318,3178 1318,3160"/>
<TextEquiv>
<Unicode>α</Unicode></TextEquiv></Glyph>
<Glyph id="r11941">
<Coords points="1322,3160 1322,3178 1331,3178 1331,3160"/>
<TextEquiv>
<Unicode>ι</Unicode></TextEquiv></Glyph>
<TextEquiv>
<Unicode>διέρχεται</Unicode></TextEquiv></Word>
<Word id="r1385">
<Coords points="1353,3148 1356,3150 1387,3157 1389,3180 1346,3184 1349,3174 1349,3162 1351,3160"/>
<Glyph id="r11942">
<Coords points="1349,3149 1349,3177 1358,3182 1361,3177 1361,3149"/>
<TextEquiv>
<Unicode>ἐ</Unicode></TextEquiv></Glyph>
<Glyph id="r11943">
<Coords points="1365,3160 1365,3176 1372,3182 1380,3176 1380,3160"/>
<TextEquiv>
<Unicode>κ</Unicode></TextEquiv></Glyph>
<TextEquiv>
<Unicode>ἐκ</Unicode></TextEquiv></Word>
<Word id="r1386">
<Coords points="1431,3149 1450,3158 1455,3159 1454,3178 1453,3181 1449,3182 1438,3184 1436,3185 1428,3177 1410,3176 1409,3172 1402,3162 1403,3161 1406,3160 1412,3159"/>
<Glyph id="r11944">
<Coords points="1402,3159 1402,3176 1417,3176 1417,3159"/>
<TextEquiv>
<Unicode>τ</Unicode></TextEquiv></Glyph>
<Glyph id="r11945">
<Coords points="1420,3150 1420,3184 1438,3184 1438,3150"/>
<TextEquiv>
<Unicode>ῆ</Unicode></TextEquiv></Glyph>
<Glyph id="r11946">
<Coords points="1443,3159 1443,3184 1457,3184 1457,3159"/>
<TextEquiv>
<Unicode>ς</Unicode></TextEquiv></Glyph>
<TextEquiv>
<Unicode>τῆς</Unicode></TextEquiv></Word>
<Word id="r1387">
<Coords points="1544,3147 1555,3158 1581,3158 1606,3159 1607,3165 1606,3171 1603,3172 1602,3175 1561,3177 1553,3185 1479,3185 1479,3159 1507,3158 1533,3158"/>
<Glyph id="r11947">
<Coords points="1479,3159 1479,3184 1497,3184 1497,3159"/>
<TextEquiv>
<Unicode>μ</Unicode></TextEquiv></Glyph>
<Glyph id="r11948">
<Coords points="1500,3158 1500,3177 1515,3177 1515,3158"/>
<TextEquiv>
<Unicode>ο</Unicode></TextEquiv></Glyph>
<Glyph id="r11949">
<Coords points="1519,3159 1519,3176 1535,3176 1535,3159"/>
<TextEquiv>
<Unicode>ν</Unicode></TextEquiv></Glyph>
<Glyph id="r11950">
<Coords points="1540,3148 1540,3177 1547,3177 1547,3148"/>
<TextEquiv>
<Unicode>ί</Unicode></TextEquiv></Glyph>
<Glyph id="r11951">
<Coords points="1552,3159 1552,3184 1569,3184 1569,3159"/>
<TextEquiv>
<Unicode>μ</Unicode></TextEquiv></Glyph>
<Glyph id="r11952">
<Coords points="1573,3158 1573,3176 1588,3176 1588,3158"/>
<TextEquiv>
<Unicode>ο</Unicode></TextEquiv></Glyph>
<Glyph id="r11953">
<Coords points="1591,3159 1591,3178 1608,3178 1608,3159"/>
<TextEquiv>
<Unicode>υ</Unicode></TextEquiv></Glyph>
<TextEquiv>
<Unicode>μονίμου</Unicode></TextEquiv></Word>
<Word id="r1388">
<Coords points="1673,3147 1675,3148 1765,3148 1780,3159 1784,3160 1783,3179 1782,3181 1780,3182 1773,3183 1767,3184 1766,3185 1758,3177 1644,3176 1630,3175 1630,3162 1632,3160 1647,3158 1662,3158"/>
<Glyph id="r11954">
<Coords points="1630,3158 1630,3176 1648,3176 1648,3158"/>
<TextEquiv>
<Unicode>π</Unicode></TextEquiv></Glyph>
<Glyph id="r11955">
<Coords points="1652,3158 1652,3176 1667,3176 1667,3158"/>
<TextEquiv>
<Unicode>ο</Unicode></TextEquiv></Glyph>
<Glyph id="r11956">
<Coords points="1671,3148 1671,3176 1686,3176 1686,3148"/>
<TextEquiv>
<Unicode>λ</Unicode></TextEquiv></Glyph>
<Glyph id="r11957">
<Coords points="1691,3159 1691,3176 1695,3176 1695,3159"/>
<TextEquiv>
<Unicode>ι</Unicode></TextEquiv></Glyph>
<Glyph id="r11958">
<Coords points="1702,3158 1702,3176 1715,3176 1715,3158"/>
<TextEquiv>
<Unicode>τ</Unicode></TextEquiv></Glyph>
<Glyph id="r11959">
<Coords points="1720,3159 1720,3175 1728,3175 1728,3159"/>
<TextEquiv>
<Unicode>ι</Unicode></TextEquiv></Glyph>
<Glyph id="r11960">
<Coords points="1730,3159 1730,3176 1747,3176 1747,3159"/>
<TextEquiv>
<Unicode>κ</Unicode></TextEquiv></Glyph>
<Glyph id="r11961">
<Coords points="1750,3148 1750,3184 1767,3184 1767,3148"/>
<TextEquiv>
<Unicode>ῆ</Unicode></TextEquiv></Glyph>
<Glyph id="r11962">
<Coords points="1772,3159 1772,3185 1785,3185 1785,3159"/>
<TextEquiv>
<Unicode>ς</Unicode></TextEquiv></Glyph>
<TextEquiv>
<Unicode>πολιτικῆς</Unicode></TextEquiv></Word>
<Word id="r1389">
<Coords points="1815,3147 1933,3147 1944,3158 1990,3158 1989,3172 1984,3185 1974,3183 1965,3182 1960,3177 1811,3175 1809,3174 1808,3172 1811,3159"/>
<Glyph id="r11963">
<Coords points="1808,3147 1808,3175 1826,3175 1826,3147"/>
<TextEquiv>
<Unicode>ἀ</Unicode></TextEquiv></Glyph>
<Glyph id="r11964">
<Coords points="1830,3158 1830,3175 1845,3175 1845,3158"/>
<TextEquiv>
<Unicode>σ</Unicode></TextEquiv></Glyph>
<Glyph id="r11965">
<Coords points="1849,3158 1849,3175 1864,3175 1864,3158"/>
<TextEquiv>
<Unicode>τ</Unicode></TextEquiv></Glyph>
<Glyph id="r11966">
<Coords points="1868,3158 1868,3175 1886,3175 1886,3158"/>
<TextEquiv>
<Unicode>α</Unicode></TextEquiv></Glyph>
<Glyph id="r11967">
<Coords points="1888,3147 1888,3176 1909,3176 1909,3147"/>
<TextEquiv>
<Unicode>θ</Unicode></TextEquiv></Glyph>
<Glyph id="r11968">
<Coords points="1912,3158 1912,3176 1923,3176 1923,3158"/>
<TextEquiv>
<Unicode>ε</Unicode></TextEquiv></Glyph>
<Glyph id="r11969">
<Coords points="1930,3147 1930,3176 1938,3176 1938,3147"/>
<TextEquiv>
<Unicode>ί</Unicode></TextEquiv></Glyph>
<Glyph id="r11971">
<Coords points="1941,3158 1941,3176 1957,3176 1957,3158"/>
<TextEquiv>
<Unicode>α</Unicode></TextEquiv></Glyph>
<Glyph id="r11972">
<Coords points="1962,3158 1962,3182 1976,3182 1976,3158"/>
<TextEquiv>
<Unicode>ς</Unicode></TextEquiv></Glyph>
<Glyph id="r16310">
<Coords points="1981,3171 1981,3184 1988,3184 1988,3171"/>
<TextEquiv>
<Unicode>,</Unicode></TextEquiv></Glyph>
<TextEquiv>
<Unicode>ἀσταθείας,</Unicode></TextEquiv></Word>
<Word id="r1390">
<Coords points="2031,3147 2061,3155 2056,3163 2062,3165 2061,3168 2057,3176 2056,3179 2014,3176 2012,3175 2010,3172 2009,3168 2010,3166 2010,3149 2011,3148 2030,3148"/>
<Glyph id="r11973">
<Coords points="2009,3148 2009,3176 2023,3176 2023,3148"/>
<TextEquiv>
<Unicode>δ</Unicode></TextEquiv></Glyph>
<Glyph id="r11974">
<Coords points="2028,3148 2028,3177 2040,3177 2040,3148"/>
<TextEquiv>
<Unicode>ὲ</Unicode></TextEquiv></Glyph>
<Glyph id="r11975">
<Coords points="2044,3160 2044,3176 2060,3176 2060,3160"/>
<TextEquiv>
<Unicode>ν</Unicode></TextEquiv></Glyph>
<TextEquiv>
<Unicode>δὲν</Unicode></TextEquiv></Word>
<Word id="r1391">
<Coords points="2112,3147 2114,3149 2115,3153 2116,3155 2120,3166 2122,3173 2122,3175 2126,3179 2078,3182 2085,3173 2083,3168 2083,3160 2087,3149 2111,3148"/>
<Glyph id="r11976">
<Coords points="2083,3149 2083,3177 2101,3177 2101,3149"/>
<TextEquiv>
<Unicode>θ</Unicode></TextEquiv></Glyph>
<Glyph id="r11977">
<Coords points="2105,3148 2105,3177 2125,3177 2125,3148"/>
<TextEquiv>
<Unicode>ὰ</Unicode></TextEquiv></Glyph>
<TextEquiv>
<Unicode>θὰ</Unicode></TextEquiv></Word>
<Word id="r1392">
<Coords points="2153,3148 2169,3159 2202,3159 2223,3161 2222,3165 2220,3166 2219,3169 2218,3171 2217,3175 2216,3177 2165,3180 2160,3184 2150,3177 2146,3167 2144,3161 2147,3154 2148,3149"/>
<Glyph id="r11978">
<Coords points="2144,3149 2144,3183 2162,3183 2162,3149"/>
<TextEquiv>
<Unicode>ἦ</Unicode></TextEquiv></Glyph>
<Glyph id="r11979">
<Coords points="2168,3159 2168,3176 2183,3176 2183,3159"/>
<TextEquiv>
<Unicode>σ</Unicode></TextEquiv></Glyph>
<Glyph id="r11980">
<Coords points="2188,3159 2188,3176 2206,3176 2206,3159"/>
<TextEquiv>
<Unicode>α</Unicode></TextEquiv></Glyph>
<Glyph id="r11981">
<Coords points="2209,3160 2209,3177 2225,3177 2225,3160"/>
<TextEquiv>
<Unicode>ν</Unicode></TextEquiv></Glyph>
<TextEquiv>
<Unicode>ἦσαν</Unicode></TextEquiv></Word>
<TextEquiv>
<Unicode>διέρχεται ἐκ τῆς μονίμου πολιτικῆς ἀσταθείας, δὲν θὰ ἦσαν</Unicode></TextEquiv></TextLine>
<TextLine id="r222">
<Coords points="1939,3191 1940,3191 1941,3192 2069,3192 2070,3193 2157,3193 2158,3194 2159,3194 2168,3203 2182,3203 2183,3204 2202,3204 2203,3205 2209,3205 2216,3212 2223,3212 2223,3214 2212,3214 2211,3215 2211,3221 2202,3221 2201,3222 2192,3222 2185,3229 2185,3231 1678,3231 1677,3230 1673,3230 1672,3229 1334,3229 1329,3224 1177,3224 1177,3207 1178,3206 1178,3196 1179,3195 1270,3195 1272,3193 1456,3193 1457,3192 1938,3192"/>
<Word id="r1393">
<Coords points="1180,3195 1199,3206 1205,3207 1204,3211 1200,3217 1199,3221 1178,3222 1177,3220 1177,3206 1178,3196"/>
<Glyph id="r11982">
<Coords points="1177,3196 1177,3225 1188,3225 1188,3196"/>
<TextEquiv>
<Unicode>ἐ</Unicode></TextEquiv></Glyph>
<Glyph id="r11983">
<Coords points="1192,3206 1192,3223 1207,3223 1207,3206"/>
<TextEquiv>
<Unicode>ν</Unicode></TextEquiv></Glyph>
<TextEquiv>
<Unicode>ἐν</Unicode></TextEquiv></Word>
<Word id="r1394">
<Coords points="1273,3193 1285,3204 1342,3204 1341,3224 1340,3227 1330,3225 1232,3222 1231,3218 1225,3208 1232,3206 1239,3205 1260,3205"/>
<Glyph id="r11984">
<Coords points="1229,3205 1229,3222 1241,3222 1241,3205"/>
<TextEquiv>
<Unicode>τ</Unicode></TextEquiv></Glyph>
<Glyph id="r11985">
<Coords points="1243,3205 1243,3222 1257,3222 1257,3205"/>
<TextEquiv>
<Unicode>ο</Unicode></TextEquiv></Glyph>
<Glyph id="r11986">
<Coords points="1261,3194 1261,3222 1279,3222 1279,3194"/>
<TextEquiv>
<Unicode>ύ</Unicode></TextEquiv></Glyph>
<Glyph id="r11987">
<Coords points="1284,3205 1284,3222 1294,3222 1294,3205"/>
<TextEquiv>
<Unicode>τ</Unicode></TextEquiv></Glyph>
<Glyph id="r11988">
<Coords points="1299,3204 1299,3222 1313,3222 1313,3204"/>
<TextEquiv>
<Unicode>ο</Unicode></TextEquiv></Glyph>
<Glyph id="r11989">
<Coords points="1319,3205 1319,3222 1325,3222 1325,3205"/>
<TextEquiv>
<Unicode>ι</Unicode></TextEquiv></Glyph>
<Glyph id="r11990">
<Coords points="1330,3205 1330,3232 1344,3232 1344,3205"/>
<TextEquiv>
<Unicode>ς</Unicode></TextEquiv></Glyph>
<TextEquiv>
<Unicode>τούτοις</Unicode></TextEquiv></Word>
<Word id="r1395">
<Coords points="1457,3192 1458,3193 1460,3199 1461,3208 1463,3221 1368,3222 1362,3220 1361,3211 1363,3202 1364,3194 1455,3194"/>
<Glyph id="r11991">
<Coords points="1364,3194 1364,3224 1373,3224 1373,3194"/>
<TextEquiv>
<Unicode>ἱ</Unicode></TextEquiv></Glyph>
<Glyph id="r11992">
<Coords points="1375,3204 1375,3221 1391,3221 1391,3204"/>
<TextEquiv>
<Unicode>κ</Unicode></TextEquiv></Glyph>
<Glyph id="r11993">
<Coords points="1396,3204 1396,3221 1413,3221 1413,3204"/>
<TextEquiv>
<Unicode>α</Unicode></TextEquiv></Glyph>
<Glyph id="r11994">
<Coords points="1415,3205 1415,3221 1434,3221 1434,3205"/>
<TextEquiv>
<Unicode>ν</Unicode></TextEquiv></Glyph>
<Glyph id="r11995">
<Coords points="1436,3204 1436,3221 1453,3221 1453,3204"/>
<TextEquiv>
<Unicode>α</Unicode></TextEquiv></Glyph>
<Glyph id="r11996">
<Coords points="1453,3193 1458,3221 1461,3226 1468,3222 1468,3193"/>
<TextEquiv>
<Unicode>ὶ</Unicode></TextEquiv></Glyph>
<TextEquiv>
<Unicode>ἱκαναὶ</Unicode></TextEquiv></Word>
<Word id="r1396">
<Coords points="1514,3192 1516,3194 1517,3197 1518,3199 1523,3211 1524,3218 1524,3220 1514,3221 1510,3221 1493,3220 1492,3216 1489,3211 1487,3206 1494,3205"/>
<Glyph id="r11997">
<Coords points="1487,3205 1487,3220 1502,3224 1502,3205"/>
<TextEquiv>
<Unicode>ν</Unicode></TextEquiv></Glyph>
<Glyph id="r11998">
<Coords points="1507,3193 1507,3223 1527,3223 1527,3193"/>
<TextEquiv>
<Unicode>ὰ</Unicode></TextEquiv></Glyph>
<TextEquiv>
<Unicode>νὰ</Unicode></TextEquiv></Word>
<Word id="r1397">
<Coords points="1569,3192 1582,3204 1598,3204 1600,3206 1597,3211 1596,3214 1594,3215 1593,3219 1592,3220 1581,3221 1580,3228 1575,3226 1569,3222 1552,3221 1551,3217 1545,3207 1547,3205 1553,3204"/>
<Glyph id="r11999">
<Coords points="1545,3204 1545,3221 1561,3221 1561,3204"/>
<TextEquiv>
<Unicode>τ</Unicode></TextEquiv></Glyph>
<Glyph id="r12000">
<Coords points="1563,3193 1563,3233 1582,3233 1582,3193"/>
<TextEquiv>
<Unicode>ὴ</Unicode></TextEquiv></Glyph>
<Glyph id="r12001">
<Coords points="1585,3204 1585,3223 1602,3223 1602,3204"/>
<TextEquiv>
<Unicode>ν</Unicode></TextEquiv></Glyph>
<TextEquiv>
<Unicode>τὴν</Unicode></TextEquiv></Word>
<Word id="r1398">
<Coords points="1768,3192 1791,3192 1802,3203 1851,3203 1871,3205 1870,3208 1868,3212 1867,3215 1864,3221 1714,3222 1706,3230 1676,3229 1671,3228 1665,3224 1621,3220 1620,3213 1623,3205 1631,3204 1638,3203 1757,3203"/>
<Glyph id="r12002">
<Coords points="1620,3203 1620,3221 1639,3221 1639,3203"/>
<TextEquiv>
<Unicode>π</Unicode></TextEquiv></Glyph>
<Glyph id="r12003">
<Coords points="1643,3203 1643,3221 1661,3221 1661,3203"/>
<TextEquiv>
<Unicode>α</Unicode></TextEquiv></Glyph>
<Glyph id="r12004">
<Coords points="1667,3204 1667,3229 1682,3229 1682,3204"/>
<TextEquiv>
<Unicode>ρ</Unicode></TextEquiv></Glyph>
<Glyph id="r12005">
<Coords points="1688,3203 1688,3222 1702,3222 1702,3203"/>
<TextEquiv>
<Unicode>ε</Unicode></TextEquiv></Glyph>
<Glyph id="r12006">
<Coords points="1704,3204 1704,3229 1721,3229 1721,3204"/>
<TextEquiv>
<Unicode>μ</Unicode></TextEquiv></Glyph>
<Glyph id="r12007">
<Coords points="1725,3203 1725,3221 1743,3221 1743,3203"/>
<TextEquiv>
<Unicode>π</Unicode></TextEquiv></Glyph>
<Glyph id="r12008">
<Coords points="1747,3203 1747,3221 1761,3221 1761,3203"/>
<TextEquiv>
<Unicode>ο</Unicode></TextEquiv></Glyph>
<Glyph id="r12009">
<Coords points="1765,3192 1765,3221 1780,3221 1780,3192"/>
<TextEquiv>
<Unicode>δ</Unicode></TextEquiv></Glyph>
<Glyph id="r12010">
<Coords points="1787,3192 1787,3221 1794,3221 1794,3192"/>
<TextEquiv>
<Unicode>ί</Unicode></TextEquiv></Glyph>
<Glyph id="r12011">
<Coords points="1799,3204 1799,3221 1814,3221 1814,3204"/>
<TextEquiv>
<Unicode>σ</Unicode></TextEquiv></Glyph>
<Glyph id="r12012">
<Coords points="1818,3203 1818,3221 1832,3221 1832,3203"/>
<TextEquiv>
<Unicode>ο</Unicode></TextEquiv></Glyph>
<Glyph id="r12013">
<Coords points="1835,3203 1835,3221 1852,3221 1852,3203"/>
<TextEquiv>
<Unicode>υ</Unicode></TextEquiv></Glyph>
<Glyph id="r12014">
<Coords points="1854,3204 1854,3223 1874,3223 1874,3204"/>
<TextEquiv>
<Unicode>ν</Unicode></TextEquiv></Glyph>
<TextEquiv>
<Unicode>παρεμποδίσουν</Unicode></TextEquiv></Word>
<Word id="r1399">
<Coords points="1939,3191 1941,3192 1944,3201 1946,3205 1948,3206 1949,3208 1950,3211 1949,3215 1947,3219 1944,3221 1942,3222 1895,3220 1893,3217 1893,3207 1896,3203 1899,3193 1900,3192 1938,3192"/>
<Glyph id="r12015">
<Coords points="1893,3192 1893,3220 1902,3228 1912,3220 1912,3192"/>
<TextEquiv>
<Unicode>ἀ</Unicode></TextEquiv></Glyph>
<Glyph id="r12016">
<Coords points="1914,3204 1914,3221 1933,3221 1933,3204"/>
<TextEquiv>
<Unicode>π</Unicode></TextEquiv></Glyph>
<Glyph id="r12017">
<Coords points="1936,3192 1936,3222 1949,3222 1949,3192"/>
<TextEquiv>
<Unicode>ὸ</Unicode></TextEquiv></Glyph>
<TextEquiv>
<Unicode>ἀπὸ</Unicode></TextEquiv></Word>
<Word id="r1400">
<Coords points="2016,3194 2021,3205 2021,3216 2020,3218 2019,3221 1994,3221 1977,3220 1976,3215 1970,3206 1972,3205 1984,3203 2002,3203"/>
<Glyph id="r12018">
<Coords points="1970,3203 1970,3220 1985,3220 1985,3203"/>
<TextEquiv>
<Unicode>τ</Unicode></TextEquiv></Glyph>
<Glyph id="r12019">
<Coords points="1989,3203 1989,3220 2003,3220 2003,3203"/>
<TextEquiv>
<Unicode>ο</Unicode></TextEquiv></Glyph>
<Glyph id="r12020">
<Coords points="2006,3194 2006,3224 2024,3224 2024,3194"/>
<TextEquiv>
<Unicode>ῦ</Unicode></TextEquiv></Glyph>
<TextEquiv>
<Unicode>τοῦ</Unicode></TextEquiv></Word>
<Word id="r1401">
<Coords points="2069,3193 2070,3196 2074,3202 2077,3217 2078,3218 2073,3221 2066,3222 2064,3221 2048,3220 2046,3214 2045,3212 2041,3206 2042,3204 2056,3204"/>
<Glyph id="r12021">
<Coords points="2041,3204 2041,3220 2055,3220 2055,3204"/>
<TextEquiv>
<Unicode>ν</Unicode></TextEquiv></Glyph>
<Glyph id="r12022">
<Coords points="2060,3194 2060,3223 2080,3223 2080,3194"/>
<TextEquiv>
<Unicode>ὰ</Unicode></TextEquiv></Glyph>
<TextEquiv>
<Unicode>νὰ</Unicode></TextEquiv></Word>
<Word id="r1402">
<Coords points="2103,3193 2156,3193 2158,3194 2174,3203 2182,3204 2218,3204 2225,3205 2226,3219 2199,3220 2184,3221 2182,3230 2179,3229 2172,3222 2105,3221 2102,3220 2101,3219 2100,3216 2099,3212 2100,3210 2101,3194"/>
<Glyph id="r12023">
<Coords points="2099,3193 2099,3223 2113,3223 2113,3193"/>
<TextEquiv>
<Unicode>δ</Unicode></TextEquiv></Glyph>
<Glyph id="r12024">
<Coords points="2120,3204 2120,3221 2128,3221 2128,3204"/>
<TextEquiv>
<Unicode>ι</Unicode></TextEquiv></Glyph>
<Glyph id="r12025">
<Coords points="2131,3204 2131,3221 2147,3221 2147,3204"/>
<TextEquiv>
<Unicode>α</Unicode></TextEquiv></Glyph>
<Glyph id="r12026">
<Coords points="2153,3194 2153,3221 2167,3221 2167,3194"/>
<TextEquiv>
<Unicode>δ</Unicode></TextEquiv></Glyph>
<Glyph id="r12027">
<Coords points="2175,3204 2175,3233 2189,3233 2189,3204"/>
<TextEquiv>
<Unicode>ρ</Unicode></TextEquiv></Glyph>
<Glyph id="r12028">
<Coords points="2195,3204 2195,3224 2212,3224 2212,3204"/>
<TextEquiv>
<Unicode>α</Unicode></TextEquiv></Glyph>
<Glyph id="r12029">
<Coords points="2216,3212 2216,3214 2222,3218 2223,3214 2223,3212"/>
<TextEquiv>
<Unicode>-</Unicode></TextEquiv></Glyph>
<TextEquiv>
<Unicode>διαδρα-</Unicode></TextEquiv></Word>
<TextEquiv>
<Unicode>ἐν τούτοις ἱκαναὶ νὰ τὴν παρεμποδίσουν ἀπὸ τοῦ νὰ διαδρα-</Unicode></TextEquiv></TextLine>
<TextLine id="r223">
<Coords points="1806,3236 1807,3236 1808,3237 2033,3237 2034,3238 2200,3238 2201,3239 2202,3239 2212,3249 2223,3249 2234,3278 2118,3277 1229,3277 1228,3276 1227,3276 1226,3275 1210,3275 1203,3268 1181,3268 1180,3267 1179,3267 1179,3256 1177,3254 1177,3252 1178,3251 1186,3251 1197,3240 1364,3240 1365,3239 1366,3239 1367,3238 1523,3238 1524,3237 1805,3237"/>
<Word id="r1403">
<Coords points="1202,3240 1213,3243 1228,3250 1236,3251 1238,3253 1239,3271 1238,3272 1233,3276 1226,3274 1206,3270 1175,3268 1180,3262 1177,3253 1182,3251"/>
<Glyph id="r12030">
<Coords points="1177,3250 1177,3268 1188,3268 1188,3250"/>
<TextEquiv>
<Unicode>τ</Unicode></TextEquiv></Glyph>
<Glyph id="r12031">
<Coords points="1194,3243 1194,3268 1200,3268 1200,3243"/>
<TextEquiv>
<Unicode>ί</Unicode></TextEquiv></Glyph>
<Glyph id="r12032">
<Coords points="1203,3241 1203,3272 1219,3279 1218,3241"/>
<TextEquiv>
<Unicode>ζ</Unicode></TextEquiv></Glyph>
<Glyph id="r12033">
<Coords points="1220,3251 1220,3277 1241,3277 1241,3251"/>
<TextEquiv>
<Unicode>ῃ</Unicode></TextEquiv></Glyph>
<TextEquiv>
<Unicode>τίζῃ</Unicode></TextEquiv></Word>
<Word id="r1404">
<Coords points="1367,3238 1378,3249 1445,3249 1469,3251 1467,3257 1465,3259 1463,3262 1462,3266 1434,3267 1426,3275 1272,3275 1271,3268 1264,3253 1271,3251 1278,3250 1354,3250 1365,3239"/>
<Glyph id="r12034">
<Coords points="1264,3250 1264,3274 1279,3274 1279,3250"/>
<TextEquiv>
<Unicode>γ</Unicode></TextEquiv></Glyph>
<Glyph id="r12035">
<Coords points="1286,3250 1286,3268 1297,3268 1297,3250"/>
<TextEquiv>
<Unicode>ε</Unicode></TextEquiv></Glyph>
<Glyph id="r12036">
<Coords points="1301,3250 1301,3267 1316,3267 1316,3250"/>
<TextEquiv>
<Unicode>ν</Unicode></TextEquiv></Glyph>
<Glyph id="r12038">
<Coords points="1352,3239 1352,3268 1375,3268 1375,3239"/>
<TextEquiv>
<Unicode>ώ</Unicode></TextEquiv></Glyph>
<Glyph id="r12040">
<Coords points="1377,3249 1377,3268 1393,3268 1393,3249"/>
<TextEquiv>
<Unicode>τ</Unicode></TextEquiv></Glyph>
<Glyph id="r12041">
<Coords points="1397,3249 1397,3267 1410,3267 1410,3249"/>
<TextEquiv>
<Unicode>ε</Unicode></TextEquiv></Glyph>
<Glyph id="r12042">
<Coords points="1415,3249 1415,3274 1431,3274 1431,3249"/>
<TextEquiv>
<Unicode>ρ</Unicode></TextEquiv></Glyph>
<Glyph id="r12043">
<Coords points="1436,3249 1436,3266 1450,3266 1450,3249"/>
<TextEquiv>
<Unicode>ο</Unicode></TextEquiv></Glyph>
<Glyph id="r12044">
<Coords points="1454,3250 1454,3266 1471,3266 1471,3250"/>
<TextEquiv>
<Unicode>ν</Unicode></TextEquiv></Glyph>
<Glyph id="r16311">
<Coords points="1322,3250 1322,3267 1329,3267 1329,3250"/>
<TextEquiv>
<Unicode>ι</Unicode></TextEquiv></Glyph>
<Glyph id="r16312">
<Coords points="1330,3250 1330,3267 1350,3267 1350,3250"/>
<TextEquiv>
<Unicode>κ</Unicode></TextEquiv></Glyph>
<TextEquiv>
<Unicode>γενικώτερον</Unicode></TextEquiv></Word>
<Word id="r1405">
<Coords points="1525,3237 1532,3238 1549,3249 1587,3246 1603,3253 1601,3258 1600,3261 1597,3262 1596,3268 1560,3266 1514,3267 1505,3275 1502,3274 1497,3270 1496,3267 1495,3260 1496,3253 1497,3251 1498,3250 1504,3249 1520,3239"/>
<Glyph id="r12045">
<Coords points="1495,3249 1495,3274 1510,3274 1510,3249"/>
<TextEquiv>
<Unicode>ρ</Unicode></TextEquiv></Glyph>
<Glyph id="r12046">
<Coords points="1515,3238 1515,3266 1531,3266 1531,3238"/>
<TextEquiv>
<Unicode>ό</Unicode></TextEquiv></Glyph>
<Glyph id="r12047">
<Coords points="1534,3237 1534,3266 1548,3266 1548,3237"/>
<TextEquiv>
<Unicode>λ</Unicode></TextEquiv></Glyph>
<Glyph id="r12048">
<Coords points="1552,3249 1552,3266 1566,3266 1566,3249"/>
<TextEquiv>
<Unicode>ο</Unicode></TextEquiv></Glyph>
<Glyph id="r12050">
<Coords points="1570,3249 1570,3266 1586,3266 1586,3249"/>
<TextEquiv>
<Unicode>ν</Unicode></TextEquiv></Glyph>
<Glyph id="r16313">
<Coords points="1591,3264 1591,3267 1594,3267 1594,3264"/>
<TextEquiv>
<Unicode>.</Unicode></TextEquiv></Glyph>
<TextEquiv>
<Unicode>ρόλον.</Unicode></TextEquiv></Word>
<Word id="r1406">
<Coords points="1806,3236 1818,3248 1865,3248 1867,3255 1866,3261 1864,3262 1863,3265 1862,3266 1788,3266 1779,3275 1675,3275 1667,3267 1627,3266 1622,3263 1625,3258 1627,3252 1628,3250 1629,3246 1630,3244 1631,3240 1632,3237 1805,3237"/>
<Glyph id="r12051">
<Coords points="1623,3237 1620,3270 1647,3270 1647,3237"/>
<TextEquiv>
<Unicode>Λ</Unicode></TextEquiv></Glyph>
<Glyph id="r12052">
<Coords points="1652,3248 1652,3266 1670,3266 1670,3248"/>
<TextEquiv>
<Unicode>α</Unicode></TextEquiv></Glyph>
<Glyph id="r12053">
<Coords points="1672,3248 1673,3277 1693,3274 1693,3248"/>
<TextEquiv>
<Unicode>μ</Unicode></TextEquiv></Glyph>
<Glyph id="r12054">
<Coords points="1697,3237 1697,3266 1714,3266 1714,3237"/>
<TextEquiv>
<Unicode>β</Unicode></TextEquiv></Glyph>
<Glyph id="r12055">
<Coords points="1718,3248 1718,3266 1735,3266 1735,3248"/>
<TextEquiv>
<Unicode>α</Unicode></TextEquiv></Glyph>
<Glyph id="r12056">
<Coords points="1740,3249 1740,3266 1753,3266 1753,3249"/>
<TextEquiv>
<Unicode>ν</Unicode></TextEquiv></Glyph>
<Glyph id="r12057">
<Coords points="1757,3248 1757,3266 1772,3266 1772,3248"/>
<TextEquiv>
<Unicode>ο</Unicode></TextEquiv></Glyph>
<Glyph id="r12058">
<Coords points="1774,3248 1774,3274 1778,3277 1794,3274 1794,3248"/>
<TextEquiv>
<Unicode>μ</Unicode></TextEquiv></Glyph>
<Glyph id="r12059">
<Coords points="1798,3237 1798,3267 1810,3267 1810,3237"/>
<TextEquiv>
<Unicode>έ</Unicode></TextEquiv></Glyph>
<Glyph id="r12060">
<Coords points="1813,3248 1813,3265 1829,3265 1829,3248"/>
<TextEquiv>
<Unicode>ν</Unicode></TextEquiv></Glyph>
<Glyph id="r12061">
<Coords points="1833,3248 1833,3265 1848,3265 1848,3248"/>
<TextEquiv>
<Unicode>ο</Unicode></TextEquiv></Glyph>
<Glyph id="r12062">
<Coords points="1851,3249 1851,3268 1868,3268 1868,3249"/>
<TextEquiv>
<Unicode>υ</Unicode></TextEquiv></Glyph>
<TextEquiv>
<Unicode>Λαμβανομένου</Unicode></TextEquiv></Word>
<Word id="r1407">
<Coords points="1913,3237 1915,3238 1916,3240 1919,3249 1921,3250 1921,3265 1895,3265 1893,3263 1892,3257 1893,3246 1894,3238 1912,3238"/>
<Glyph id="r12063">
<Coords points="1892,3238 1892,3268 1907,3268 1907,3238"/>
<TextEquiv>
<Unicode>δ</Unicode></TextEquiv></Glyph>
<Glyph id="r12064">
<Coords points="1911,3238 1911,3267 1923,3267 1923,3238"/>
<TextEquiv>
<Unicode>ὲ</Unicode></TextEquiv></Glyph>
<TextEquiv>
<Unicode>δὲ</Unicode></TextEquiv></Word>
<Word id="r1408">
<Coords points="1956,3237 1958,3238 1998,3237 1997,3247 1987,3249 1984,3265 1983,3266 1953,3265 1952,3264 1946,3252 1949,3247 1952,3239 1953,3238"/>
<Glyph id="r12065">
<Coords points="1946,3238 1946,3265 1963,3265 1963,3238"/>
<TextEquiv>
<Unicode>ὑ</Unicode></TextEquiv></Glyph>
<Glyph id="r12066">
<Coords points="1966,3249 1966,3265 1983,3265 1983,3249"/>
<TextEquiv>
<Unicode>π</Unicode></TextEquiv></Glyph>
<Glyph id="r16314">
<Coords points="1989,3238 1989,3248 1998,3248 1998,3238"/>
<TextEquiv>
<Unicode>´</Unicode></TextEquiv></Glyph>
<TextEquiv>
<Unicode>ὑπ’</Unicode></TextEquiv></Word>
<Word id="r1409">
<Coords points="2035,3240 2053,3245 2059,3248 2091,3250 2087,3260 2085,3263 2084,3265 2061,3266 2050,3275 2049,3275 2041,3267 2022,3265 2019,3261 2019,3254 2020,3238 2031,3238"/>
<Glyph id="r12068">
<Coords points="2019,3238 2019,3268 2035,3268 2035,3238"/>
<TextEquiv>
<Unicode>ὄ</Unicode></TextEquiv></Glyph>
<Glyph id="r12069">
<Coords points="2066,3249 2066,3265 2073,3265 2073,3249"/>
<TextEquiv>
<Unicode>ι</Unicode></TextEquiv></Glyph>
<Glyph id="r12070">
<Coords points="2076,3250 2076,3268 2092,3268 2092,3250"/>
<TextEquiv>
<Unicode>ν</Unicode></TextEquiv></Glyph>
<Glyph id="r12071">
<Coords points="2040,3246 2040,3274 2054,3278 2062,3274 2062,3246"/>
<TextEquiv>
<Unicode>ψ</Unicode></TextEquiv></Glyph>
<TextEquiv>
<Unicode>ὄψιν</Unicode></TextEquiv></Word>
<Word id="r1410">
<Coords points="2122,3238 2138,3249 2162,3245 2156,3266 2115,3266 2113,3262 2112,3258 2113,3256 2114,3253 2115,3246"/>
<Glyph id="r12072">
<Coords points="2112,3239 2112,3268 2127,3268 2127,3239"/>
<TextEquiv>
<Unicode>ὅ</Unicode></TextEquiv></Glyph>
<Glyph id="r12073">
<Coords points="2131,3249 2131,3265 2146,3265 2146,3249"/>
<TextEquiv>
<Unicode>τ</Unicode></TextEquiv></Glyph>
<Glyph id="r12074">
<Coords points="2151,3249 2151,3267 2161,3267 2161,3249"/>
<TextEquiv>
<Unicode>ι</Unicode></TextEquiv></Glyph>
<TextEquiv>
<Unicode>ὅτι</Unicode></TextEquiv></Word>
<Word id="r1411">
<Coords points="2198,3238 2200,3239 2216,3249 2229,3246 2220,3270 2218,3272 2216,3273 2214,3273 2208,3267 2184,3266 2183,3264 2182,3256 2183,3250 2185,3250"/>
<Glyph id="r12075">
<Coords points="2182,3249 2182,3266 2194,3266 2194,3249"/>
<TextEquiv>
<Unicode>ε</Unicode></TextEquiv></Glyph>
<Glyph id="r12076">
<Coords points="2197,3238 2197,3268 2208,3268 2208,3238"/>
<TextEquiv>
<Unicode>ἰ</Unicode></TextEquiv></Glyph>
<Glyph id="r12077">
<Coords points="2210,3249 2210,3275 2224,3275 2224,3249"/>
<TextEquiv>
<Unicode>ς</Unicode></TextEquiv></Glyph>
<TextEquiv>
<Unicode>εἰς</Unicode></TextEquiv></Word>
<TextEquiv>
<Unicode>τίζῃ γενικώτερον ρόλον. Λαμβανομένου δὲ ὑπ’ ὄψιν ὅτι εἰς</Unicode></TextEquiv></TextLine></TextRegion></Page></PcGts>
