2476 3500
68 247 123 290 ἀπὸ
150 247 206 295 τὴν
224 244 346 288 κοινὴν
363 245 590 286 κατακραυγὴν
603 244 761 290 ὑπέσχετο
786 243 837 282 νὰ
852 244 1032 291 ἐφαρμόσῃ
1043 244 1125 288 ἀνά-

58 293 157 329 λογον
180 290 306 336 μέτρον.
327 289 401 331 Καὶ
412 289 463 330 ὅτι
468 289 530 331 δὲν
545 290 688 333 ὑπάρχει
693 290 791 330 ἴσως
806 290 939 331 σύνοδος
958 287 1022 329 τῆς
1036 289 1123 327 Βου-

58 336 129 381 λῆς
136 336 225 378 κατὰ
228 332 291 378 τὴν
303 331 428 376 ὁποίαν
431 335 482 374 νὰ
488 335 756 379 συνεζητήθησαν
766 335 983 386 ἐπερωτήσεις
988 333 1050 383 ἐπὶ
1062 335 1125 377 τοῦ

69 384 206 429 θέματος
227 375 365 422 τούτου.
373 376 484 422 Ἀλλὰ
484 380 616 423 πάντες
638 381 812 425 ἀπέτυχον.
820 378 905 418 Καὶ
914 378 959 418 τὸ
978 380 1128 429 χειρότε-

70 439 136 470 ρον
143 428 180 467 ἡ
183 425 402 472 κατάστασις
403 423 566 468 συνεχῶς
588 427 823 464 ἐπεδεινοῦτο.
830 418 961 473 Μέχρις
998 425 1085 464 ὅτου
1094 418 1130 467 ὁ

61 472 282 516 Στρατάρχης
302 468 486 509 Παπάγος,
494 471 603 513 μόνος
610 472 682 509 του,
690 471 859 506 ἀναθέσας
884 471 944 514 τὴν
963 471 1115 501 ἐκτέλεσιν

68 519 132 554 εἰς
143 517 194 546 τὸν
226 516 378 561 κέρβερον
385 511 612 555 Στρατηγὸν
632 516 855 564 Καρατζένην,
881 517 1063 563 κατώρθσε
1078 517 1123 554 νὰ

67 559 250 608 ἐφαρμόσῃ
274 561 305 599 τὸ
324 561 464 604 μέτρον.
484 556 823 608 (Χειροκροτήματα).

153 623 201 660 Ε.
208 622 428 665 ΚΟΘΡΗΣ.
430 613 477 658 Ὁ
491 631 526 659 κ.
545 623 723 673 Πρόεδρος
735 625 805 666 τῆς
811 624 1044 669 Κυβερνήσεως
1049 618 1124 669 ἦτο

63 669 130 716 καὶ
139 668 346 706 Στρατάρχης
370 668 435 697 τότε
455 668 509 714 καὶ
533 668 677 705 ἐπέτρεπε
700 669 753 707 τὴν
777 669 1035 706 κυκλοφοφορίαν
1058 667 1136 716 τῶν

68 714 326 756 αὐτοκινήτων.

154 776 191 806 Σ.
213 775 510 804 ΜΑΡΚΕΖΙΝΗΣ
543 765 641 822 (Ὑπ.
840 771 904 816 Μὲ
916 773 1132 824 συγχωρεῖτε.
650 760 828 818 Συντον.).

70 822 270 858 Διαρκουσῶν
296 821 354 849 τῶν
381 820 601 858 ἐπιχειρήσεων
625 821 688 865 καὶ
700 815 839 862 ὀλίγους
847 815 955 867 μῆνας
958 827 1073 870 μετά.

153 862 435 923 ΠΡΟΕΔΡΟΣ.
444 874 502 918 Ὁ
515 882 722 929 Κανονισμὸς
735 870 819 921 λέγει
837 876 903 926 ὅτι
916 876 958 930 αἱ
972 872 1128 920 διακοπαὶ

62 921 228 974 γίνονται
222 918 284 983 τῇ
281 927 428 967 ἐγκρίσει
438 921 512 968 τοῦ
510 927 671 977 ρήτορος
674 922 750 973 καὶ
752 927 806 976 τῇ
834 921 934 978 ἀδείᾳ
945 927 1019 968 τοῦ
1022 922 1135 980 Προ-

61 973 190 1019 έδρου.

141 1021 210 1073 Σ.
219 1033 516 1075 ΜΑΡΚΕΖΙΝΗΣ
537 1016 651 1078 (Ὑπ.
666 1031 836 1083 Συντον.).
881 1035 992 1073 Κύριε
995 1022 1132 1097 Πρόε-

59 1067 148 1127 δρε,
147 1075 247 1123 πᾶσα
252 1076 408 1124 διακοπὴ
404 1075 506 1120 εἶναι
505 1076 635 1125 δεκτή.

155 1134 315 1175 Φαίνεται
325 1129 378 1172 δὲ
379 1133 433 1169 ὅτι
449 1133 526 1171 αὐτὴ
548 1127 567 1171 ἡ
590 1128 736 1170 ὑπόθεσις
763 1137 819 1164 τῶν
844 1126 1064 1182 αὐτοκινήτων
1075 1124 1131 1174 θὰ

64 1164 218 1227 ἐλέγομεν
227 1178 291 1216 ὅ,τι
295 1170 386 1218 εἶναι
383 1179 523 1223 μεταξὺ
523 1176 665 1220 ἐκείνων
673 1180 737 1221 «τὰ
744 1176 846 1219 ὁποῖα
858 1178 1054 1220 συμβαίνουν
1058 1177 1128 1218 καὶ

69 1221 120 1261 εἰς
142 1222 360 1261 Παρισίους».
374 1220 480 1264 Διότι
495 1223 689 1269 περιώδευσα
719 1219 812 1264 τόσας
837 1227 963 1272 χώρας
974 1226 1069 1266 κατὰ
1081 1224 1131 1264 τὸ

69 1271 263 1307 διαρρεῦσαν
283 1265 355 1304 ἔτος
385 1267 440 1297 καὶ
466 1262 558 1311 εἶχον
568 1269 641 1309 τὴν
658 1270 832 1314 εὐκαιρίαν
855 1270 904 1311 νὰ
905 1264 1126 1314 συνομιλήσω

64 1314 116 1358 μὲ
135 1314 364 1353 ἐκπροσώπους
387 1314 631 1357 Κυβερνήσεων,
661 1315 765 1358 τύπου,
797 1311 1006 1364 οἰκονομικῆς
1019 1313 1128 1364 ζωῆς,

60 1358 194 1400 παντοῦ
197 1356 250 1401 μὲ
257 1354 389 1397 ἠρώτων
412 1359 545 1394 εἰδικῶς
556 1360 617 1395 διὰ
625 1361 668 1395 τὸ
672 1358 801 1405 μέτρον
804 1356 903 1404 αὐτό,
919 1358 981 1397 καὶ
985 1355 1046 1400 ἦτο
1050 1368 1132 1403 με-

69 1400 155 1447 ταξὺ
171 1405 306 1446 ἐκείνων
323 1405 373 1447 τὰ
385 1405 487 1444 ὁποῖα
503 1398 695 1450 προεκάλουν
705 1402 773 1437 τὸν
800 1407 1008 1446 θαυμασμόν.
1009 1400 1127 1453 Διότι,

68 1451 118 1494 καὶ
138 1450 210 1479 αὐτὸ
220 1450 260 1483 τὸ
280 1450 461 1497 παράδοξον
482 1451 604 1491 συνέβη
613 1450 700 1491 κατὰ
708 1451 740 1488 τὸ
758 1452 832 1494 ἔτος
845 1452 939 1494 αὐτό,
948 1453 1047 1490 πάρα
1045 1453 1132 1495 πολ-

69 1496 104 1525 λὰ
128 1496 318 1533 οἰκονομικαὶ
342 1496 439 1533 μέτρα
463 1497 515 1532 τῆς
539 1496 768 1534 Κυβερνήσεως
793 1499 831 1526 νὰ
855 1498 943 1535 ἔχουν
967 1491 1132 1536 προκαλέ-

71 1552 113 1569 σει
140 1540 191 1569 τὸν
216 1541 338 1578 γενικὸν
364 1541 561 1579 θαυμασμόν.
584 1541 628 1580 Τὸ
654 1542 761 1577 τονίζω
788 1543 859 1572 αὐτὸ
886 1542 979 1581 χωρὶς
1004 1535 1127 1571 οὐδένα

70 1586 167 1623 φόβον
187 1586 223 1621 νὰ
239 1586 425 1624 κατακριθῶ
444 1586 494 1615 ὅτι
507 1586 615 1624 κάμνω
636 1587 761 1616 ἔπαινον
783 1588 824 1624 εἰς
849 1588 897 1626 τὸν
919 1588 1029 1617 ἑαυτόν
1048 1599 1131 1628 μου.

68 1631 150 1660 Διότι
175 1631 211 1673 τὰ
234 1632 292 1660 ὅσα
313 1631 568 1669 ἐπεπτεύχθησαν
591 1634 646 1668 εἰς
657 1632 709 1673 τὴν
736 1633 932 1671 οἰκονομικὴν
957 1634 1039 1670 ζωὴν
1064 1635 1129 1680 τῆς

70 1676 194 1716 Χώρας
211 1676 262 1713 δὲν
290 1676 379 1720 εἶναι
397 1675 491 1714 ἔργον
519 1676 588 1713 ἑνὸς
617 1678 816 1715 ἀνθρώπου.
823 1678 931 1716 Εἶναι
939 1675 1033 1716 ἔργον
1063 1681 1131 1724 τῆς

70 1719 176 1769 πνοῆς
188 1721 250 1767 καὶ
267 1718 333 1763 τοῦ
338 1717 458 1768 κύρους
480 1715 550 1751 τοῦ
564 1722 678 1767 ἡγέτου
705 1724 758 1763 τῆς
786 1723 1043 1770 Κυβερνήσεως.
1055 1724 1131 1763 Καὶ

60 1767 120 1803 τῆς
145 1767 353 1803 συνεργασίας
380 1768 439 1795 τῶν
465 1768 561 1805 μελῶν
588 1768 640 1805 τῆς
668 1768 914 1810 Κυβερνήσεως,
935 1771 1057 1807 μικροῦ
1072 1769 1128 1809 ἐκ-

69 1806 175 1851 λεκτοῦ
198 1811 362 1848 ἐπιτελείου
384 1812 542 1850 δημοσίων
566 1812 687 1849 ἀνδρῶν
708 1814 762 1853 καὶ
785 1814 861 1851 ὑπὲρ
885 1812 942 1843 πᾶν
968 1815 1039 1844 ἄλλο
1064 1816 1132 1854 τῆς

70 1856 223 1894 ὁμοθύμου
247 1857 297 1885 καὶ
321 1857 540 1894 ἀπεριορίστου
567 1859 852 1895 συμπαραστάσεως
877 1861 930 1888 τοῦ
954 1859 1115 1896 ἐξαιρέτου

70 1902 162 1930 αὐτοῦ
194 1897 287 1929 λαοῦ
302 1902 365 1938 ποὺ
391 1902 509 1939 λέγεται
543 1902 722 1945 Ἑλληνικὸς
755 1904 868 1939 Λαός.
891 1905 1115 1941 (Χειροκροτή-

64 1939 225 2004 ματα).

155 1993 335 2042 Μεσοῦντος
348 2000 387 2041 ἐν
408 2000 536 2043 τούτοις
545 1993 614 2045 τοῦ
614 1980 789 2048 Μαρτίου,
797 1990 882 2043 παρ’
888 2002 970 2041 ὅλην
990 2000 1062 2050 τὴν
1070 1990 1130 2046 λῆ-

69 2038 120 2088 ψιν
142 2045 215 2085 τῶν
220 2044 352 2089 μέτρων
374 2045 494 2090 αὐτῶν,
519 2046 537 2082 ἡ
566 2047 752 2089 προοπτικὴ
765 2049 836 2083 τοῦ
838 2048 1128 2094 προϋπολογισμοῦ

70 2089 256 2131 διεγράφετο
271 2087 420 2133 μελανή.
426 2090 505 2128 Σᾶς
514 2091 718 2129 ἀποκαλύπτω
741 2092 876 2130 σήμερον
896 2094 941 2122 ὅτι
962 2093 1057 2121 κατὰ
1063 2093 1131 2145 τὴν

60 2131 193 2175 πρώτην
219 2135 417 2177 συνεδρίασιν
441 2135 497 2164 ὑπὸ
522 2136 578 2174 τὴν
607 2136 794 2179 Προεδρίαν
821 2138 890 2181 μου
903 2137 953 2176 ἐπὶ
976 2138 1137 2177 θεμάτων

71 2176 203 2226 ἀκριβῶς
232 2181 284 2208 τοῦ
312 2176 597 2217 προϋπολογισμοῦ
604 2182 670 2223 καὶ
687 2182 751 2218 εἰς
757 2182 812 2221 τὴν
835 2183 945 2220 ὁποίαν
976 2177 1130 2221 συμμετέ-

71 2235 141 2269 σχον
164 2219 193 2259 ὁ
213 2225 389 2264 Ὑπουργὸς
406 2226 476 2265 καὶ
496 2226 735 2272 Ὑφυπουργὸς
742 2229 813 2271 τῶν
835 2228 1079 2267 Οἰκονομικῶν,
1091 2229 1132 2267 οἱ

71 2270 233 2312 ἀνώτατοι
235 2270 410 2307 ὑπάλληλοι
424 2273 481 2303 τοῦ
504 2269 644 2310 Γενικοῦ
654 2273 867 2315 Λογιστηρίου
891 2274 943 2314 καὶ
965 2274 1027 2314 τῆς
1040 2274 1125 2312 Κεν-

71 2311 184 2358 τρικῆς
203 2315 391 2359 Ὑπηρεσίας
417 2317 473 2345 τοῦ
503 2316 709 2365 Ὑπουργείου
734 2319 800 2360 τῶν
827 2318 1063 2364 Οἰκονομικῶν,
1081 2319 1128 2357 ὡ-

64 2359 189 2398 σαύτως
207 2360 266 2398 καὶ
292 2362 344 2398 τοῦ
373 2360 581 2403 Ὑπουργείου
609 2364 662 2392 τοῦ
688 2362 926 2407 Συντονισμοῦ,
940 2363 1038 2401 ἀκόμη
1053 2364 1124 2407 καὶ

66 2402 93 2445 ὁ
100 2405 273 2449 Διοικητὴς
301 2406 352 2443 τῆς
380 2406 545 2448 Τραπέζης
574 2407 623 2444 τῆς
653 2407 812 2453 Ἑλλάδος,
835 2409 851 2443 ὁ
877 2408 1004 2443 Γενικὸς
1032 2409 1129 2452 Διευ-

71 2450 181 2493 θυντὴς
201 2451 280 2495 τῆς
277 2450 368 2491 ἰδίας
377 2451 556 2492 Τραπέζης
558 2455 629 2490 καὶ
641 2451 667 2482 ὁ
675 2450 902 2499 Ἀμερικανὸς
905 2447 1135 2498 ἐμπειρογνώ-

71 2502 141 2534 μων
158 2490 203 2534 ἐν
214 2491 257 2540 τῇ
267 2486 509 2543 Νομισματικῇ
509 2488 708 2549 Ἐπιτροπῇ,
720 2502 758 2538 κ.
775 2499 965 2540 Κοστάντζο,
991 2500 1021 2543 ἡ
1031 2499 1132 2544 Ἐπι-

73 2537 181 2590 τροπὴ
179 2540 341 2579 κατέληξε
348 2541 456 2585 μετὰ
473 2542 651 2587 πεντάωρον
681 2543 847 2581 συζήτησιν
877 2545 934 2581 εἰς
945 2544 978 2574 τὸ
1008 2545 1129 2582 συμπέ-

73 2593 198 2625 ρασμα,
208 2586 260 2624 ὅτι
275 2581 329 2623 ἦτο
354 2586 592 2619 ἀναπόφευκτον
606 2584 695 2631 παρ’
709 2583 786 2631 ὅλα
789 2590 832 2631 τὰ
849 2590 958 2628 μέτρα
967 2590 1013 2630 τὰ
1027 2590 1115 2630 ὁποῖα

71 2630 275 2674 ἐλαμβάνοντο
295 2630 348 2665 καὶ
370 2631 585 2669 ὑπεδεικνύετο
609 2633 647 2670 νὰ
669 2634 835 2678 ληφθοῦν,
842 2635 876 2674 τὸ
902 2635 1045 2664 ἔλλειμμα
1066 2636 1127 2679 τοῦ

78 2674 397 2727 Προϋπολογισμοῦ
398 2676 452 2715 νὰ
456 2677 656 2715 προσεγγίσῃ
697 2678 734 2716 τὰ
757 2682 816 2715 300
842 2679 1127 2721 δισεκατομμύρια.

70 2718 218 2769 Ἐκάλεσα
239 2721 309 2765 τὴν
321 2721 521 2764 Ἐπιτροπὴν
538 2723 588 2761 νὰ
603 2723 745 2769 συνέλθῃ
760 2725 835 2762 μετὰ
860 2725 946 2763 μίαν
949 2725 1132 2775 ἑβδομάδα

70 2763 130 2804 καὶ
145 2765 291 2808 ἐζήτησα
297 2764 352 2803 νὰ
365 2766 579 2811 ὑποδειχθοῦν
588 2761 701 2808 λύσεις
716 2768 802 2807 ἔστω
823 2770 878 2806 καὶ
896 2770 940 2800 ἂν
967 2770 1055 2808 ἦσαν
1069 2766 1135 2809 λύ-

72 2821 138 2853 σεις
152 2811 287 2852 θυσίας.
293 2811 347 2850 Ἡ
357 2812 538 2850 ἐφαρμογή
547 2823 605 2853 των
627 2813 676 2852 δὲν
701 2814 832 2850 ἀφεώρα
849 2815 916 2858 τὴν
912 2813 1141 2861 Ἐπιτροπὴν

69 2855 144 2895 ἀλλὰ
156 2855 220 2894 τὴν
246 2856 404 2904 ἀπόφασιν
420 2854 492 2901 τοῦ
510 2857 692 2904 Προέδρου
703 2860 761 2899 τῆς
788 2860 1046 2908 Κυβερνήσεως.
1057 2860 1132 2901 Καὶ

67 2900 134 2942 τὰ
135 2900 329 2943 ὑπηρεσιακὰ
347 2897 432 2942 μέλη
466 2899 515 2946 τῆς
533 2897 746 2947 Ἐπιτροπῆς
756 2905 814 2934 δὲν
844 2905 900 2942 θὰ
915 2906 1001 2953 εἶχον
1019 2898 1132 2948 πλέον

67 2938 181 2989 κανένα
201 2946 291 2985 λόγον
308 2946 491 2989 ὑπάρξεως
496 2948 556 2983 εἰς
556 2948 611 2990 τὴν
629 2949 795 2988 δημοσίαν
799 2950 976 2993 ὑπηρεσίαν
984 2951 1045 2991 ἐὰν
1055 2949 1143 2989 δὲν

64 2989 213 3031 εὕρισκον
233 2985 362 3033 λύσεις.
368 2992 428 3022 Καὶ
455 2993 480 3029 αἱ
506 2992 607 3033 λύσεις
630 2994 831 3031 εὑρέθησαν.
838 2995 923 3038 Εἶναι
950 2996 1039 3025 αὐταὶ
1063 2996 1136 3044 τὰς

69 3035 175 3080 ὁποίας
200 3036 387 3075 περιέλαβεν
399 3036 430 3070 ὁ
435 3037 672 3083 Στρατάρχης
683 3039 849 3084 Παπάγος
860 3041 927 3082 εἰς
932 3041 997 3083 τὴν
1012 3040 1135 3078 ἔκκλη-

74 3080 131 3119 σίν
143 3092 188 3119 του
211 3081 306 3117 πρὸς
308 3081 359 3116 τὸν
383 3081 560 3124 Ἑλληνικὸν
580 3083 647 3111 λαὸν
675 3084 754 3120 κατὰ
776 3085 845 3124 τὰς
852 3085 1026 3120 τελευταίας
1048 3086 1116 3133 ἡμέ-

74 3135 140 3170 ρας
153 3127 203 3154 τοῦ
226 3126 370 3163 Μαρτίου
395 3129 448 3155 τοῦ
471 3126 556 3158 ἔτους
584 3128 718 3166 τούτου.
728 3129 806 3165 Καὶ
816 3129 905 3173 εἶναι
919 3131 1024 3173 αὐταὶ
1032 3131 1081 3175 αἱ
1089 3132 1127 3178 ὁ-

72 3166 169 3214 ποῖαι
184 3170 357 3219 ἐπέτρεψαν
388 3172 437 3213 νὰ
446 3170 615 3216 καλυφθῇ
632 3173 662 3212 τὸ
691 3173 844 3213 ἔλλειμμα
872 3168 933 3214 τοῦ
950 3176 1135 3214 προϋπολο-

74 3214 195 3257 γισμοῦ
200 3216 283 3253 κατὰ
308 3217 341 3255 τὸ
364 3218 539 3247 τελευταῖον
567 3219 713 3263 τρίμηνον
764 3221 815 3257 τῆς
844 3220 1026 3256 ἐκτελέσεώς
1053 3226 1143 3261 του.

73 3259 152 3303 Καὶ
156 3260 254 3304 εἶναι
252 3258 352 3311 τέλος
358 3261 463 3302 αὐταὶ
470 3263 516 3305 αἱ
509 3264 637 3304 ὁποῖαι
644 3265 860 3309 διησφάλισαν
877 3266 936 3306 ὄχι
944 3267 1052 3315 μόνον
1064 3267 1137 3308 τὴν

1183 246 1386 290 δυνατότητα
1391 245 1441 281 νὰ
1450 244 1684 283 προσφύγωμεν
1702 246 1756 284 εἰς
1767 246 1818 284 τὴν
1833 240 2148 293 ἀναπροσαρμογήν,
2159 240 2242 287 ἀλλὰ

1184 290 1240 334 πρὸ
1267 291 1390 325 παντὸς
1407 291 1460 328 τὴν
1485 289 1642 328 ἐπιτυχίαν
1668 291 1720 328 τῆς
1748 291 2056 337 ἀναπροσαρμογῆς.
2063 292 2171 334 Διότι
2180 290 2242 325 δὲν

1186 332 1325 380 ὑπάρχει
1338 325 1544 379 νομισματικὴ
1570 336 1762 379 σταθερότης
1788 336 1882 373 χωρὶς
1909 335 2161 374 ἐμπιστοσύνην.
2172 334 2245 376 Καὶ

1184 383 1234 423 δὲν
1253 374 1393 425 ὑπάρχει
1404 381 1614 428 ἐμπιστοσύνη
1637 380 1714 429 πρὸς
1730 383 1769 421 ἑν
1792 375 1929 427 Κράτος
1939 382 1994 420 ἐὰν
2013 383 2101 420 τοῦτο
2124 380 2175 423 δὲν
2196 380 2245 416 εἶ-

1187 438 1240 463 ναι
1256 422 1310 467 εἰς
1323 432 1418 467 θέσιν
1434 426 1479 459 νὰ
1494 431 1721 472 νοικοκυρεύσῃ
1746 425 1809 465 τὸν
1823 425 2117 465 προϋπολογισμόν.

1273 471 1505 520 Παραλλήλως
1530 472 1615 510 ὅμως
1640 469 1689 515 μὲ
1711 471 1766 510 τὴν
1786 476 2018 510 πραγματικὴν
2051 471 2150 509 μάχην
2184 471 2243 515 διὰ

1187 517 1236 555 τὴν
1256 518 1442 546 ἰσοσκέλισιν
1463 512 1532 546 τοῦ
1535 518 1806 555 προϋπολογισμοῦ
1842 517 1951 554 ἔπρεπε
1970 523 2008 556 νὰ
2025 518 2166 553 ληφθοῦν
2187 517 2246 560 ἐγ-

1178 557 1298 606 καίρως
1324 555 1382 602 καὶ
1401 555 1486 604 ἄλλα
1501 563 1602 601 μέτρα
1615 563 1679 602 τῶν
1705 567 1818 601 ὁποιων
1838 570 1949 608 κυριος
1976 562 2088 603 σκοπὸς
2115 562 2155 591 θὰ
2178 558 2240 601 ἦτο

1180 608 1231 646 νὰ
1227 608 1493 650 προετοιμάσουν
1513 608 1545 645 τὸ
1569 609 1686 645 ἔδαφος
1711 610 1760 636 διὰ
1785 608 1837 656 τὴν
1859 608 1950 649 μετὰ
1955 608 2020 658 τὴν
2027 609 2257 654 ἀναπροσαρ-

1183 646 1289 704 μογὴν
1301 653 1478 700 πολιτικήν,
1490 653 1544 696 τὴν
1566 654 1813 697 ἀποσκοποῦσαν
1824 653 1879 696 εἰς
1886 655 1939 697 τὴν
1960 654 2172 701 διασφάλισιν
2180 654 2244 701 τῆς

1183 694 1338 737 ἐπιτυχίας
1360 690 1477 739 αὐτῆς.
1477 689 1536 734 Εἰς
1561 699 1614 736 τὴν
1638 698 1870 736 ραδιοφωνικήν
1893 709 1946 736 μου
1965 698 2087 736 ὁμιλίαν
2108 699 2160 726 τοῦ
2181 698 2245 727 Δε-

1183 749 1332 787 κεμβρίου
1351 743 1443 780 αὐτὰ
1442 743 1493 780 τὰ
1498 745 1664 781 συνώψισα
1668 743 1717 787 μὲ
1737 743 1791 781 τὴν
1810 740 2008 785 ὁπωσδήποτε
2031 743 2141 781 ἀθώαν
2156 737 2250 783 φρά-

1185 800 1247 830 σιν,
1256 786 1320 817 ὅτι
1316 789 1380 828 θὰ
1391 789 1656 827 ἀκολουθήσωμεν
1667 789 1847 834 βαθμιαίως
1871 788 2174 836 ἀποπαρεμβατικὴν
2182 800 2231 827 πο-

1183 833 1323 880 λιτικήν.
1332 833 1369 861 Ὁ
1384 834 1505 871 κόσμος
1517 834 1545 869 ὁ
1560 834 1674 874 ὁποῖος
1686 833 1784 873 τόσον
1796 833 1988 862 ἐδεινοπάθει
2009 833 2067 863 ἀπὸ
2087 834 2160 871 ὅλην
2179 833 2232 871 τὴν

1186 885 1316 916 σωρείαν
1341 878 1476 916 ἐκείνην
1485 879 1544 908 τῶν
1569 875 1841 919 παρεμβατισμῶν
1852 880 1915 919 καὶ
1927 880 1988 918 τῶν
2013 880 2242 924 περιορισμῶν,

1183 925 1223 965 οἱ
1234 921 1330 952 ὁποῖοι
1356 924 1447 952 τόσον
1472 923 1677 961 διηυκόλυναν
1702 924 1916 967 αὐθαιρεσίας
1928 924 1986 967 καὶ
2003 922 2169 967 σκάνδαλα
2178 923 2242 965 καὶ

1183 969 1413 1015 καταχρήσεις,
1417 968 1540 1006 ἤκουσε
1569 969 1616 1007 τὴν
1647 964 1780 1007 δήλωσιν
1807 969 1903 1007 αὐτὴν
1930 970 2075 1007 ἀσφαλῶς
2103 969 2137 1007 μὲ
2164 970 2243 1011 ἀνα-

1184 1014 1352 1060 κούφισιν.
1352 1008 1466 1046 Ἀλλ’
1471 1015 1655 1059 ἀσφαλῶς,
1660 1014 1760 1048 οὐδεὶς
1787 1014 1975 1051 ἐφαντάζετο
2000 1015 2046 1043 ὅτι
2072 1021 2106 1052 μὲ
2132 1015 2249 1062 πλήρη

1185 1059 1472 1103 συστηματικότητα
1495 1059 1563 1102 καὶ
1580 1060 1713 1105 θάρρος
1729 1060 2036 1105 προητοιμαζόμεθα
2052 1060 2116 1098 διὰ
2129 1059 2183 1098 νὰ
2197 1057 2250 1101 εἰ-

1185 1104 1340 1144 σέλθωμεν
1364 1105 1405 1139 εἰς
1430 1098 1484 1142 τὴν
1510 1105 1667 1143 πολιτικὴν
1691 1106 1744 1133 τοῦ
1769 1105 1933 1142 ἐλευθέρου
1958 1105 2104 1143 ἐμπορίου
2129 1104 2182 1143 τὴν
2200 1106 2254 1141 ὁ-

1184 1150 1277 1191 ποίαν
1293 1151 1428 1187 σήμερον
1446 1150 1505 1187 ἤδη
1526 1150 1775 1188 ἀκολουθοῦμεν.
1791 1150 2082 1194 Προητοιμάσαμεν
2099 1151 2153 1188 τὴν
2173 1145 2243 1190 διά-

1182 1195 1268 1233 λυσιν
1288 1194 1347 1232 τοῦ
1362 1197 1597 1232 ὑφυπουργείου
1618 1195 1786 1233 Ἐμπορίου
1805 1197 1871 1233 μαζὶ
1886 1195 1928 1234 μὲ
1950 1193 2018 1236 ὅλον
2031 1196 2072 1234 τὸ
2094 1196 2246 1248 σύστημα

1188 1241 1258 1280 τῶν
1269 1240 1412 1282 δελτίων,
1431 1240 1462 1276 τὸ
1486 1241 1602 1283 ὁποῖον
1620 1241 1797 1283 ἐστοίχισε
1786 1242 1876 1284 κατὰ
1904 1241 1956 1282 τὴν
1978 1241 2158 1282 τελευταίαν
2171 1249 2245 1284 πε-

1186 1286 1290 1321 ρίοδον
1314 1285 1366 1320 ἕνα
1375 1285 1453 1321 καὶ
1463 1285 1553 1322 πλέον
1578 1285 1876 1323 τρισεκατομμύριον
1901 1287 1962 1320 εἰς
1969 1286 2022 1324 τὴν
2047 1286 2240 1338 οἰκονομίαν.

1178 1325 1259 1364 Καὶ
1267 1331 1308 1366 οἱ
1317 1331 1451 1375 ἀφελεῖς
1462 1332 1542 1368 μᾶς
1528 1331 1766 1376 κατηγόρησαν
1774 1331 1852 1369 καὶ
1858 1328 1903 1371 δι’
1919 1324 2014 1375 αὐτό.
2024 1332 2164 1373 Δηλαδὴ
2171 1333 2250 1382 πῶς

1183 1376 1392 1421 ἐτολμήσαμεν
1417 1376 1461 1416 νὰ
1473 1377 1726 1414 καταργήσωμεν
1751 1376 1783 1415 τὸ
1809 1377 1926 1419 δελτίον
1940 1377 1981 1411 ἐν
1997 1377 2076 1414 ὄψει
2102 1377 2243 1420 ἀναπρο-

1187 1422 1378 1466 σαρμογῆς.
1383 1421 1470 1466 Ἐνῷ
1483 1422 1619 1471 ἀκριβῶς
1635 1422 1704 1461 ἐκεῖ
1726 1422 1858 1463 ἐνέκειτο
1884 1422 1914 1461 ἓν
1939 1422 1996 1467 ἀπὸ
2020 1423 2057 1465 τὰ
2077 1422 2151 1458 ἄλλα
2163 1423 2252 1467 ἐπι-

1182 1468 1259 1505 τυχῆ
1284 1468 1405 1504 σημεῖα
1416 1464 1482 1495 τοῦ
1492 1467 1751 1504 προγράμματός
1761 1478 1829 1505 μας,
1853 1468 1914 1496 διὰ
1920 1468 1975 1506 τὰ
1984 1468 2086 1503 ὁποῖα
2098 1468 2232 1505 σήμερον

1184 1508 1273 1552 πλέον
1302 1509 1326 1544 8
1331 1512 1449 1557 μῆνας
1470 1512 1566 1553 μετὰ
1569 1512 1629 1550 τὴν
1656 1513 1944 1555 ἀναπροσαρμογήν
1974 1513 2133 1563 δυνάμεθα
2159 1508 2246 1560 ἀφό-

1185 1558 1244 1597 βως
1276 1557 1334 1595 νὰ
1344 1557 1682 1601 ὑπερηφανευώμεθα.
1704 1555 2039 1597 (Χειροκροτήματα).
2064 1559 2165 1600 Διότι
2179 1558 2243 1601 τὴν

1171 1601 1302 1639 ἄμυναν
1324 1603 1365 1637 εἰς
1387 1602 1420 1642 τὸ
1441 1602 1524 1640 θέμα
1536 1601 1600 1641 τῶν
1624 1604 1718 1640 τιμῶν
1740 1603 1790 1639 δὲν
1806 1603 1867 1640 τὴν
1891 1604 2176 1644 ἀντεμετωπίσαμεν
2190 1604 2242 1651 μὲ

1184 1648 1264 1684 εἶδος
1295 1647 1508 1688 ἀστυνομικῶν
1536 1648 1678 1694 μέτρων,
1697 1648 1791 1690 ὅπως
1808 1641 1895 1688 εἶναι
1915 1649 2005 1678 κατά
2022 1654 2095 1686 τινα
2119 1649 2241 1690 τρόπον

1184 1692 1236 1729 τὰ
1244 1693 1358 1733 δελτία
1365 1694 1442 1732 καὶ
1450 1693 1495 1736 οἱ
1505 1694 1726 1741 περιορισμοί,
1740 1694 1832 1736 ἀλλὰ
1823 1694 1891 1739 μὲ
1904 1694 2115 1743 φυσιολογικὰ
2134 1694 2240 1736 μέτρα

1185 1738 1394 1779 ἀντιδράσεως
1429 1738 1476 1779 ἐξ
1497 1738 1589 1782 αὐτῆς
1623 1740 1675 1775 τῆς
1710 1739 1910 1786 οἰκονομίας.
1929 1730 2063 1778 Δηλαδή,
2098 1740 2149 1779 διὰ
2179 1742 2231 1777 τῆς

1184 1783 1221 1823 ἐκ
1239 1783 1295 1824 τῆς
1319 1783 1542 1823 καθιερώσεως
1571 1784 1639 1825 τοῦ
1650 1783 1817 1821 ἐλευθέρου
1845 1784 2000 1825 ἐμπορίου
2021 1779 2246 1823 ἀποκαταστά-

1187 1838 1262 1862 σεως
1294 1830 1347 1856 τοῦ
1377 1829 1601 1864 φυσιολογικοῦ
1634 1829 1867 1869 ἀνταγνισμοῦ.
1880 1828 1980 1872 Ἀλλ’
2001 1830 2106 1869 ἐπειδὴ
2138 1833 2241 1870 τοιού-

1185 1874 1237 1912 του
1275 1873 1375 1918 εἴδους
1416 1873 1549 1912 ριζικαὶ
1560 1873 1745 1916 μεταβολαὶ
1767 1874 1821 1917 εἰς
1847 1875 1901 1912 τὴν
1940 1875 2117 1913 οἰκονομίαν
2154 1875 2240 1915 εἶναι

1184 1919 1250 1956 κατ’
1290 1915 1405 1965 ἐξοχὴν
1441 1912 1645 1957 ἐπικίνδυνοι
1670 1919 1711 1954 εἰς
1751 1919 1784 1948 τὸ
1823 1920 2026 1957 μεταβατικόν
2066 1931 2125 1965 των
2165 1917 2247 1963 στά-

1185 1963 1273 2006 διον,
1286 1963 1347 1991 ἐκεῖ
1369 1963 1483 1999 κυρίως
1511 1964 1706 2002 ἐστρέψαμεν
1734 1964 1786 2002 τὴν
1813 1965 1971 2003 προσοχήν
1996 1976 2083 2002 μας.
2113 1965 2154 1994 Ὁ
2183 1966 2245 2011 διὰ

1186 2009 1253 2050 τῆς
1263 2008 1453 2046 Ἐμπορικῆς
1475 2009 1647 2047 Τραπέζης
1677 2010 1888 2050 μηχανισμός,
1906 2010 1955 2052 τὸν
1985 2011 2090 2050 ὁποῖον
2120 2011 2230 2047 ἀρτίως

1178 2053 1386 2102 ὠργάνωσεν
1398 2054 1417 2082 ὁ
1429 2055 1490 2090 νῦν
1516 2053 1692 2097 Ὑπουργὸς
1705 2057 1771 2091 τοῦ
1786 2055 1983 2102 Ἐμπορίου,
1998 2054 2246 2098 παρακολουθή-

1186 2108 1272 2142 σεως
1282 2098 1408 2143 ἐλέγχου
1429 2099 1523 2136 τιμῶν
1543 2099 1595 2128 καὶ
1615 2099 1633 2137 ἡ
1653 2100 1682 2128 ἐν
1705 2100 1853 2149 δεδομένῃ
1875 2100 1966 2138 μόνον
1991 2102 2115 2146 στιγμῇ
2113 2101 2248 2142 παρέμ-

1185 2142 1298 2187 βασις,
1310 2144 1476 2188 ἀπεδείχθη
1490 2144 1637 2192 μέθοδος
1657 2145 1704 2195 ὄχι
1729 2145 1821 2185 μόνον
1847 2146 1961 2187 ἁπλῶς
1972 2147 2242 2197 οἰκονομικωτέρα

1185 2188 1257 2230 ἀλλὰ
1264 2188 1333 2230 πρὸ
1339 2189 1463 2230 παντὸς
1477 2190 1671 2230 ὁμαλωτέρα
1680 2191 1733 2231 καὶ
1752 2191 1899 2233 ἀσφαλῶς
1918 2191 2165 2220 διευκολύνουσα
2165 2190 2250 2236 τὴν

1182 2234 1445 2279 ἀποκατάστασιν
1462 2235 1612 2278 παλαιᾶς
1620 2235 1804 2271 ἰσορροπίας
1827 2236 1868 2271 εἰς
1896 2236 1949 2274 τὴν
1976 2237 2177 2275 οἰκονομίαν.
2190 2236 2242 2278 Τὸ

1185 2279 1215 2321 δὲ
1241 2279 1318 2328 μαζὶ
1326 2279 1387 2323 μὲ
1395 2279 1449 2317 τὴν
1475 2280 1765 2318 ἀναπροσαρμογὴν
1789 2281 1909 2318 ληφθὲν
1936 2281 2047 2319 μέτρον
2072 2282 2125 2320 τῆς
2150 2283 2249 2319 ἱδρύ-

1187 2335 1261 2361 σεως
1288 2321 1340 2361 τῆς
1361 2325 1570 2365 πενταμελοῦς
1599 2325 1631 2365 ἐξ
1661 2325 1846 2363 Ὑπουργῶν
1870 2325 2070 2368 Ἐπιτροπῆς,
2083 2327 2152 2364 ὑπὸ
2172 2328 2246 2368 τὴν

1192 2369 1395 2411 Προεδρίαν
1421 2365 1536 2412 αὐτοῦ
1531 2369 1594 2410 τοῦ
1612 2368 1804 2417 Ὑπουργοῦ
1816 2373 1883 2410 τοῦ
1885 2372 2116 2419 Συντονισμοῦ
2113 2372 2176 2413 καὶ
2194 2373 2247 2418 μὲ

1181 2411 1283 2451 πλήρη
1312 2414 1505 2447 δικαιώματα
1526 2412 1678 2453 ἐπέτρεψε
1700 2416 1790 2452 κατὰ
1800 2416 1857 2452 τὸν
1884 2417 2084 2459 ἁπαλώτερον
2100 2417 2247 2462 τρόπον,

1180 2459 1239 2506 τὴν
1264 2459 1481 2508 διαμόρφωσιν
1509 2461 1568 2489 τῶν
1594 2461 1688 2500 τιμῶν
1709 2461 1767 2501 καὶ
1794 2462 1848 2500 τὴν
1877 2462 2045 2500 ἀποφυγὴν
2070 2463 2249 2503 οἱασδήπο-

1179 2516 1212 2542 τε
1242 2504 1365 2546 τάσεως
1369 2506 1636 2550 κερδοσκοπίας.
1646 2506 1748 2546 Εἶναι
1758 2505 1851 2552 ἄξιον
1867 2507 2047 2545 ἰδιαιτέρας
2067 2501 2235 2554 ἐξάρσεως

1185 2550 1227 2591 ὅτι
1239 2550 1283 2596 ἡ
1290 2549 1471 2600 Ἐπιτροπὴ
1476 2550 1560 2590 αὐτὴ
1582 2551 1786 2598 χειρισθεῖσα
1790 2547 1898 2594 τόσον
1900 2549 2100 2597 πολύπλοκα
2104 2553 2243 2598 θέματα

1185 2594 1264 2630 μέσῳ
1295 2595 1450 2638 ἀνησύχου
1481 2595 1699 2633 ἀτμοσφαίρας
1727 2596 1779 2633 καὶ
1807 2597 2002 2633 ἀδιστάκτου
2022 2598 2243 2647 ἀντιδράσεως

1180 2640 1255 2676 τῆς
1265 2639 1568 2680 Ἀντιπολιτεύσεως
1591 2637 1674 2680 παρ’
1696 2641 1820 2676 οὐδενὸς
1849 2642 1961 2679 ἤκουσε
1996 2643 2135 2680 σοβαράν
2161 2648 2243 2695 τινα

1186 2685 1452 2729 διαμαρτυρίαν.

1269 2729 1324 2772 Ἐν
1338 2731 1394 2778 τῷ
1391 2730 1538 2775 πλαισίῳ
1556 2731 1685 2782 πάντοτε
1709 2729 1802 2773 αὐτῆς
1824 2728 1878 2778 τῆς
1893 2733 2053 2770 πολιτικῆς
2068 2733 2090 2772 ἡ
2114 2733 2252 2779 Κυβέρ-

1188 2786 1285 2817 νησις
1295 2770 1428 2812 ἔπρεπεν
1449 2775 1610 2812 ἐγκαίρως
1635 2776 1686 2815 νὰ
1701 2777 1843 2814 προλάβῃ
1869 2777 1940 2814 ὅλας
1970 2778 2019 2813 τὰς
2046 2778 2186 2819 δυνατὰς
2190 2779 2246 2815 ὑ-

1187 2819 1336 2864 ψωτικὰς
1344 2819 1458 2865 τάσεις
1471 2821 1551 2867 μετὰ
1576 2820 1631 2859 τὴν
1654 2822 1968 2864 ἀναπροσαρμογήν.
1981 2823 2042 2851 Καὶ
2067 2823 2088 2860 ἡ
2110 2816 2249 2866 καλυτέ-

1189 2876 1224 2902 ρα
1247 2864 1347 2910 πρὸς
1351 2866 1438 2894 τοῦτο
1465 2865 1597 2901 μέθοδος
1625 2866 1675 2903 ἦτο
1703 2867 1739 2896 νὰ
1765 2867 1984 2910 προετοιμάσῃ
1994 2868 2059 2906 πρὸ
2085 2869 2150 2910 τῆς
2163 2869 2243 2913 ἀνα-

1178 2912 1421 2955 προσαρμογῆς
1428 2910 1489 2947 ὅλα
1501 2909 1617 2954 ἐκεῖνα
1626 2912 1667 2950 τὰ
1668 2911 1781 2959 μέτρα
1790 2912 1834 2952 τὰ
1842 2912 1936 2952 ὁποῖα
1945 2913 1995 2951 θὰ
2004 2913 2142 2957 ἐπέδρων
2152 2921 2249 2955 πτω-

1181 2956 1272 2996 τικῶς
1297 2955 1344 2983 ἐπὶ
1366 2956 1417 2992 τῆς
1442 2956 1689 2993 διαμορφώσεως
1713 2955 1769 2986 τῶν
1793 2951 1920 3001 τιμῶν.
1917 2957 1999 2999 Ἓν
2004 2960 2143 2987 τοιοῦτον
2161 2955 2243 3002 κατ’

1184 2999 1306 3046 ἐξοχὴν
1309 2999 1435 3037 μέτρον
1461 3000 1536 3035 διὰ
1540 3000 1595 3038 τὴν
1613 3002 1882 3037 προετοιμασίαν
1892 3003 1954 3040 τοῦ
1963 3002 2082 3032 ὁποίου
2095 3004 2158 3042 καὶ
2172 3004 2224 3042 τὴν

1182 3044 1371 3085 ἐφαρμογὴν
1385 3044 1466 3084 εἶναι
1484 3046 1609 3084 δίκαιον
1633 3047 1677 3089 νὰ
1691 3046 1794 3088 ἐξάρω
1803 3047 1994 3095 ἰδιαιτέρως
2014 3048 2068 3086 τὴν
2090 3047 2250 3086 λαμπρὰν

1180 3089 1351 3131 συμβολὴν
1375 3091 1425 3126 τοῦ
1457 3090 1681 3128 ἀναπληρωτοῦ
1710 3091 1912 3135 Ὑπουργοῦ
1924 3094 1976 3121 τοῦ
2009 3092 2237 3134 Συντονισμοῦ,

1188 3134 1249 3168 τότε
1274 3132 1467 3180 Ὑπουργοῦ
1475 3137 1542 3175 τοῦ
1545 3135 1729 3172 Ἐμπορίου,
1746 3136 1966 3179 βοηθουμένου
1989 3138 2046 3166 ὑπὸ
2071 3140 2124 3168 τοῦ
2135 3136 2242 3176 Ἀμε-

1187 3181 1313 3222 ρικανοῦ
1336 3180 1387 3215 τῆς
1411 3180 1624 3214 Διευθύνσεως
1645 3181 1856 3225 Ἐξωτερικοῦ
1877 3182 2051 3227 Ἑμπορίου
2063 3187 2107 3220 κ.
2118 3183 2254 3228 Λίμπυ,

1183 3222 1239 3271 ἦτο
1250 3218 1277 3261 ἡ
1300 3224 1419 3262 πλήρης
1443 3225 1552 3265 σχεδὸν
1575 3226 1813 3273 ἀποδέσμευσις
1823 3222 1888 3270 τῶν
1902 3228 2114 3276 εἰσαγωγῶν.
2109 3224 2241 3272 Ἐφαρ-

1185 3270 1335 3306 μοσθεῖσα
1362 3269 1419 3311 εἰς
1434 3270 1487 3302 δύο
1515 3271 1690 3313 διαδοχικὰ
1708 3264 1832 3314 στάδια,
1857 3272 1889 3301 τὸ
1918 3274 2039 3309 πρῶτον
2069 3272 2254 3324 ταὐτοχρό-
