2504 3500
151 2674 206 2718 Εἰς
226 2673 281 2711 τὴν
305 2672 443 2711 Βόννην,
466 2671 518 2706 τὰς
545 2669 722 2706 πολυώρους
748 2668 1052 2705 διαπραγματεύσεις
1078 2668 1114 2715 μὲ

68 2719 133 2759 τοὺς
162 2716 468 2759 ἐμπειρογνώμονας,
489 2715 681 2756 διεξήγαγον
702 2715 804 2756 πλέον
822 2715 835 2743 ὁ
864 2713 1066 2756 Καθηγητὴς
1084 2723 1117 2753 κ.

70 2763 259 2807 Νικολαΐδης
279 2762 315 2801 μὲ
341 2761 391 2796 τὸν
415 2771 455 2800 κ.
467 2761 696 2800 Μαντζαβῖνον,
723 2760 772 2796 τὸν
798 2771 838 2796 κ.
851 2758 1127 2804 Τριανταφύλλην

69 2809 123 2844 καὶ
137 2808 187 2837 τὸν
210 2819 244 2844 κ.
264 2808 444 2852 Παλαμᾶν.
459 2805 496 2836 Ὁ
521 2817 561 2844 κ.
573 2805 727 2841 Καψάλης
748 2805 803 2841 καὶ
822 2804 882 2841 ἐγὼ
907 2804 1125 2844 περιωρίσθη-

69 2866 120 2891 μεν
144 2855 193 2891 εἰς
209 2852 260 2894 τὰς
287 2851 462 2898 συνομιλίας
488 2862 547 2886 μας
562 2850 604 2888 μὲ
631 2849 682 2879 τὸν
711 2849 978 2888 Πρωθυπουργὸν
1003 2847 1069 2884 καὶ
1077 2847 1123 2894 μὲ

73 2898 138 2935 τοὺς
168 2896 386 2933 Ὑπουργούς,
402 2895 455 2931 καὶ
483 2895 656 2933 ἠρχίσαμεν
686 2894 743 2924 ἀπὸ
796 2894 847 2923 τὸν
877 2893 1120 2935 Καγγελλάριον

71 2943 301 2985 Ἀντενάουερ.

1264 2347 1519 2384 Τοιουτοτρόπως
1550 2347 1602 2382 τὰς
1633 2345 1757 2382 πρώτας
1787 2344 1922 2381 πρωϊνὰς
1952 2344 2035 2379 ὥρας
2067 2343 2117 2378 τῆς
2149 2345 2224 2378 10ης

1181 2394 1340 2431 τρέχοντος
1370 2393 1472 2430 μηνός,
1504 2390 1564 2429 ἐγὼ
1581 2391 1645 2429 μὲν
1671 2390 1818 2428 ἐδήλωσα
1844 2388 1927 2425 πρὸς
1949 2388 2000 2417 τὸν
2028 2399 2065 2422 κ.
2084 2387 2229 2423 Ἔρχαρτ

1178 2440 1227 2468 ὅτι
1248 2438 1418 2476 ἐπροτίμων
1445 2437 1492 2467 νὰ
1513 2435 1688 2473 ἐπιστρέψω
1718 2436 1760 2470 εἰς
1792 2434 1857 2472 τὴν
1874 2433 2014 2467 Ἑλλάδα
2033 2431 2126 2471 χωρὶς
2155 2442 2224 2470 καμ-

1178 2484 1247 2523 μίαν
1275 2483 1469 2522 συμφωνίαν,
1493 2482 1577 2519 παρὰ
1605 2480 1789 2519 συμφωνίαν
1816 2479 2025 2514 οὐσιαστικῶς
2047 2477 2138 2516 μόνον
2168 2480 2225 2505 100

1181 2528 1412 2567 ἑκατομμυρίων
1440 2527 1587 2565 μάρκων.
1607 2525 1644 2555 Ὁ
1676 2524 1912 2561 Ὑφυπουργὸς
1928 2524 1986 2552 τῶν
2015 2522 2226 2559 Ἐξωτερικῶν

1179 2576 1235 2612 μοῦ
1269 2574 1419 2613 ἐξηγοῦσε
1455 2573 1505 2602 διὰ
1539 2573 1643 2607 σειρᾶς
1678 2569 1855 2603 ἀξιολόγων
1885 2567 2142 2606 ἐπιχειρημάτων,
2175 2566 2225 2599 τὰς

1183 2619 1343 2654 δυσκολίας
1365 2630 1434 2655 των,
1452 2618 1504 2646 καὶ
1526 2617 1559 2646 τὸ
1582 2616 1726 2653 ἑσπέρας
1740 2615 1781 2649 εἰς
1804 2614 1835 2643 τὸ
1859 2616 1960 2651 γεῦμα
1979 2615 2039 2650 τοῦ
2053 2611 2237 2648 Καγκελλα-

1184 2665 1247 2702 ρίου
1276 2664 1349 2699 πρὸς
1377 2663 1465 2703 τιμήν
1492 2668 1568 2700 μας,
1586 2662 1601 2691 ὁ
1628 2668 1664 2701 κ.
1683 2660 1829 2696 Ἔρχαρτ
1876 2659 1918 2696 μὲ
1938 2657 2157 2697 ἐπληροφόρει,
2185 2657 2236 2687 ὅτι

1183 2710 1264 2747 παρὰ
1292 2709 1343 2743 τὰς
1372 2706 1515 2742 ἐντόνους
1542 2705 1756 2743 προσπαθείας
1786 2716 1837 2733 του
1866 2704 1916 2735 δὲν
1969 2702 2049 2742 εἶχεν
2078 2702 2228 2738 ἐξευρεθῆ

1186 2754 1292 2792 τρόπος
1327 2753 1558 2792 συμβιβασμοῦ
1574 2751 1649 2787 μετὰ
1682 2752 1736 2780 τοῦ
1770 2748 1978 2785 Ὑπουργείου
2011 2748 2080 2778 τῶν
2103 2747 2229 2789 Ἐξωτε-

1185 2801 1295 2837 ρικῶν.
1314 2799 1499 2834 Προφανῶς
1523 2797 1603 2834 εἶχεν
1625 2795 1743 2842 ἐπιστῆ
1753 2795 1770 2832 ἡ
1793 2794 1867 2830 ὥρα
1882 2794 1918 2822 νὰ
1940 2791 2068 2829 ζητηθῇ
2083 2792 2096 2828 ἡ
2120 2791 2236 2829 παρέμ-

1184 2846 1271 2878 βασις
1296 2845 1346 2873 τοῦ
1370 2843 1605 2879 Ἀντενάουερ.
1613 2842 1717 2875 Εὐθὺς
1742 2841 1816 2873 μετὰ
1841 2838 1873 2868 τὸ
1897 2839 1997 2874 γεῦμα
2017 2839 2067 2867 τὸν
2092 2836 2243 2874 ἐπλησία-

1185 2902 1221 2919 σα
1244 2889 1317 2927 μετὰ
1338 2890 1390 2917 τοῦ
1410 2887 1575 2929 πολυτίμου
1600 2885 1796 2929 συναδέλφου
1813 2893 1873 2926 μου
1897 2893 1929 2918 κ.
1948 2882 2084 2919 Καψάλη
2108 2881 2166 2915 καὶ
2181 2882 2234 2910 τοῦ

1182 2933 1284 2963 ἔθεσα
1297 2934 1327 2963 τὸ
1350 2933 1482 2972 ζήτημα.
1503 2930 1577 2966 Τοῦ
1589 2930 1731 2969 ἐξήγησα
1753 2929 1794 2958 ὅτι
1820 2927 2062 2969 ἐπανεμφάνισις
2086 2928 2137 2964 τῆς
2158 2926 2233 2965 Γερ-

1182 2980 1292 3020 μανίας
1316 2979 1356 3013 εἰς
1382 2978 1435 3015 τὴν
1459 2977 1591 3010 Ἑλλάδα
1615 2975 1652 3014 μὲ
1673 2978 1731 3004 100
1759 2972 1980 3010 ἑκατομμύρια
1995 2972 2099 3010 μάρκα
2121 2972 2157 2999 δι’
2184 2971 2239 3013 ἐμὲ

1183 3025 1238 3062 ἦτο
1263 3023 1430 3057 ἀδύνατος.
1451 3021 1521 3057 Τοῦ
1543 3021 1670 3050 ἐτόνισα
1692 3020 1735 3049 ὅτι
1765 3019 1812 3052 ἐφ’
1839 3019 1918 3052 ὅσον
1939 3018 1966 3045 οἱ
1988 3017 2188 3055 οἰκονομικοὶ
2206 3017 2243 3052 ὑ-

1187 3068 1315 3107 πουργοὶ
1342 3066 1419 3097 εἶναι
1447 3066 1618 3106 σύμφωνοι,
1641 3064 1733 3107 μένει
1755 3062 1857 3097 αὐτὸς
1876 3063 1915 3091 νὰ
1941 3061 2020 3099 λύσῃ
2046 3061 2077 3091 τὸ
2102 3061 2243 3103 ζήτημα.

1184 3113 1277 3150 Εἶναι
1291 3112 1448 3154 δύσκολον
1461 3112 1507 3150 νὰ
1519 3109 1708 3148 λησμονήσω
1727 3108 1781 3144 τὰς
1804 3107 1933 3143 στιγμὰς
1953 3107 2071 3141 ἐκείνας
2092 3107 2167 3135 ὅπου
2188 3106 2234 3143 μέ-

1187 3170 1229 3196 σῳ
1257 3158 1437 3193 κοινωνικῆς
1470 3156 1686 3191 συναντήσεως
1717 3154 1731 3182 ὁ
1760 3152 1967 3190 Ἀντενάουερ
2000 3152 2032 3190 μὲ
2064 3151 2246 3188 καταπλήσ-

1190 3215 1313 3240 σουσαν
1333 3203 1568 3237 ζωτικότητα-
1570 3200 1610 3238 μὴ
1642 3199 1815 3237 λησμονῆτε
1848 3198 1861 3226 ὁ
1892 3196 2099 3231 Ἀντενάουερ
2158 3196 2237 3224 εἶναι

1185 3248 1303 3288 ἡλικίας
1330 3251 1382 3281 77
1646 3243 1786 3278 ἐνώπιόν
1804 3254 1860 3282 μας
1887 3242 1956 3279 τοὺς
1983 3241 2159 3278 ὑπουργοὺς
2186 3241 2238 3269 καὶ
1521 3246 1622 3275 ἐκάλει
1397 3248 1520 3277 ἐτῶν‒
