2468 3500
121 212 312 250 διϋλιστήρια
341 212 531 249 πετρελαίου,
560 213 620 249 καὶ
639 213 700 251 ἤδη
724 213 938 256 εὑρισκόμεθα
964 215 1009 253 εἰς
1036 213 1068 243 τὸ
1098 213 1169 244 στά-

121 259 183 286 διον
211 258 261 295 τῆς
289 257 415 295 μελέτης
443 259 502 286 τῶν
531 258 763 296 ὑποβληθεισῶν
785 258 970 298 προτάσεων
997 258 1052 291 καὶ
1077 259 1171 287 δύνα-

119 314 170 342 μαι
199 303 235 336 νὰ
262 303 422 341 βεβαιώσω
451 303 506 342 τὴν
529 299 673 343 Βουλήν,
692 304 742 337 ὅτι
765 304 805 341 τὰ
827 304 1019 342 διϋλιστήρια
1046 302 1089 333 θὰ
1114 316 1164 336 κα-

124 349 354 381 τασκευασθοῦν
381 349 433 378 καὶ
462 349 479 387 ἡ
511 348 642 387 δήλωσις
674 349 749 388 αὕτη
781 350 858 379 εἶναι
914 350 1164 387 βαρυσήμαντος,

119 397 201 423 διότι
218 393 326 430 ἐλπίζω
353 393 402 423 ὅτι
423 393 537 432 πάντες
560 395 733 436 γνωρίζετε,
762 395 807 424 ὅτι
832 395 920 429 οὐδὲν
947 395 1017 424 ἄλλο
1044 395 1164 434 σχέδιον

122 441 290 477 συνήντησε
318 436 372 471 καὶ
399 442 544 476 συναντᾷ,
566 441 612 473 δι’
643 440 806 478 εὐνοήτους
838 440 958 478 λόγους,
988 440 1045 482 τὴν
1073 441 1171 472 πλέον

119 484 357 525 συστηματικὴν
368 484 427 520 καὶ
456 484 695 523 ὠργανωμένην
716 485 917 523 ἀντίδρασιν.
947 485 1032 515 Ἀλλὰ
1060 486 1078 524 ἡ
1107 486 1169 517 Κυ-

119 529 262 568 βέρνησις
289 526 457 567 Παπάγου
484 534 565 562 εἶναι
588 530 783 568 ἰσχυροτέρα,
812 531 998 569 οἱασδήποτε
1025 529 1171 568 ἀντιδρά-

122 584 211 612 σεως.
228 574 279 609 Τὸ
298 572 393 611 ἔργον
419 577 471 604 τοῦ
495 574 656 612 Μέγδοβα,
681 575 713 604 τὸ
738 576 843 605 ὁποῖον
869 574 909 605 θὰ
931 575 1095 613 μεταβάλῃ
1117 576 1175 617 τὴν

119 620 189 655 ὄψιν
213 621 264 656 τῆς
291 618 472 658 Θεσσαλίας
491 620 550 653 καὶ
569 620 609 650 θὰ
634 619 781 658 βοηθήσῃ
805 621 864 659 τὴν
884 621 1065 660 προώθησιν
1115 622 1172 651 τοῦ

120 666 189 694 ὅλου
218 665 420 701 ἐνεργειακοῦ
447 664 664 704 προβλήματος
693 666 745 703 τῆς
768 665 888 707 Χώρας
943 666 1166 703 προεκηρύχθη

121 709 174 738 καὶ
190 710 283 739 αὐτό.
297 709 361 738 Καὶ
379 709 512 747 δύναμαι
534 714 572 739 νὰ
590 710 754 748 βεβαιώσω
777 711 831 749 τὴν
856 711 996 750 Βουλήν,
1010 710 1058 739 ὅτι
1078 712 1167 738 ἰδιαι-

124 754 212 791 τέρως
237 756 386 792 σημαῖνον
410 754 496 790 εἶναι,
523 755 570 784 ἐπὶ
595 757 648 784 τοῦ
669 755 763 793 ἔργου
788 756 896 785 τούτου
922 756 953 784 τὸ
979 755 1096 790 διεθνὲς
1124 757 1164 785 ἐν-

119 801 290 837 διαφέρον.
298 798 357 830 Τὰ
369 799 541 838 φράγματα
554 798 689 841 Ἀξιοῦ,
700 800 906 839 Ἀλιάκμονος
927 801 983 834 καὶ
992 799 1167 839 Ἀχελώου,

123 845 208 873 τόσον
230 843 339 882 ἐξόχου
364 845 516 882 σημασίας
538 845 589 874 διὰ
610 845 664 883 τὴν
686 846 842 884 γεωργίαν
864 857 931 884 μας,
949 847 1101 884 εἰσῆλθον
1116 846 1168 875 καὶ

119 889 195 920 αὐτὰ
218 890 269 928 εἰς
281 892 323 921 τὸ
337 889 461 917 στάδιον
485 891 537 927 τῆς
560 891 898 928 πραγματοποιήσεως.
916 891 978 920 Καὶ
998 893 1021 935 ἡ
1043 890 1173 926 Πτολε-

120 934 186 973 μαΐς
209 935 262 963 δὲν
286 933 331 969 θὰ
352 933 494 972 βραδύνῃ
518 934 556 963 νὰ
579 937 629 973 ἴδῃ
651 935 705 973 τὴν
727 936 898 973 ὁριστικήν
911 944 968 974 της
993 936 1096 975 λύσιν,
1116 937 1170 964 διὰ

121 979 194 1007 νέων
223 979 426 1017 συνδυασμῶν
454 980 480 1009 οἱ
508 979 605 1008 ὁποῖοι
632 981 832 1018 εὑρίσκονται
857 981 911 1020 τὴν
941 981 1070 1022 στιγμὴν
1099 979 1170 1009 ταύ-

118 1036 172 1063 την
193 1024 250 1053 ὑπὸ
271 1024 415 1063 μελέτην.
433 1024 587 1058 Ἐνταῦθα
605 1026 744 1063 ἐπιθυμῶ
768 1026 805 1055 νὰ
823 1026 987 1063 βεβαιώσω
1009 1026 1065 1065 τὴν
1087 1026 1170 1056 Βου-

117 1071 193 1110 λήν,
212 1070 257 1098 ὅτι
290 1069 373 1104 ξένοι
403 1070 689 1108 ἐμπειρογνώμονες
721 1071 861 1106 διεθνοῦς
893 1071 1006 1108 κύρους
1037 1072 1072 1110 μὲ
1104 1072 1171 1102 ἐβε-

116 1115 257 1143 βαίωσαν
289 1116 336 1142 ὅτι
367 1115 397 1142 αἱ
429 1115 633 1153 δυνατότητες
658 1117 717 1153 τῆς
756 1116 975 1155 Πτολεμαΐδος
1004 1117 1063 1150 ἀπὸ
1095 1116 1167 1149 ἀπό-

117 1169 200 1197 ψεως
229 1161 422 1198 παραγωγῆς
451 1160 601 1197 θερμικῆς
633 1160 801 1202 ἐνεργείας,
831 1161 914 1197 εἶναι
934 1161 1009 1190 πολὺ
1036 1162 1168 1200 μεγαλύ-

120 1216 205 1242 τεραι
231 1205 289 1234 ἀπὸ
315 1206 394 1243 ὅσον
416 1205 486 1234 ποτὲ
516 1205 770 1243 ἐφαντάσθημεν.

205 2142 294 2171 Κατὰ
321 2142 376 2180 τὴν
404 2142 566 2180 διάρκειαν
594 2143 644 2180 τῆς
673 2140 856 2180 παραμονῆς
882 2153 943 2179 μας
966 2139 1012 2178 εἰς
1037 2140 1163 2181 Ἀμερι-

121 2187 190 2229 κήν,
208 2185 443 2226 ἐπεσκέφθημεν
468 2187 518 2215 καὶ
544 2187 594 2216 τὸν
616 2187 787 2220 Καναδᾶν.
824 2187 925 2224 Ἐκεῖ,
940 2184 1167 2225 ἀνεξαρτήτως

121 2234 178 2262 τοῦ
192 2232 358 2270 γεγονότος
381 2234 432 2269 τῆς
457 2232 641 2270 ἐκφράσεως
666 2232 867 2270 αἰσθημάτων
891 2232 995 2268 φιλίας
1017 2232 1070 2261 καὶ
1095 2232 1168 2260 ἀνα-

120 2277 295 2313 γνωρίσεως
318 2276 394 2313 πρὸς
417 2274 553 2318 Χώραν,
570 2277 587 2314 ἡ
607 2277 702 2306 ὁποία
719 2276 842 2315 ὑπῆρξε
869 2279 1011 2313 γενναῖος
1035 2277 1165 2310 πάντοτε

123 2322 381 2360 συμπαραστάτης
403 2323 448 2357 εἰς
474 2322 528 2357 τὰς
551 2321 734 2360 δοκιμασίας
757 2333 828 2359 μας,
849 2320 1006 2361 ἐθέσαμεν
1029 2322 1061 2351 τὸ
1087 2324 1172 2360 πρῶ-

122 2378 169 2403 τον
192 2367 267 2410 μετὰ
291 2366 341 2401 τὰς
368 2366 549 2407 Ἡνωμένας
577 2367 746 2401 Πολιτείας
768 2367 825 2396 ὑπὸ
849 2367 1014 2405 συζήτησιν
1039 2368 1080 2401 τὰ
1102 2370 1163 2409 σχέ-

118 2412 167 2440 διά
191 2423 249 2449 μας
271 2412 328 2445 ἐπὶ
348 2413 414 2443 τῶν
431 2412 644 2444 ἐπενδύσεων.
659 2412 725 2441 Καὶ
750 2413 927 2450 γνωρίζετε,
953 2413 998 2442 ὅτι
1024 2413 1078 2451 τὴν
1107 2424 1170 2443 στι-

120 2457 199 2495 γμὴν
230 2457 343 2495 ταύτην
371 2457 659 2495 ἐμπειρογνώμονες
690 2459 750 2495 τῆς
775 2458 956 2495 Καναδικῆς
990 2456 1166 2498 Ἑταιρείας

119 2502 314 2542 Ἀλουμινίου
342 2502 508 2534 ἐξετάζουν
535 2502 586 2536 τὰς
616 2502 826 2540 δυνατότητας
883 2504 942 2532 τῶν
967 2503 1076 2532 ἰδικῶν
1101 2511 1166 2542 μας

114 2547 258 2590 βωξιτῶν
287 2547 337 2578 διὰ
367 2547 421 2586 τὴν
450 2547 645 2586 παραγωγὴν
669 2547 865 2588 ἀλούμινας.
906 2548 969 2578 Καὶ
998 2548 1052 2578 ἐπὶ
1074 2548 1175 2578 πλέον

122 2592 246 2629 ὑπάρχει
275 2592 412 2627 πάντοτε,
443 2592 567 2630 ἀνοικτὴ
595 2593 612 2630 ἡ
636 2593 810 2631 δυνατότης
839 2594 1006 2631 δανεισμοῦ
1033 2593 1084 2622 διὰ
1111 2593 1169 2633 τὴν

121 2637 312 2679 Ἀγροτικήν
333 2648 390 2675 μας
417 2637 604 2676 Τράπεζαν,
615 2637 674 2675 τὴν
696 2638 805 2668 ὁποίαν
825 2638 880 2667 δὲν
896 2638 1069 2676 ἐκρίναμεν
1096 2637 1165 2669 ἀκό-

120 2694 174 2721 μη,
193 2683 238 2712 ὅτι
260 2682 373 2720 ἐπέστη
399 2682 413 2711 ὁ
440 2682 552 2720 χρόνος
577 2682 627 2711 διὰ
652 2682 689 2711 νὰ
714 2683 770 2722 τὴν
794 2683 1123 2721 χρησιμοποιήσωμεν.

206 2731 254 2770 Τὸ
274 2735 422 2775 ἑπόμενον
465 2735 603 2773 ταξίδιόν
626 2747 684 2778 μας
729 2736 783 2776 ἦτο
828 2738 868 2772 εἰς
913 2736 967 2776 τὴν
1010 2736 1169 2774 Μεγάλην

121 2780 334 2822 Βρεταννίαν.
354 2779 562 2817 Ἀπεδέχθην
587 2781 776 2817 εὐχαρίστως
809 2781 864 2819 τὴν
898 2782 1039 2825 σχετικὴν
1069 2781 1171 2819 πρόσ-

117 2826 223 2862 κλησιν
248 2826 300 2862 τῆς
325 2825 497 2861 Βασιλικῆς
520 2824 738 2865 Βρεταννικῆς
766 2826 999 2866 Κυβερνήσεως
1020 2827 1071 2856 διὰ
1094 2826 1162 2862 τοὺς

120 2870 307 2904 ἀκολούθους
334 2869 415 2906 τρεῖς
443 2870 564 2906 λόγους,
591 2870 684 2906 Διότι,
712 2871 740 2900 οἱ
767 2872 800 2900 ἐκ
827 2871 1036 2908 παραδόσεως
1057 2869 1167 2909 δεσμοὶ

121 2916 194 2953 μετὰ
217 2916 269 2953 τῆς
291 2915 443 2953 Μεγάλης
469 2913 664 2952 Βρεταννίας
710 2916 778 2953 ἦτο
808 2916 829 2952 ὁ
842 2916 969 2953 πρῶτος
992 2915 1096 2953 λόγος.
1124 2914 1166 2947 Ἡ

120 2960 303 2998 σκοπιμότης
326 2961 386 2997 τῆς
405 2961 631 2997 διερευνήσεως
655 2961 712 2993 τῶν
739 2961 963 3001 δυνατοτήτων
982 2961 1166 3000 στενοτέρας

120 3006 313 3045 οἰκονομικῆς
342 3005 555 3048 συνεργασίας
582 3005 704 3042 μεταξὺ
736 3007 793 3041 τῶν
822 3006 879 3040 δύο
912 3008 1041 3044 χωρῶν,
1063 3006 1116 3043 ἦτο
1148 3006 1161 3034 ὁ

120 3049 278 3093 δεύτερος.
294 3049 357 3086 Καὶ
380 3050 394 3080 ὁ
417 3050 528 3087 τρίτος,
549 3051 568 3088 ἡ
593 3051 674 3087 ἅπαξ
700 3051 749 3080 διὰ
772 3050 884 3086 παντὸς
906 3050 1073 3089 εἰλικρινὴς
1096 3051 1165 3090 ἐξή-

119 3107 207 3136 γησις
230 3096 270 3131 εἰς
294 3095 331 3125 τὸ
347 3095 429 3133 θέμα
445 3095 507 3132 τῶν
526 3095 675 3127 δανείων.
687 3095 759 3125 Μοῦ
781 3096 885 3136 ἐδόθη
896 3096 914 3134 ἡ
938 3096 1077 3137 εὐκαιρία
1102 3096 1168 3132 ἅμα

120 3142 161 3180 τῇ
173 3140 352 3178 ἐπιστροφῇ
369 3148 438 3184 μου
456 3141 497 3174 νὰ
515 3141 714 3178 συνομιλήσω
743 3141 877 3179 ἐκτενῶς
894 3138 932 3185 μὲ
959 3141 1032 3178 τοὺς
1057 3142 1169 3174 ἐκπρο-

123 3185 244 3224 σώπους
267 3187 319 3214 τοῦ
347 3185 471 3224 Τύπου,
491 3185 568 3215 ὥστε
595 3186 634 3216 νὰ
658 3186 699 3227 μὴ
727 3186 906 3224 χρειάζεται
928 3186 966 3221 νὰ
994 3186 1167 3216 ἐπανέλθω.

121 3230 275 3275 Ἐπιθυμῶ
301 3230 388 3273 ὅμως
410 3230 476 3264 ἀπὸ
496 3232 555 3261 τοῦ
576 3230 734 3272 ἐπισήμου
752 3231 859 3264 τούτου
884 3232 1032 3275 βήματος
1053 3232 1093 3265 νὰ
1118 3242 1169 3259 το-

1236 213 1316 246 νίσω
1339 210 1381 245 ὅτι
1414 216 1576 254 ἐλυπήθην
1598 211 1776 253 ἰδιαιτέρως
1807 217 1853 248 ὅτι
1883 217 2136 254 παρεμβληθεῖσα
2195 211 2287 245 ἀσθέ-

1235 272 1299 288 νεια
1323 260 1385 290 τοῦ
1399 268 1431 291 κ.
1451 261 1622 301 Τσῶρτσιλ
1639 261 1689 291 δὲν
1711 263 1781 299 μοῦ
1797 260 1945 300 ἐπέτρεψε
1970 262 2008 290 νὰ
2033 261 2225 300 συνομιλήσω
2250 262 2291 300 μὲ

1235 306 1349 336 αὐτόν.
1370 306 1524 344 Διατηρῶ
1548 307 1628 344 ὅμως
1661 307 1795 345 ζωηρὰν
1846 310 1901 346 τὴν
1935 307 2106 340 ἀνάμνησιν
2139 307 2195 335 ἀπὸ
2231 308 2280 341 τὰς

1235 352 1409 390 συνομιλίας
1434 355 1486 387 τὰς
1505 352 1614 387 ὁποίας
1637 352 1718 390 εἶχον
1741 351 1775 390 μὲ
1799 352 1858 387 τὸν
1870 359 1905 388 κ.
1919 352 2085 394 Μπάτλερ,
2104 353 2161 385 τοῦ
2176 352 2281 380 ὁποίου

1233 399 1288 435 μοῦ
1317 396 1426 426 ἔκανεν
1453 397 1623 426 ἐντύπωσιν
1648 397 1698 426 καὶ
1730 399 1745 435 ἡ
1774 397 2010 435 προσωπικότης
2034 398 2090 430 καὶ
2114 397 2149 427 τὰ
2177 397 2281 435 φιλικά

1237 453 1285 471 του
1299 443 1386 479 πρὸς
1412 442 1466 480 τὴν
1493 442 1630 478 Ἑλλάδα
1652 443 1843 481 αἰσθήματα.
1864 443 1926 471 Τὸν
1950 445 2124 474 τελευταῖον
2150 443 2280 472 ἄλλωστε

1233 487 1341 527 πρέπει
1365 488 1407 516 νὰ
1424 487 1609 524 ὁμολογήσω
1632 488 1679 517 ὅτι
1702 487 1753 517 τὸν
1779 487 1954 525 συνήντησα
1971 488 2013 535 μὲ
2036 488 2124 523 ὅλους
2149 488 2285 530 ἐκείνους

1234 532 1266 570 μὲ
1289 532 1357 567 τοὺς
1380 533 1504 567 ὁποίους
1526 533 1609 573 εἶχον
1632 533 1683 571 τὴν
1706 533 1795 571 τιμὴν
1818 535 1855 562 νὰ
1878 533 2080 571 συνομιλήσω,
2101 533 2155 565 καὶ
2177 533 2207 562 ἐκ
2229 534 2288 572 τῆς

1232 574 1364 614 πλευρᾶς
1391 579 1439 615 τῆς
1465 578 1736 613 ἀντιπολιτεύσεως
1750 578 1811 610 καὶ
1821 578 1949 617 μεταξὺ
1973 580 2028 607 τῶν
2046 575 2288 616 τραπεζιτικῶν

1232 620 1285 655 καὶ
1298 619 1334 651 ἐν
1358 623 1444 660 γένει
1462 624 1671 661 οἰκονομικῶν
1687 624 1828 656 κύκλων.
1840 623 1895 652 Μὲ
1911 623 1994 653 πολὺ
2007 621 2202 661 ἐνδιαφέρον
2217 624 2285 665 ἐνη-

1233 668 1422 706 μερώθησαν
1449 668 1495 703 εἰς
1528 668 1580 704 τὰς
1613 668 1830 705 λεπτομερείας
1862 666 1914 705 τῆς
1948 669 2148 708 οἰκονομικῆς
2168 669 2290 699 πολιτι-

1234 714 1287 750 κῆς
1311 716 1359 741 καὶ
1385 713 1450 746 δὲν
1457 713 1646 751 ἀποκρύπτω
1670 713 1723 751 τὴν
1748 714 1963 751 ἱκανοποίησίν
1986 721 2058 755 μου
2069 714 2138 745 ἀπὸ
2152 714 2205 756 τὴν
2229 725 2286 745 σω-

1235 759 1320 799 ρείαν
1348 755 1408 787 τῶν
1437 758 1666 796 εὐμενεστάτων
1694 758 1844 796 κρίσεων,
1868 759 1922 795 τὰς
1947 759 2055 793 ὁποίας
2085 758 2214 797 ἤκουσα
2232 759 2284 787 διὰ

1237 803 1287 841 τὴν
1316 803 1471 841 πολιτικὴν
1499 803 1716 841 σταθερότητα
1742 804 1791 835 καὶ
1823 804 1874 832 διὰ
1900 804 1936 832 τὰ
1964 804 2143 842 οἰκονομικὰ
2159 802 2285 838 ἐπιτεύ-

1234 858 1333 886 γματα
1360 849 1400 884 εἰς
1427 849 1481 886 τὴν
1509 848 1661 881 Ἑλλάδα.
1677 848 1744 878 Ἐπὶ
1768 850 1823 877 τοῦ
1847 848 2091 887 προγράμματος
2117 850 2175 876 τῶν
2202 849 2280 876 ἐπεν-

1235 893 1351 922 δύσεων
1384 894 1542 931 ἠρκέσθην
1575 894 1617 929 εἰς
1650 893 1705 931 τὴν
1735 893 1905 931 ἐξήγησίν
1922 905 1984 929 του,
2008 894 2067 933 μὴ
2091 894 2288 931 προσδοκῶν,

1233 938 1313 975 λόγῳ
1335 939 1388 976 τῆς
1413 939 1581 976 σημερινῆς
1604 940 1894 975 πραγματικότητος
1913 939 1956 973 εἰς
1979 938 2038 977 τὴν
2057 938 2223 979 Ἀγγλίαν,
2238 938 2285 970 ὅτι

1233 983 1274 1012 θὰ
1298 983 1410 1020 ἔπρεπε
1438 983 1476 1012 νὰ
1501 983 1702 1021 ἀναμένωμεν
1729 983 1786 1013 ἀπὸ
1811 984 1875 1012 ἐκεῖ
1903 984 2015 1021 ἄμεσον
2045 984 2211 1022 ἐκδήλωσιν
2240 984 2291 1013 ἐν-

1231 1028 1454 1066 διαφέροντος.

1321 1086 1360 1115 Αἱ
1389 1086 1602 1122 διεξαχθεῖσαι
1633 1086 1815 1124 συζητήσεις
1842 1086 1860 1125 ἡ
1885 1087 1968 1120 κατὰ
1997 1087 2047 1122 τὰς
2071 1086 2182 1121 ὁποίας
2213 1097 2286 1124 συμ-

1234 1132 1428 1168 παράστασις
1463 1133 1516 1161 τοῦ
1550 1131 1791 1170 διακεκριμένου
1811 1130 1971 1172 Ἄγγλου
1995 1130 2177 1171 Πρέσβεως
2209 1131 2287 1167 SIR

1235 1175 1437 1206 CHARLES
1462 1177 1608 1206 PEAKE
1629 1177 1760 1215 ὑπῆρξε,
1785 1177 1953 1214 πράγματι,
1977 1177 2151 1215 ἀξιόλογος,
2176 1178 2289 1215 φρονῶ

1232 1222 1287 1251 ὅτι
1302 1223 1340 1251 θ’
1356 1219 1572 1260 ἀποδειχθοῦν
1586 1222 1753 1260 ὠφέλιμοι.
1771 1222 1913 1262 Τοιαύτη
1931 1222 1970 1254 δὲ
1990 1223 2142 1260 ἀσφαλῶς
2162 1222 2286 1264 ὑπῆρξε

1230 1267 1279 1299 καὶ
1304 1268 1322 1306 ἡ
1347 1268 1512 1304 εἰλικρινής
1537 1278 1594 1305 μας
1617 1267 1779 1304 ἐξήγησις,
1803 1267 1875 1296 ὅσον
1901 1268 2007 1305 ἀφορᾷ
2033 1268 2067 1296 τὰ
2086 1268 2201 1303 παλαιά
2220 1279 2283 1310 μας

1233 1313 1362 1345 δάνεια.

1323 1368 1508 1408 Ὑπῆρξαν,
1529 1369 1672 1407 βεβαίως,
1703 1370 1822 1400 πολλοὶ
1836 1371 1894 1400 ἀπὸ
1924 1370 1978 1409 τὴν
2008 1370 2287 1409 Ἀντιπολίτευσιν,

1234 1416 1265 1448 οἱ
1291 1416 1393 1445 ὁποῖοι
1419 1416 1571 1453 ἔφθασαν
1595 1416 1633 1445 νὰ
1663 1416 1923 1454 προεξοφλήσουν
1953 1417 2141 1452 παντοειδεῖς
2174 1416 2205 1444 ἐκ
2236 1416 2287 1453 μέ-

1232 1472 1307 1497 ρους
1335 1472 1391 1499 μου
1419 1460 1670 1498 παραχωρήσεις,
1700 1461 1717 1499 ἢ
1747 1461 1867 1497 πάντως
1895 1461 1933 1490 νὰ
1960 1461 2123 1499 εὑρίσκουν
2149 1461 2198 1499 ὡς
2216 1461 2285 1491 ἀδε-

1236 1506 1305 1538 ξίαν
1327 1506 1382 1544 τὴν
1403 1506 1571 1545 μετάβασίν
1591 1518 1660 1544 μου,
1684 1506 1702 1544 ἡ
1720 1506 1812 1535 ὁποία
1836 1506 2008 1535 ἐκινδύνευε
2034 1506 2070 1535 νὰ
2089 1506 2125 1544 μὲ
2146 1506 2288 1543 περιπλέ-

1234 1553 1280 1592 ξῃ
1298 1551 1339 1586 εἰς
1368 1551 1396 1580 τὸ
1420 1551 1545 1589 ζήτημα
1564 1552 1622 1580 τῶν
1647 1551 1797 1583 δανείων.
1813 1551 1969 1587 Φαίνεται,
1990 1552 2034 1581 ὅτι
2063 1552 2103 1587 ὡς
2130 1551 2289 1589 συνήθως,

1233 1593 1359 1633 ἔκριναν
1387 1596 1420 1632 ἐξ
1449 1596 1552 1628 ἰδίων.
1572 1596 1631 1625 Δὲν
1657 1596 1738 1634 εἶχον
1768 1597 1866 1634 ἀκόμη
1896 1597 2071 1635 ἀντιληφθῆ
2100 1597 2144 1626 ὅτι
2171 1597 2292 1633 ὑπουρ-

1234 1642 1282 1679 γοὶ
1311 1642 1363 1679 τῆς
1393 1641 1622 1678 Κυβερνήσεως
1655 1640 1819 1679 Παπάγου
1849 1642 1899 1671 δὲν
1929 1641 2071 1680 δέχονται
2101 1642 2167 1670 οὔτε
2197 1640 2285 1680 μειώ-

1235 1698 1310 1722 σεις,
1331 1684 1398 1716 οὔτε
1423 1686 1641 1723 παγιδεύονται
1667 1685 1815 1722 εὐκόλως.
1830 1686 1930 1719 Ἀλλὰ
1953 1687 2006 1718 καὶ
2029 1686 2061 1714 τὸ
2088 1686 2280 1719 σπουδαιότε-

1236 1743 1288 1769 ρον
1313 1732 1360 1761 ὅτι
1386 1731 1434 1760 καὶ
1462 1732 1492 1762 αἱ
1516 1731 1613 1767 ξέναι
1634 1731 1848 1769 Κυβερνήσεις
1877 1731 2062 1768 συνηθίζουν
2089 1732 2220 1761 πάντοτε
2245 1725 2282 1759 νὰ

1235 1774 1384 1805 σέβωνται
1416 1777 1636 1812 ἐκπροσώπους
1666 1778 1802 1815 ἰσχυρῶν
1834 1776 2072 1815 κυβερνήσεων.
2117 1775 2170 1813 Εἰς
2227 1777 2287 1816 τὴν

1233 1818 1391 1858 Ἀγγλίαν
1409 1822 1553 1859 ἠρνήθην
1579 1822 1616 1850 νὰ
1640 1820 1740 1859 δεχθῶ
1765 1822 1946 1860 οἱανδήποτε
1971 1822 2095 1860 ἐπαφὴν
2115 1819 2169 1855 καὶ
2195 1822 2285 1860 συζή-

1237 1878 1321 1909 τησιν
1339 1867 1374 1905 μὲ
1397 1866 1466 1901 τοὺς
1488 1866 1728 1904 ὁμολογιούχους
1749 1867 1797 1895 καὶ
1817 1867 1913 1905 μόνον
1952 1867 2005 1904 εἰς
2014 1867 2066 1904 τὸν
2080 1875 2120 1900 κ.
2128 1867 2285 1912 Μπάτλερ

1235 1911 1283 1939 καὶ
1306 1912 1580 1949 πληροφοριακῶς
1613 1913 1654 1946 εἰς
1680 1911 1731 1940 τὸν
1754 1911 1920 1950 Διοικητὴν
1963 1913 2015 1949 τῆς
2041 1911 2203 1949 Τραπέζης
2229 1913 2285 1951 τῆς

1232 1954 1383 1999 Ἀγγλίας
1406 1957 1557 1995 ἐξήγησα
1573 1957 1628 1995 τὴν
1647 1957 1807 1994 πολιτικὴν
1833 1958 1883 1994 τῆς
1908 1957 2135 1993 Κυβερνήσεως
2159 1957 2207 1985 ἐπὶ
2228 1959 2280 1985 τοῦ

1234 2002 1365 2039 θέματος
1388 2001 1508 2037 τούτου,
1533 2001 1588 2039 τὴν
1610 1998 1727 2034 ὁποίαν
1743 2001 1840 2039 κρίνω
1861 2001 2016 2040 χρήσιμον
2038 2002 2076 2029 νὰ
2097 2001 2279 2030 ἐπαναλάβω

1231 2047 1290 2080 ἀπὸ
1317 2046 1367 2076 τοῦ
1392 2047 1555 2085 ἐπισήμου
1567 2047 1708 2085 βήματος
1729 2046 1853 2081 τούτου.
1875 2047 1916 2078 Ἡ
1937 2047 2137 2083 Κυβέρνησις
2163 2045 2286 2081 Παπά-

1231 2104 1310 2131 γου,
1326 2091 1430 2134 εἶπον,
1448 2092 1586 2130 ἐπιθυμεῖ
1610 2091 1835 2130 περισσότερον
1861 2092 1971 2127 παντὸς
1999 2092 2089 2121 ἄλλου
2113 2092 2150 2122 νὰ
2178 2093 2279 2130 ρυθμί-

1235 2149 1282 2178 σῃ
1294 2137 1406 2174 κάποτε
1430 2137 1462 2166 τὸ
1484 2137 1634 2175 δημόσιον
1655 2136 1757 2174 χρέος,
1783 2137 1812 2166 τὸ
1831 2137 1950 2169 ὁποῖον
1963 2138 2030 2171 κατ’
2049 2137 2165 2170 οὐδένα
2187 2137 2280 2174 λόγον

1234 2183 1372 2221 ἐπιθυμεῖ
1403 2182 1448 2223 νὰ
1473 2182 1629 2223 ἀγνοήσῃ.
1656 2181 1746 2211 Διότι
1770 2183 1884 2219 θεωρεῖ
1913 2182 1968 2221 τὴν
1997 2182 2098 2220 πλήρη
2131 2182 2288 2213 ἀποκατά-

1236 2237 1340 2263 στασιν
1366 2228 1419 2264 τῆς
1445 2227 1574 2262 πίστεως
1599 2227 1675 2263 πρὸς
1703 2227 1732 2257 τὸ
1760 2226 1938 2265 Ἑλληνικὸν
1962 2227 2099 2264 Κράτος,
2126 2227 2164 2262 ὡς
2185 2227 2224 2256 ἓν
2249 2227 2286 2255 ἐκ

1237 2274 1291 2300 τῶν
1313 2272 1561 2314 πολυτιμότερων
1583 2273 1737 2305 ἀγαθῶν.
1751 2270 1845 2300 Ἀλλ’
1864 2272 1881 2310 ἡ
1905 2272 2055 2310 ρύθμισις
2077 2272 2287 2309 προϋποθέτει

1233 2317 1430 2355 δυνατότητα
1450 2315 1616 2355 ὁριστικοῦ
1629 2316 1898 2355 διακανονισμοῦ.
1905 2316 1994 2347 Διότι
2016 2317 2061 2347 θὰ
2084 2316 2150 2355 ἦτο
2164 2316 2286 2356 ἐσχάτη

1235 2363 1327 2400 πλάνη
1352 2363 1386 2391 νὰ
1407 2359 1623 2400 ἐπαναληφθῇ
1631 2363 1649 2400 ἡ
1670 2362 1898 2400 ἐξυπηρέτησις
1918 2364 1972 2392 τοῦ
1991 2362 2140 2400 δημοσίου
2153 2362 2286 2401 χρέους,

1231 2408 1282 2442 διὰ
1308 2408 1345 2435 νὰ
1369 2407 1509 2448 διακοπῇ
1525 2407 1732 2445 ἐνδεχομένως
1753 2407 1791 2436 ἐκ
1811 2408 1867 2445 τῆς
1888 2407 2034 2445 ἀνάγκης
2054 2408 2117 2437 τῶν
2138 2407 2290 2444 πραγμά-

1237 2464 1291 2482 των
1314 2452 1535 2490 βραδύτερον.
1559 2452 1795 2489 Προϋπόθεσις,
1824 2451 1938 2488 λοιπόν,
1961 2453 2051 2482 εἶναι
2092 2452 2111 2490 ἡ
2133 2452 2279 2490 ὁριστικὴ

1237 2498 1492 2534 σταθεροποίησις
1516 2498 1570 2536 τῆς
1598 2497 1777 2535 Ἑλληνικῆς
1798 2497 2001 2535 οἰκονομίας.
2010 2497 2105 2526 Μετὰ
2127 2499 2214 2525 τοῦτο
2243 2498 2280 2525 θὰ

1235 2540 1419 2580 ἀναζητηθῇ
1436 2543 1547 2580 λογικὴ
1569 2543 1666 2579 βάσις
1695 2543 1955 2580 διακανονισμοῦ.
1973 2542 2047 2578 Καὶ,
2077 2543 2156 2571 κατὰ
2177 2542 2285 2580 ρητὴν

1234 2588 1361 2622 ἀξίωσιν
1394 2584 1456 2617 τοῦ
1481 2587 1690 2625 Στρατάρχου
1727 2587 1891 2625 Παπάγου
1919 2587 2128 2625 ὁποτεδήποτε
2162 2588 2233 2624 γίνῃ
2265 2588 2285 2620 ὁ

1234 2632 1471 2669 διακανονισμὸς
1498 2632 1596 2666 οὗτος,
1622 2632 1666 2661 θὰ
1692 2632 1762 2670 γίνῃ
1788 2632 2003 2668 ταὐτοχρόνως
2029 2633 2077 2662 καὶ
2100 2632 2156 2661 διὰ
2180 2632 2212 2662 τὸ
2237 2632 2287 2672 εἰς

1234 2677 1373 2715 δραχμὰς
1392 2677 1549 2717 δημόσιον
1569 2676 1685 2716 χρέος.

1321 2729 1500 2765 Ἀπόδειξιν
1528 2729 1587 2766 ἤδη
1612 2731 1677 2757 τῶν
1706 2730 1737 2759 ἐν
1766 2729 1847 2762 γένει
1871 2729 2056 2767 προθέσεών
2086 2741 2139 2769 της
2162 2729 2290 2758 ἔδωκεν

1235 2774 1248 2811 ἡ
1281 2774 1385 2809 Ἑλλὰς
1409 2774 1466 2803 διὰ
1491 2776 1547 2803 τοῦ
1571 2775 1818 2807 διακανονισμοῦ
1847 2775 1900 2812 τῆς
1929 2775 2106 2810 ὑποθέσεως
2136 2776 2186 2812 τῆς
2212 2775 2285 2803 Κω-

1233 2819 1350 2853 παΐδος,
1373 2820 1453 2856 ὅπερ
1481 2819 1532 2847 καὶ
1563 2819 1781 2857 ἀνεγνωρίσθη
1810 2819 1868 2850 ὑπὸ
1895 2819 2038 2852 πάντων.
2058 2819 2214 2857 Ἐπιθυμῶ
2242 2820 2277 2848 νὰ

1235 2864 1342 2893 τονίσω
1363 2865 1504 2893 ἐνταῦθα
1528 2865 1573 2892 ὅτι
1593 2865 1615 2894 ὁ
1636 2864 1747 2899 κύριος
1773 2864 1922 2901 Μπάτλερ
1937 2864 2103 2899 ἐπέδειξεν
2130 2865 2279 2892 ἀπόλυτον

1233 2909 1441 2946 κατανόησιν.
1454 2909 1521 2940 Καὶ
1539 2910 1613 2938 ὅσα
1635 2909 1823 2950 ἐγράφησαν
1849 2909 1867 2946 ἢ
1897 2909 2066 2947 ἐλέχθησαν
2091 2909 2162 2946 περὶ
2191 2905 2285 2949 ἀξιώ-

1234 2966 1317 2983 σεων
1329 2947 1367 2996 ἢ
1376 2955 1426 2982 καὶ
1456 2954 1525 2990 περὶ
1551 2954 1694 2994 πιέσεων,
1719 2955 1884 2983 ἀποτελοῦν
1910 2954 2118 2992 ἀποκυήματα
2143 2955 2284 2996 νοσηρᾶς

1232 3000 1422 3037 φαντασίας.

1318 3052 1365 3080 Μὲ
1389 3051 1443 3089 τὴν
1466 3052 1628 3088 εὐκαιρίαν
1652 3052 1747 3090 αὐτὴν
1765 3052 1906 3090 ἐπιθυμῶ
1929 3052 1966 3080 νὰ
1988 3053 2105 3090 προβῶ,
2127 3052 2201 3089 πρὸς
2225 3053 2292 3091 τὴν

1231 3097 1377 3135 Ἐθνικὴν
1409 3097 1717 3136 Ἀντιποροσωπείαν,
1740 3098 1781 3132 εἰς
1804 3097 1883 3135 μίαν
1915 3097 2007 3135 ἄλλην
2034 3097 2285 3135 βαρυσήμαντον

1232 3142 1378 3179 δήλωσιν.
1397 3141 1503 3177 Εὐθὺς
1531 3142 1570 3177 ὡς
1602 3142 1758 3179 ρυθμισθῇ
1779 3141 1816 3170 τὸ
1842 3141 1923 3180 θέμα
1946 3143 2006 3171 τῶν
2031 3143 2072 3178 εἰς
2098 3142 2173 3177 ξένα
2199 3142 2287 3179 νομί-

1233 3197 1332 3225 σματα
1355 3187 1406 3219 καὶ
1439 3186 1579 3224 δραχμὰς
1606 3186 1746 3216 παλαιῶν
1768 3187 1906 3216 δανείων
1934 3188 1992 3216 τοῦ
2016 3179 2206 3225 Ἑλληνικοῦ
2222 3188 2281 3225 Δη-

1231 3232 1357 3271 μοσίου,
1372 3232 1400 3270 ἡ
1411 3232 1613 3269 Κυβέρνησις
1638 3232 1679 3261 θὰ
1703 3231 1925 3275 τακτοποιήσῃ
1936 3232 1985 3260 καὶ
2012 3232 2043 3262 ἓν
2066 3232 2136 3262 ἄλλο
2155 3232 2286 3271 ζήτημα
