2480 3500
1256 2469 1296 2501 Σ.
1321 2467 1622 2501 ΜΑΡΚΕΖΙΝΗΣ
1656 2467 1748 2501 (Ὑπ.
1771 2467 2020 2508 Συντονισμοῦ).
2070 2462 2233 2508 Συνεπλη-
1214 2468 1236 2487 *

1172 2515 1265 2556 ρώθη
1287 2509 1375 2553 ἔτος,
1396 2514 1502 2557 κύριοι
1529 2510 1710 2554 βουλευταί,
1734 2513 1799 2550 ἀφ’
1825 2511 1858 2550 ἧς
1883 2508 1904 2541 ὁ
1937 2510 2113 2549 Ἑλληνικὸς
2139 2509 2232 2551 λαός,

1172 2560 1221 2593 διὰ
1243 2560 1502 2602 καταπληκτικῆς
1521 2557 1744 2596 πλειοψηφίας,
1770 2556 1975 2600 ἐνεπιστεύθη
1998 2557 2039 2590 εἰς
2066 2555 2115 2584 τὸν
2142 2552 2232 2591 Ἀλέ-

1173 2606 1309 2648 ξανδρον
1334 2604 1497 2642 Παπάγον
1519 2604 1575 2642 τὴν
1597 2603 1841 2640 διακυβέρνησιν
1862 2602 1917 2636 τοῦ
1937 2601 2046 2637 τόπου.
2062 2600 2132 2636 Καὶ
2146 2600 2231 2635 εἶναι

1170 2650 1225 2688 μὲν
1247 2650 1348 2692 βραχὺ
1371 2649 1407 2679 τὸ
1421 2648 1572 2687 χρονικὸν
1596 2648 1676 2683 αὐτὸ
1689 2646 1861 2689 διάστημα,
1882 2646 1933 2681 διὰ
1954 2645 1993 2678 νὰ
2015 2645 2224 2683 ἀντιληφθοῦν

1170 2696 1198 2729 οἱ
1222 2695 1332 2729 πάντες
1353 2694 1444 2728 ποίαν
1470 2692 1731 2736 ἀποφασιστικὴν
1745 2690 1833 2726 θέσιν
1857 2692 1899 2726 θὰ
1922 2691 2089 2733 καταλάβῃ
2106 2692 2148 2726 εἰς
2171 2690 2231 2734 τὴν

1174 2740 1326 2778 νεωτέραν
1352 2750 1409 2782 μας
1437 2738 1595 2782 πολιτικὴν
1621 2737 1763 2775 ἱστορίαν
1788 2737 1810 2777 ἡ
1834 2740 1895 2774 16η
1924 2736 2107 2774 Νοεμβρίου
2129 2738 2234 2774 1952,

1173 2786 1233 2815 ἀλλ’
1263 2786 1294 2817 ἐν
1319 2784 1444 2826 τούτοις
1466 2784 1608 2824 ὑπῆρξεν
1638 2782 1783 2822 ἀρκετόν,
1809 2782 1860 2811 διὰ
1886 2782 1924 2811 νὰ
1950 2781 2024 2822 γίνῃ
2052 2778 2223 2824 συνειδητή,

1176 2831 1190 2868 ἡ
1225 2829 1447 2868 θεμελιουμένη
1479 2826 1605 2870 μεγάλη
1632 2826 1806 2869 μεταβολή.
1835 2826 1958 2865 Αὐτήν,
1983 2826 2138 2863 ἀκριβῶς,
2170 2825 2228 2863 τὴν

1173 2875 1355 2916 μεταβολήν,
1384 2874 1439 2913 τὴν
1469 2874 1579 2903 ὁποίαν
1605 2872 1765 2915 ὑπεσχέθη
1794 2872 1809 2901 ὁ
1839 2871 2048 2915 Στρατάρχης
2103 2871 2145 2910 εἰς
2175 2871 2229 2905 τὸν

1174 2920 1350 2959 Ἑλληνικὸν
1371 2919 1465 2960 λαόν,
1484 2918 1536 2948 καὶ
1563 2918 1614 2952 διὰ
1639 2918 1693 2956 τὴν
1721 2916 2014 2954 πραγματοποίησιν
2041 2916 2092 2958 τῆς
2118 2916 2225 2950 ὁποίας

1172 2966 1188 2997 ὁ
1218 2965 1275 3003 μὲν
1310 2964 1540 3004 Στρατάρχης,
1569 2961 1837 3000 ριψοκινδυνεύων
1869 2960 2058 2999 μοναδικοὺς
2093 2961 2134 2996 εἰς
2169 2960 2231 3002 τὴν

1173 3010 1326 3048 νεωτέραν
1351 3007 1533 3047 Ἑλληνικὴν
1557 3008 1700 3046 ἱστορίαν
1726 3008 1854 3046 τίτλους,
1880 3007 2003 3044 ἀφῆκεν
2021 3006 2150 3044 ἠρεμίαν
2171 3007 2231 3040 καὶ

1170 3052 1294 3093 δάφνας
1319 3056 1370 3087 καὶ
1394 3055 1549 3092 κατῆλθεν
1575 3054 1618 3089 εἰς
1643 3053 1696 3086 τὸν
1721 3052 1877 3085 πολιτικὸν
1905 3051 2020 3086 στίβον,
2044 3051 2058 3080 ὁ
2085 3051 2116 3085 δὲ
2142 3051 2231 3090 λαός,

1173 3100 1379 3139 ἀποστρέφων
1411 3100 1442 3129 τὸ
1470 3099 1638 3143 πρόσωπον
1669 3098 1727 3128 ἀπὸ
1756 3097 1808 3131 τὸν
1838 3096 2076 3134 ἀντιδραστικὸν
2104 3097 2231 3130 παλαιο-

1174 3145 1400 3186 κομματισμόν,
1433 3143 1754 3182 (χειροκροτήματα),
1790 3142 1933 3172 ἐκάλεσεν
1969 3141 2061 3174 αὐτὸν
2096 3142 2136 3176 εἰς
2170 3141 2234 3179 τὴν

1173 3193 1336 3234 ἐξουσίαν.

1260 3255 1424 3291 Ἀποτελεῖ
1441 3254 1553 3294 κοινὴν
1574 3249 1762 3292 συνείδησιν,
1786 3253 1836 3287 ὅτι
1855 3251 1873 3290 ἡ
1902 3250 2029 3289 Πατρίς
2048 3261 2118 3297 μας,
2143 3250 2233 3285 οὐδέ-
