2476 3500
95 183 226 239 πολλοὺς
250 195 297 223 καὶ
327 197 493 235 εὐνοήτους
520 200 630 238 λόγους
659 204 686 232 οἱ
710 204 925 244 ὠφελούμενοι
946 207 984 237 νὰ
1011 211 1143 238 σιωποῦν

90 235 156 277 ἐνῷ
175 240 201 268 οἱ
224 241 417 279 ζημιούμενοι
443 245 480 273 νὰ
503 246 795 285 διαμαρτύρωνται.
814 251 961 290 Πρᾶγμα
984 254 1015 282 τὸ
1040 254 1154 282 ὁποῖον

97 286 213 313 συνελεῖ
242 287 301 320 καὶ
322 288 401 318 αὐτὸ
433 289 493 316 οὐκ
521 291 624 328 ὀλίγον
657 294 698 328 εἰς
733 295 787 332 τὴν
822 297 1037 335 δημιουργίαν
1061 299 1142 338 ἰσχυ-

97 331 155 367 ρῶν
181 331 396 364 ἐντυπώσεων.
414 333 471 362 Δὲν
496 337 731 375 παρεγνώρισεν
756 340 854 378 ἀκόμη
878 341 928 375 καὶ
952 343 1020 379 τοὺς
1042 345 1146 379 κινδύ-

96 386 163 411 νους
190 378 379 406 παντοειδῶν
408 379 637 417 δημαγωγικῶν
665 384 950 422 ἐκμεταλλεύσεων.
965 388 1046 418 Διότι
1075 390 1139 419 ἀτυ-

93 422 152 458 χῶς
175 422 214 455 εἰς
238 422 303 459 τὴν
321 422 474 459 Πατρίδα
497 437 552 460 μας
576 427 671 465 ὀλίγοι
695 429 778 458 εἶναι
795 431 819 460 οἱ
846 432 1141 474 ἀντιλαμβανόμενοι

92 467 142 498 ὅτι
155 467 227 493 ὅταν
247 468 508 503 προφασίζωνται
523 474 647 502 τοιαῦτα
669 474 770 518 μέτρα
784 475 874 513 ἔχουν
894 478 921 506 οἱ
941 478 1050 515 πάντες
1072 491 1148 514 συμ-

93 511 189 546 φέρον
213 512 250 540 νὰ
279 512 455 550 ἐπιτύχουν.
478 515 569 544 Διότι
585 517 602 555 ἡ
631 518 770 556 ἐπιτυχία
798 531 854 551 των
879 522 929 551 δὲν
981 526 1145 562 συνεπιφέ-

94 563 140 593 ρει
164 557 370 594 ἐνδεχομένως
398 557 527 591 πτῶσιν
536 562 703 599 ὑπουργοῦ
723 565 740 602 ἢ
770 566 844 595 ἔστω
875 567 1052 606 ἀνατροπὴν
1080 571 1150 599 Κυ-

92 601 266 637 βερνήσεως
298 603 372 631 ἀλλὰ
404 606 605 637 συνεπάγεται
636 609 721 646 χάος,
753 610 785 639 τὸ
815 611 919 641 ὁποῖον
950 614 1023 651 ἄλλη
1051 616 1137 648 τάξις

92 647 232 687 ἀναμένει
265 648 298 675 νὰ
331 648 565 690 ἐκμεταλλευθῇ
583 653 633 681 καὶ
664 654 839 693 εἰσπράξῃ.
862 657 967 693 Ταῦτα
1025 660 1135 697 ἔχουσα

90 690 142 728 ὑπ’
155 692 235 729 ὄψιν
247 704 299 730 της
323 695 336 732 ἡ
358 694 556 732 Κυβέρνησις
578 698 627 735 ἦτο
651 699 869 740 ὑποχρεωμένη
890 703 927 732 νὰ
945 704 1148 743 ἀντιμετωπί-

91 748 126 773 σῃ
149 738 333 774 ψυχραίμως
352 741 632 777 προτεραιότητας,
657 745 784 774 πάντοτε
811 747 840 775 δὲ
867 747 919 777 ἕνα
944 750 1064 782 γενικὸν
1089 751 1143 782 ἀν-

90 782 296 820 τικειμενικὸν
308 785 434 814 σκοπὸν
444 786 501 823 εἶχε
518 789 572 822 καὶ
594 789 684 822 αὐτὸς
706 791 735 819 ἐν
755 793 944 830 προκειμένῳ
965 794 1018 832 ἦτο
1039 796 1056 833 ἡ
1078 796 1149 832 ἐπι-

91 828 173 863 τυχία
197 829 249 865 τῆς
277 829 582 869 ἀναπροσαρμογῆς.
595 833 679 862 Διότι
707 836 737 869 ἐξ
764 837 868 874 αὐτῆς,
892 839 933 868 θὰ
960 839 1133 875 ἐξηρτῶντο

86 870 145 906 ὅλα
166 873 201 900 τὰ
230 874 307 901 κατὰ
328 874 445 923 μέρος.
469 875 663 914 Οἱοσδήποτε
694 881 861 922 δισταγμὸς
890 884 908 921 ἢ
937 885 1133 921 παρέκκλισις

87 917 117 950 ἐξ
143 917 245 954 αὐτῆς,
273 919 311 947 θὰ
334 921 523 958 συνεπήγετο
548 923 719 954 διαιώνισιν
740 928 791 964 τῆς
816 928 1009 967 οἰκονομικῆς
1035 927 1147 960 ἀθλιό-

84 973 173 999 τητος
198 963 238 998 εἰς
263 963 324 1001 τὴν
342 964 493 1005 Ἑλλάδα.
508 967 588 997 Καὶ
595 971 754 1007 συνεπῶς,
766 972 813 1000 καὶ
842 973 904 1001 ὅσοι
931 975 973 1003 θὰ
996 975 1133 1013 ἐνόμιζον

84 1008 124 1035 ὅτι
154 1008 185 1036 ἐκ
210 1009 263 1043 τῆς
290 1010 433 1047 τοιαύτης
463 1011 633 1050 ἠπιωτέρας
662 1016 798 1050 στάσεως
824 1019 877 1055 τῆς
905 1019 1131 1057 Κυβερνήσεως

85 1053 123 1081 θὰ
147 1053 333 1089 ὠφελοῦντο,
360 1055 399 1083 θὰ
426 1056 596 1087 ἐπλανῶντο
620 1059 737 1098 πλάνην
762 1063 915 1100 μεγάλην.
935 1064 975 1094 Ἡ
999 1066 1131 1103 ὠφέλειά

87 1109 136 1126 των
162 1099 202 1127 θὰ
225 1099 278 1136 ἦτο
303 1100 422 1135 τελείως
445 1101 636 1141 πρόσκαιρος
658 1106 708 1133 καὶ
730 1107 806 1139 κατ’
824 1108 983 1146 ἐπίφασιν.

163 1159 274 1206 Ὅταν
302 1166 331 1194 δὲ
359 1167 509 1207 ὁμιλῶμεν
536 1170 621 1207 περὶ
630 1171 785 1210 ἐπιτυχίας
813 1176 864 1212 τῆς
893 1176 1145 1217 ἀναπροσαρμο-

82 1210 160 1252 γῆς,
175 1210 488 1251 ἐπαναλαμβάνομεν,
506 1215 670 1253 ἐννοοῦμεν
695 1218 750 1255 τὴν
777 1221 993 1255 προσπάθειαν
1018 1223 1139 1265 ὁριστι-

81 1256 134 1281 κοῦ
163 1255 400 1292 ἐπιτεύγματος.
421 1258 529 1294 Ἡμεῖς
561 1260 609 1290 δὲν
639 1263 815 1301 προέβημεν
843 1266 883 1300 εἰς
914 1267 967 1304 τὴν
996 1268 1136 1305 ἀναπρο-

81 1300 243 1337 σαρμογὴν
267 1301 348 1337 ὅπως
373 1303 451 1331 κατὰ
474 1305 590 1333 κανόνα
617 1307 776 1338 συνέβαινε
802 1311 880 1339 κατὰ
906 1312 938 1340 τὸ
962 1313 1140 1357 παρελθόν,

79 1343 119 1378 ὡς
144 1344 255 1381 μέτρου
280 1348 448 1385 προχείρου
473 1353 693 1388 νομισματικῆς
717 1354 975 1396 ἀνακουφίσεως,
990 1358 1063 1387 ἀλλὰ
1088 1360 1125 1393 ὡς

79 1389 190 1427 μέτρου
223 1391 473 1428 ἀποφασιστικοῦ
504 1395 554 1424 διὰ
584 1396 639 1435 τὴν
671 1398 832 1438 ὁριστικὴν
867 1402 1141 1441 σταθεροποίησιν

81 1436 128 1468 τῆς
156 1435 332 1473 Ἑλληνικῆς
357 1439 558 1476 οἰκονομίας.
573 1441 672 1471 Ποῖαι
699 1443 782 1481 τώρα
809 1446 887 1483 ἦσαν
914 1448 941 1477 αἱ
966 1458 1142 1486 προτεραι-

78 1480 195 1518 ότητες;
227 1481 266 1521 Ἡ
294 1482 426 1515 αὔξησις
455 1486 506 1522 τῆς
533 1487 748 1529 παραγωγῆς,
768 1490 786 1527 ἡ
813 1491 971 1528 βελτίωσις
999 1495 1050 1531 τῆς
1076 1488 1138 1525 θέ-

79 1533 151 1560 σεως
178 1527 234 1555 τῶν
258 1528 401 1564 ἀγροτῶν
423 1541 479 1564 μας
502 1531 551 1559 καὶ
573 1532 590 1570 ἡ
617 1534 828 1571 συγκράτησις
853 1539 905 1566 τοῦ
928 1540 1131 1579 τιμαρίθμου.

78 1569 278 1608 Ἐπετύχομεν
294 1573 364 1610 καὶ
372 1574 412 1608 εἰς
434 1575 471 1603 τὰ
491 1576 585 1614 τρία.
595 1577 634 1607 Ἡ
657 1581 880 1619 προτεραιότης
904 1584 963 1613 τῶν
982 1584 1123 1620 ἀγροτῶν

73 1615 125 1642 δὲν
146 1614 235 1650 εἶναι
243 1617 373 1646 δυνατὸν
400 1619 434 1648 νὰ
455 1620 579 1659 ὑπάρχῃ
599 1623 736 1661 δευτέρα
753 1626 871 1664 γνώμη,
893 1628 935 1656 ὅτι
960 1630 1064 1664 πρέπει
1088 1631 1123 1659 νὰ

75 1658 148 1688 εἶναι
174 1661 298 1698 μόνιμος
324 1663 425 1693 κανὼν
449 1666 492 1699 εἰς
515 1666 569 1699 τὴν
596 1667 746 1702 Ἑλλάδα.
763 1671 808 1699 Δι’
835 1672 908 1702 αὐτὸ
953 1674 1003 1703 καὶ
1048 1674 1122 1705 ὅταν

74 1704 269 1741 ὀνομάζωμεν
293 1708 324 1736 τὸ
349 1712 430 1738 1953
457 1710 496 1743 ὡς
520 1711 587 1746 ἔτος
612 1714 670 1743 τῶν
696 1715 837 1751 ἀγροτῶν
883 1718 933 1747 δὲν
958 1719 1114 1758 ἐννοοῦμεν

73 1749 114 1778 ὅτι
144 1751 193 1779 διὰ
219 1752 277 1779 τῶν
301 1753 485 1790 ληφθέντων
511 1756 630 1792 μέτρων
657 1759 832 1796 ἐξηντλήθη
862 1762 878 1797 ἡ
906 1764 1036 1800 μέριμνά
1064 1777 1120 1803 μας

73 1795 121 1823 διὰ
144 1795 213 1829 τοὺς
239 1797 400 1834 ἀγρότας.
411 1797 493 1837 Ἐφ'
507 1802 579 1831 ὅσον
605 1803 728 1842 ὑπάρχῃ
756 1805 861 1841 Ἑλλὰς
887 1809 938 1838 καὶ
958 1809 1129 1846 Κυβέρνη-

74 1851 117 1873 σις
144 1842 322 1879 στοιχειώδη
348 1843 463 1881 ἔχουσα
489 1846 651 1884 ἀντίληψιν
677 1851 735 1879 τῶν
760 1852 985 1889 ὑποχρεώσεών
1011 1866 1089 1892 της,
1101 1856 1117 1892 ἡ

72 1886 200 1922 συνεχής
223 1887 353 1923 μέριμνα
377 1890 426 1918 διὰ
448 1891 517 1926 τοὺς
540 1893 676 1928 ἀγρότας
699 1896 740 1924 θὰ
764 1896 838 1925 εἶναι
864 1898 896 1927 τὸ
921 1900 1041 1932 πρῶτον
1064 1912 1117 1938 της

70 1931 233 1967 καθῆκον.
250 1932 311 1961 Καὶ
341 1934 481 1979 πάντως,
504 1936 552 1972 ἐφ’
582 1937 658 1967 ὅσον
686 1940 824 1977 κυβερνᾷ
857 1942 908 1972 τὴν
942 1943 1081 1973 Ἑλλάδα
1102 1946 1115 1973 ὁ

70 1974 276 2013 Στρατάρχης
310 1978 498 2022 Παπάγος,
511 1982 538 2010 οἱ
568 1982 710 2019 ἀγρόται
728 1986 769 2014 θὰ
798 1987 873 2016 εἶναι
904 1988 922 2025 ἡ
953 1990 1115 2027 χαϊδεμένη

71 2019 154 2051 τάξις
177 2022 227 2056 τῆς
249 2022 415 2059 Ἑλλάδος.
426 2026 500 2065 Καὶ
512 2027 616 2067 ἐπειδὴ
639 2029 652 2056 ὁ
676 2029 884 2070 Στρατάρχης
909 2034 946 2062 θὰ
968 2035 1129 2078 κυβερνᾷ,

66 2066 168 2100 πρῶτα
196 2066 211 2095 ὁ
239 2066 344 2111 Θεός,
356 2071 437 2105 τρεῖς
465 2071 647 2110 τοὐλάχισον
672 2076 850 2112 τετραετίας
877 2077 929 2107 καὶ
956 2079 1125 2121 βλέπομεν,

58 2112 174 2150 μπορεῖ
198 2112 225 2140 οἱ
249 2112 399 2152 Ἕλληνες
425 2115 554 2154 ἀγρόται
580 2118 617 2147 νὰ
641 2121 816 2158 κοιμοῦνται
843 2122 982 2161 ἥσυχοι.

1284 1437 1401 1474 Ἔχουν
1424 1440 1475 1468 καὶ
1495 1438 1575 1469 ἄλλα
1599 1442 1697 1481 ἀκόμη
1725 1444 1761 1473 νὰ
1785 1445 1913 1484 γίνουν,
1926 1447 1962 1477 τὰ
1984 1448 2074 1477 ὁποῖα
2096 1450 2255 1480 καθυστέ-

1197 1492 1313 1521 ρησαν,
1327 1483 1408 1520 λόγῳ
1430 1486 1482 1522 τῆς
1504 1486 1715 1522 θεμελιώσεως
1737 1490 1790 1526 τῆς
1813 1490 2006 1529 οἰκονομικῆς
2029 1496 2240 1531 προσπαθείας

1199 1528 1245 1556 τῆς
1271 1528 1525 1566 Κυβερνήσεως,
1536 1532 1652 1567 μεταξὺ
1673 1534 1733 1562 τῶν
1755 1534 1892 1572 ὁποίων,
1906 1537 2079 1575 ἰδιαιτέρως
2103 1540 2181 1569 θέλω
2205 1542 2240 1569 νὰ

1195 1572 1342 1610 ἀναφέρω
1366 1573 1413 1611 τὴν
1446 1575 1636 1614 ἐφαρμογὴν
1655 1575 1712 1607 τοῦ
1731 1579 1803 1609 νέου
1827 1581 2016 1619 διοικητικοῦ
2041 1585 2162 1621 σχεδίου
2188 1588 2239 1622 τῆς

1195 1616 1330 1653 Χώρας.
1349 1618 1413 1655 Καὶ
1445 1621 1649 1658 παραλλήλως
1683 1624 1720 1653 νὰ
1753 1625 1867 1663 ἀρχίσῃ
1928 1627 1946 1664 ἡ
1979 1629 2157 1666 κατάρτισις
2187 1629 2246 1659 τοῦ

1193 1661 1342 1699 ἑπομένου
1395 1668 1574 1702 τετραετοῦς
1614 1669 1810 1706 οἰκονομικοῦ
1845 1672 2112 1710 προγράμματος.
2116 1675 2171 1713 Μὴ
2190 1677 2253 1714 λη-

1193 1709 1345 1750 σμονῆτε,
1360 1708 1469 1745 κύριοι
1488 1711 1675 1754 βουλευταί,
1687 1714 1741 1745 ὅτι
1781 1716 1821 1748 εἰς
1849 1716 1881 1744 τὸ
1909 1715 1992 1751 τέλος
2039 1720 2091 1757 τῆς
2120 1732 2249 1759 τετραε-

1194 1752 1278 1788 τίας,
1289 1753 1361 1783 ἄλλα
1389 1755 1493 1792 σχέδια
1520 1758 1573 1785 τοῦ
1597 1759 1843 1795 προγράμματος
1865 1762 1909 1791 θὰ
1933 1762 2022 1800 ἔχουν
2048 1767 2236 1804 τερματισθῇ

1186 1797 1249 1831 καὶ
1261 1797 1335 1826 ἄλλα
1359 1799 1396 1828 θὰ
1419 1799 1620 1835 εὑρίσκωνται
1645 1803 1675 1832 ἐν
1697 1804 1805 1842 πλήρει
1829 1806 1994 1839 ἐκτελέσει.
2008 1809 2181 1853 Νομίζετε,
2192 1812 2233 1840 ὅτι

1191 1838 1335 1880 σταματᾷ
1353 1844 1414 1873 ἐκεῖ
1437 1845 1454 1882 ἡ
1482 1845 1647 1881 φιλοδοξία
1668 1850 1724 1878 τοῦ
1747 1849 1953 1889 Στρατάρχου
1983 1853 2160 1888 Παπάγου;
2182 1856 2235 1889 Θὰ

1191 1888 1386 1925 παρουσιάσῃ
1417 1891 1456 1925 εἰς
1490 1891 1540 1920 τὸν
1568 1892 1640 1921 λαὸν
1670 1893 1703 1923 τὸ
1730 1894 1800 1923 νέον
1828 1907 1880 1925 του
1912 1898 2053 1934 σχέδιον.
2072 1899 2155 1929 Διότι
2184 1901 2246 1931 δὲν

1190 1932 1226 1959 θὰ
1251 1932 1427 1969 βραδύνουν
1451 1935 1488 1964 νὰ
1513 1936 1725 1972 ἀντιληφθοῦν
1749 1939 1773 1968 οἱ
1801 1940 1910 1977 πάντες
1933 1943 1979 1972 καὶ
2008 1945 2184 1980 πρωτίστως
2206 1947 2232 1975 οἱ

1187 1976 1361 2015 Ἕλληνες,
1371 1979 1412 2008 ὅτι
1437 1980 1456 2014 ἡ
1483 1979 1589 2017 Ἑλλὰς
1614 1982 1666 2012 δὲν
1689 1983 1769 2013 εἶναι
1790 1984 1883 2021 μόνον
1906 1987 1923 2024 ἡ
1948 1989 2150 2028 συνισταμένη
2175 1992 2248 2020 τῶν

1187 2022 1423 2053 πολυκυμάντων
1452 2026 1654 2056 ἐκδηλώσεων
1682 2029 1734 2066 τῆς
1762 2030 1923 2069 ἱστορίας,
1941 2032 2007 2063 οὔτε
2033 2034 2053 2072 ἡ
2079 2035 2174 2071 κοιτὶς
2203 2036 2245 2067 ἁ-

1185 2067 1262 2099 πλῶς
1293 2069 1354 2097 τῶν
1384 2071 1600 2107 μεγαλυτέρων
1631 2076 1843 2112 πνευματικῶν
1873 2076 1969 2111 ἀξιῶν
2024 2081 2080 2109 τοῦ
2105 2080 2240 2126 κόσμου,

1186 2111 1259 2139 ἀλλὰ
1306 2113 1353 2141 καὶ
1382 2114 1475 2152 χώρα
1496 2116 1530 2153 μὲ
1554 2117 1693 2153 μεγάλας
1744 2119 2084 2159 πλουτοπαραγωγικὰς
2110 2126 2243 2155 δυνατό-

1185 2168 1300 2196 τητας.
1312 2158 1355 2188 Τὸ
1381 2159 1488 2195 μέλλον
1512 2161 1553 2191 θὰ
1579 2163 1730 2202 ἀποδείξῃ
1756 2165 1811 2200 τὴν
1835 2166 1951 2204 πλάνην
1977 2170 2030 2198 τοῦ
2051 2169 2229 2207 Ἡροδότου

1185 2201 1199 2239 ἡ
1224 2202 1313 2231 ὁποία
1334 2203 1457 2240 ὑπῆρξε
1483 2205 1610 2236 πάντοτε
1637 2209 1726 2244 πιστή
1748 2221 1807 2246 μας
1834 2210 2032 2249 σύντροφος.
2043 2214 2086 2249 Τὸ
2110 2216 2150 2245 νὰ
2171 2217 2227 2254 μᾶς

1183 2247 1262 2284 κάμῃ
1285 2248 1322 2277 νὰ
1343 2249 1534 2282 πιστεύωμεν
1552 2252 1605 2280 καὶ
1622 2253 1699 2290 μαζί
1721 2266 1777 2290 μας
1796 2256 1844 2285 καὶ
1870 2257 1898 2286 οἱ
1920 2258 2011 2294 ἄλλοι,
2035 2259 2080 2289 ὅτι
2101 2260 2118 2298 ἡ
2142 2262 2227 2289 πενία

1182 2292 1221 2319 θὰ
1239 2293 1302 2327 μᾶς
1326 2294 1480 2324 ἀκολουθῇ
1503 2296 1655 2329 πάντοτε.
1666 2298 1725 2342 Ἔ,
1736 2299 1867 2340 λοιπόν,
1882 2302 1922 2336 εἰς
1948 2302 1997 2332 τὸν
2021 2304 2112 2334 τόπον
2137 2306 2222 2335 αὐτὸν

1180 2336 1236 2364 ποὺ
1255 2338 1394 2374 μονίμως
1417 2339 1525 2376 φύεται
1548 2341 1568 2378 ἡ
1593 2342 1700 2378 δάφνη
1722 2344 1772 2373 καὶ
1794 2345 1882 2375 δίπλα
1908 2348 1947 2381 εἰς
1972 2348 2066 2387 αὐτὴν
2089 2350 2107 2387 ἡ
2133 2351 2237 2390 ἐλαία,

1185 2382 1217 2409 τὰ
1235 2383 1356 2418 μεγάλα
1383 2384 1519 2415 σύμβολα
1540 2387 1592 2419 τῆς
1617 2387 1713 2420 δόξης
1737 2388 1787 2418 καὶ
1810 2391 1861 2428 τῆς
1885 2392 2034 2434 εἰρήνης,
2045 2394 2087 2423 θὰ
2111 2395 2228 2428 ἀποδει-

1180 2427 1237 2464 χθῇ
1258 2428 1303 2456 ὅτι
1322 2430 1488 2465 κρύπτεται
1512 2431 1561 2460 καὶ
1584 2432 1597 2459 ὁ
1621 2433 1760 2469 πλοῦτος,
1774 2435 1794 2465 ὁ
1816 2436 1921 2471 ἱκανὸς
1944 2438 1995 2468 διὰ
2015 2439 2053 2469 νὰ
2073 2439 2157 2478 δώσῃ
2181 2441 2224 2471 ἐπὶ

1179 2471 1281 2508 τέλους
1307 2474 1349 2510 εἰς
1376 2474 1412 2503 τὰ
1437 2475 1529 2506 τέκνα
1551 2488 1605 2511 της
1629 2478 1825 2517 εὐημερίαν.

1266 2543 1305 2572 Ἡ
1329 2544 1537 2588 Κυβέρνησις,
1556 2547 1661 2588 κύριοι
1684 2550 1855 2585 βουλευταί,
1879 2552 1937 2588 ἔχει
1963 2554 2063 2592 πλήρη
2089 2558 2237 2596 συνείδη-

1178 2599 1224 2616 σιν
1253 2590 1305 2626 τῆς
1336 2590 1469 2628 μεγάλης
1502 2603 1554 2629 της
1585 2593 1779 2632 ἀποστολῆς.
1799 2596 1847 2626 Μὲ
1876 2597 2007 2635 θάρρος,
2038 2600 2071 2637 μὲ
2104 2602 2220 2630 ἀδίστα-

1176 2643 1245 2660 κτον
1272 2634 1589 2673 ἀποφασιστικότητα,
1615 2639 1662 2667 καὶ
1688 2640 1747 2674 πρὸ
1773 2641 1885 2677 παντὸς
1912 2643 1946 2677 μὲ
1969 2644 2080 2681 πίστιν,
2107 2657 2237 2688 προχω-

1179 2679 1223 2710 ρεῖ
1247 2678 1304 2716 τὴν
1333 2680 1460 2716 πορείαν
1489 2693 1563 2717 της.
1584 2683 1626 2713 Τὸ
1656 2684 1752 2722 τέρμα
1783 2686 1835 2723 τῆς
1864 2688 1991 2724 πορείας
2021 2690 2114 2726 αὐτῆς
2145 2691 2218 2719 εἶναι

1174 2721 1206 2746 ἓν
1228 2723 1277 2751 καὶ
1303 2723 1417 2759 μόνον.
1435 2725 1475 2754 Ἡ
1495 2726 1640 2766 ὁριστικὴ
1667 2729 1872 2767 ἐξασφαλίσις
1898 2734 1951 2769 τῆς
1977 2735 2141 2771 εὐημερίας
2170 2738 2218 2774 τῆς

1173 2766 1336 2815 Ἑλλάδος.
1359 2769 1492 2808 (Ζωηρὰ
1516 2772 1566 2801 καὶ
1591 2774 1830 2810 παρατεταμένα
1855 2779 2168 2818 χειροκροτήματα).

1265 2838 1536 2878 ΠΡΟΕΔΡΟΣ.
1549 2842 1673 2882 Δέχεται
1699 2845 1717 2884 ἡ
1745 2845 1849 2885 Βουλὴ
1873 2847 1911 2877 νὰ
1932 2847 2071 2888 λύσωμεν
2096 2851 2148 2889 τὴν
2172 2864 2234 2880 συ-

1174 2889 1343 2926 νεδρίασιν;

1263 2959 1446 2991 ΠΟΛΛΟΙ
1474 2963 1750 3000 ΒΟΥΛΕΥΤΑΙ.
1769 2967 1922 3006 Μάλιστα,
1947 2971 2096 3009 μάλιστα.

1262 3030 1530 3065 ΠΡΟΕΔΡΟΣ.
1550 3035 1659 3064 Λύεται
1691 3038 1706 3075 ἡ
1734 3039 1940 3075 συνεδρίασις,
1966 3043 2003 3070 δι’
2031 3043 2139 3079 αὔριον
2165 3044 2212 3073 καὶ

1168 3073 1253 3109 ὥραν
1277 3078 1289 3103 6
1308 3076 1413 3124 μ.μ.,
1427 3078 1459 3112 μὲ
1485 3079 1561 3116 θέμα
1583 3080 1756 3118 ἡμερησίας
1780 3084 1950 3121 διατάξεως
1976 3088 2133 3126 συνέχειαν
2158 3091 2215 3119 τῶν

1169 3119 1404 3150 ἀνακοινώσεων
1436 3124 1490 3159 τῆς
1525 3124 1781 3163 Κυβερνήσεως.

1477 3221 1605 3260 (Ὥρα
1649 3219 1759 3254 9.15'
1781 3220 1915 3276 μ.μ.).
