2468 3500
78 233 137 283 νως
142 238 186 282 μὲ
206 237 260 276 τὴν
279 236 591 281 ἀναπροσαρμογήν,
603 236 630 266 τὸ
651 236 798 284 δεύτερον
816 231 904 277 τρεῖς
906 230 1015 276 μῆνας
1036 238 1126 276 ἀργό-

79 286 170 331 τερον
205 281 366 311 ἀπετέλεσε
403 282 626 320 σοβαρώτατον
659 282 810 314 πτωτικὸν
846 282 1031 320 παράγοντα
1064 274 1118 318 τῶν

85 331 195 377 τιμῶν,
215 327 411 375 ἀπεθάρρυνε
446 325 547 358 πᾶσαν
580 327 670 357 τάσιν
703 328 1047 369 ἀποθεματοποιήσεως,
1067 332 1142 369 κα-

83 375 180 413 τέλυσε
206 373 259 408 τὰς
277 366 473 415 τροχοπέδας
498 372 562 402 τοῦ
573 373 830 410 παρεμβατισμοῦ
851 374 905 409 καὶ
929 374 1136 420 προσέδωσεν

84 420 184 469 ὑγείαν
202 418 258 451 καὶ
280 418 410 455 ἠρεμίαν
434 419 475 453 εἰς
500 418 553 454 τὰς
579 418 796 460 συναλλαγάς.

171 469 275 516 Πρὸς
289 468 341 508 τὴν
365 469 448 510 ἰδίαν
467 469 676 507 κατεύθυνσιν
693 467 762 508 ἔχω
786 470 892 508 ἐπίσης
915 470 954 499 νὰ
978 470 1129 512 ἀναφέρω

84 517 111 554 τὸ
140 506 280 557 ἄνοιγμα
306 510 364 549 τῶν
393 512 540 549 κλειστῶν
568 515 840 558 ἐπαγγελμάτων.
850 509 941 557 Ἦτο
966 516 1022 553 καὶ
1041 515 1130 561 αὐτὸ

79 555 209 605 μέτρον,
225 559 255 589 τὸ
278 560 383 588 ὁποῖον
408 559 525 598 ἀπήτει
533 560 693 607 ἰσχυράν,
707 556 914 601 θεληματικὴν
939 561 1000 602 καὶ
1010 561 1138 599 θαρρα-

82 607 147 652 λέαν
177 604 402 650 Κυβέρνησιν.
409 605 509 640 Διότι,
538 605 578 640 ὡς
609 605 692 634 εἶναι
718 605 775 639 εἰς
789 605 897 647 πάντα
918 605 1078 649 γνωστόν,
1097 607 1138 645 αἱ

66 649 422 687 καταδυναστεύουσαι
431 650 483 685 τὰς
510 650 645 687 μεγάλας
675 650 770 687 μάζας
803 653 851 680 τοῦ
879 652 971 681 λαοῦ
981 651 1137 688 ὠργανω-

80 693 163 735 μέναι
177 695 376 732 ὀλιγαρχίαι,
384 695 552 733 διαθέτουν
572 690 692 734 μεγάλα
714 696 790 734 μέσα
812 696 1032 733 ἀντιδράσεως,
1055 695 1139 736 ὅταν

80 741 235 778 πρόκειται
256 740 294 777 νὰ
314 740 520 778 πολεμήσουν
524 741 614 778 ὑπὲρ
620 742 680 769 τῶν
700 741 785 774 ἰδίων
806 741 917 779 βωμῶν
929 741 997 781 καὶ
1006 741 1125 776 ἑστιῶν,

79 787 151 826 ὅπερ
180 785 332 823 σημαίνει
342 786 418 823 ὑπὲρ
445 786 501 814 τῶν
527 786 613 815 ἰδίων
639 787 803 824 ἀτομικῶν
819 787 1068 829 συμφερόντων.
1079 779 1142 827 Θὰ

81 831 221 868 ἀρκεσθῶ
245 831 281 869 νὰ
306 830 507 869 μνημονεύσω
531 831 562 860 τὸ
579 824 722 869 ἄνοιγμα
744 821 806 872 τοῦ
811 832 968 872 κλειστοῦ
982 832 1133 884 ἐπαγγέλ-

80 887 170 914 ματος
193 872 252 915 τῶν
275 873 509 914 καπνεργατῶν,
532 876 573 911 ὡς
597 876 630 905 τὸ
654 876 744 908 πλέον
768 877 1050 915 χαρακτηριστικὸν
1075 885 1139 915 πα-

83 921 230 958 ράδειγμα
248 920 306 957 καὶ
327 921 376 960 ἐπὶ
402 922 457 962 τῇ
462 921 609 969 εὐκαιρίᾳ
628 921 671 951 θὰ
696 921 835 966 δηλώσω,
862 922 907 962 ὅτι
930 922 978 950 ἐπὶ
1003 924 1056 964 τοῦ
1079 922 1148 961 θέ-

75 977 171 1013 ματος
178 965 306 1006 τούτου
332 966 349 1004 ἡ
372 966 517 1004 πολιτικὴ
543 967 612 1005 τῆς
624 966 854 1004 Κυβερνήσεως
883 967 929 1007 θὰ
951 963 1141 1016 συνεχισθῇ,

79 1012 183 1053 μέχρις
205 1008 248 1039 οὗ
258 1011 480 1050 ὁλοκληρωθῇ.

168 1072 220 1114 Ν.
231 1071 484 1113 ΖΟΡΜΠΑΣ.
497 1072 645 1111 Ρωτῆστε
669 1073 724 1111 τὴν
749 1067 907 1114 Καβάλα.

163 1134 210 1170 Σ.
235 1133 532 1163 ΜΑΡΚΕΖΙΝΗΣ
574 1134 678 1172 (Ὑπ.
696 1135 871 1175 Συντον.).
895 1134 1084 1178 Γνωρίζετε
1103 1134 1137 1176 τί

83 1179 342 1221 τηλεγραφήματα
372 1179 425 1215 καὶ
459 1179 634 1218 γράμματ
657 1180 854 1218 λαμβάνομεν
887 1180 960 1216 ἀπὸ
978 1180 1031 1223 τὴν
1065 1180 1132 1224 Κα-

81 1225 209 1275 βάλαν;
212 1224 285 1265 Ἐὰν
305 1224 408 1270 θέλετε
430 1226 506 1263 πᾶμε
521 1225 600 1262 μαζὶ
619 1225 660 1262 νὰ
681 1225 735 1268 τὴν
756 1225 1030 1266 ἐπισκεφθῶμεν.

164 1285 211 1323 Δ.
226 1285 549 1327 ΘΕΟΧΑΡΙΔΗΣ.
557 1286 783 1326 Ἐπικαλοῦμαι
814 1289 870 1325 τοῦ
887 1290 943 1328 κ.
957 1273 1057 1330 Γονῆ
1072 1287 1134 1327 τὴν

80 1332 272 1371 μαρτυρίαν.
284 1329 353 1364 Διὰ
363 1332 418 1371 τὴν
440 1332 637 1383 ἐφαρμογὴνἐφαρμογὴν
641 1332 709 1373 τοῦ
722 1332 819 1373 νόμου
844 1333 1060 1384 ἀπεστάλησαν
1085 1336 1136 1378 εἰς

81 1377 205 1410 ἐξορίαν
233 1377 307 1406 ἑπτὰ
333 1377 514 1418 ἄνθρωποι.

165 1439 205 1472 Σ.
230 1439 527 1469 ΜΑΡΚΕΖΙΝΗΣ
551 1429 664 1484 (Ὑπ.
681 1436 856 1482 Συντον.)
875 1441 950 1483 Ἐὰν
981 1434 1145 1487 νομίζετε,

78 1485 126 1526 ὅτι
148 1484 227 1524 ἑπτὰ
252 1485 412 1523 ἄνθρωποι
440 1485 600 1531 ἠμποροῦν
627 1480 667 1515 νὰ
694 1486 891 1524 ἀνατρέψουν
909 1486 990 1524 μίαν
1018 1488 1138 1533 πολιτι-

65 1530 156 1577 κήν,
168 1530 345 1574 πλανᾶσθε,
357 1530 449 1568 κύριε
476 1531 687 1569 συνάδελφε.

164 1592 212 1629 Δ.
219 1591 527 1631 ΘΕΟΧΑΡΙΔΗΣ
542 1592 649 1637 Τότε,
655 1593 756 1632 διατί
773 1593 861 1640 τοὺς
872 1580 1063 1639 ἐστείλατε;

166 1653 211 1693 Σ.
226 1653 522 1683 ΜΑΡΚΕΖΙΝΗΣ
556 1650 647 1692 (Ὑπ.
668 1645 855 1696 Συντον.).
878 1655 946 1685 Καὶ
959 1645 1002 1696 ἂν
1027 1655 1136 1700 χρεια-

81 1699 137 1736 σθῇ
152 1698 197 1727 θὰ
220 1699 349 1728 σταλοῦν
368 1699 421 1740 καὶ
442 1699 547 1739 ἄλλοι.
557 1699 705 1740 (Ζωηρὰ
718 1700 1042 1742 χειροκροτήματα).

163 1752 320 1793 Ἐνταῦθα
335 1748 445 1791 πρέπει
471 1750 570 1792 ἀκόμη
593 1753 641 1793 νὰ
653 1747 887 1794 διευκρινισθῇ,
900 1754 946 1783 ὅτι
959 1754 987 1792 ἡ
1008 1754 1133 1802 πλήρης

80 1797 285 1835 ὁλοκλήρωσις
311 1799 363 1836 τῆς
388 1798 435 1828 ἐπὶ
462 1798 567 1827 τούτου
594 1799 750 1835 πολιτικῆς
772 1810 835 1836 μας
859 1799 901 1828 θὰ
920 1800 1028 1847 γίνῃ,
1045 1800 1144 1842 ὅταν

81 1842 118 1880 θὰ
141 1845 213 1881 τεθῇ
238 1844 278 1879 εἰς
302 1843 491 1882 ἐφαρμογὴν
517 1844 568 1875 καὶ
594 1844 683 1883 ἄλλος
710 1844 818 1881 τομεὺς
846 1846 1137 1890 προγραμματικῆς

80 1888 307 1922 κατευθύνσεως
329 1889 399 1925 τῆς
403 1888 646 1933 Κυβερνήσεως,
667 1890 689 1919 ὁ
704 1890 836 1927 ἀφορῶν
848 1890 922 1929 τὴν
929 1889 1125 1935 κατάργησιν

81 1930 148 1972 τῶν
166 1932 252 1980 ὑπὲρ
277 1934 388 1971 τρίτων
417 1935 607 1969 κοινωνικῶν
640 1934 896 1978 ἐπιβαρύνσεων
919 1934 995 1965 Καὶ
1014 1935 1082 1963 ἐπὶ
1092 1930 1142 1973 τῇ

75 1978 226 2015 εὐκαιρίᾳ
247 1978 378 2016 βλέπετε,
402 1979 459 2011 ὅτι
472 1979 496 2016 ἡ
524 1979 727 2016 Κυβέρνσηι
752 1979 891 2010 διαθέτει
916 1979 1028 2024 ἀκόμη
1046 1979 1138 2020 ἰσχυ-

75 2017 193 2059 ρότατα
223 2024 304 2052 ὅπλα
332 2024 600 2059 ἀντιμετωπίσεως
636 2024 845 2062 ἐνδεχομένων
879 2025 1042 2063 ὑψωτικῶν
1077 2025 1127 2063 τά-

79 2078 156 2097 σεων
174 2069 233 2097 τῶν
251 2065 363 2111 τιμῶν.
370 2069 492 2106 Μήπως
506 2069 647 2104 ἄλλωστ
668 2070 697 2100 ἐν
715 2070 785 2107 ὄψει
800 2070 901 2102 αὐτοῦ
917 2070 982 2110 τοῦ

79 2113 273 2155 Νοεμβρίου,
290 2114 343 2153 τὸν
365 2114 471 2159 ὁποῖον
484 2115 535 2152 αἱ
543 2114 760 2150 Κασσάνδραι
772 2116 831 2153 τῆς
848 2114 1125 2150 ἀντιπολιτεύσεως

73 2158 309 2202 ἐπροφήτευον,
322 2152 383 2208 ὄχι
399 2159 493 2198 μόνον
518 2160 569 2201 ὡς
576 2154 681 2198 μῆνα
686 2162 742 2200 τοῦ
767 2161 881 2190 ἰδικοῦ
885 2171 947 2198 μου
973 2158 1137 2201 πολιτικοῦ

75 2204 188 2240 τάφου,
206 2204 289 2233 ἀλλὰ
312 2205 364 2233 καὶ
390 2206 442 2242 τῆς
471 2205 701 2242 Κυβερνήσεως
721 2205 912 2244 ὁλοκλήρου,
940 2206 992 2235 δὲν
1017 2200 1124 2245 ἤρχισε

78 2249 152 2285 μετὰ
180 2250 293 2287 πολλῆς
320 2249 512 2287 σεμνότητος
546 2250 756 2288 ἐκδηλουμένη
787 2251 806 2289 ἡ
843 2251 1034 2287 ἀντεπίθεσίς
1068 2253 1125 2290 μας

77 2294 119 2334 εἰς
130 2294 194 2329 τὰς
216 2294 334 2336 τιμάς;
341 2294 407 2323 Καὶ
426 2293 512 2332 παρ’
521 2296 616 2340 ὅλον,
628 2296 679 2326 ὅτι
698 2296 850 2334 οὐδεμίαν
869 2296 1043 2333 ἰδιαιτέρα
1063 2297 1133 2339 ἐπι-

82 2339 190 2375 θυμίαν
219 2339 277 2377 ἔχω
306 2340 345 2368 νὰ
368 2341 595 2376 κακοκαρδίσω
624 2341 680 2379 τὴν
708 2341 971 2381 ἀντιπολίτευσιν,
990 2341 1043 2370 δὲν
1071 2342 1126 2385 τὴν

72 2383 136 2421 ἔχω
150 2384 201 2418 δέ,
226 2385 272 2422 ὄχι
290 2384 386 2414 ἕνεκα
406 2385 590 2423 καλωσύνης
611 2386 693 2423 πρὸς
711 2386 825 2430 αὐτήν,
848 2386 939 2421 ἀλλὰ
952 2387 1002 2416 διὰ
1018 2387 1064 2416 νὰ
1081 2388 1139 2425 μὴ

81 2431 213 2466 στερηθῇ
237 2430 256 2468 ἡ
274 2431 472 2468 πλειοψηφία
498 2431 556 2460 τῶν
584 2431 738 2469 Ἑλλήνων
763 2433 818 2469 τῆς
835 2431 1041 2466 ἀπολαύσεως
1067 2433 1137 2462 τῶν

77 2474 157 2503 ὅσων
182 2476 421 2513 καθημερινῶς
428 2476 696 2513 διασκεδαστικῶν
721 2477 825 2513 ἄκουε,
851 2478 1045 2515 πληροφορῶ
1072 2478 1132 2515 τὴν

78 2519 211 2558 Βουλήν,
239 2521 288 2556 ὅτι
313 2521 357 2557 θὰ
382 2521 559 2558 ἐκπλαγοῦν
583 2521 686 2550 πόσον
714 2522 843 2560 ἰσχυρὸν
871 2522 951 2552 εἶναι
978 2522 1012 2551 τὸ
1041 2522 1138 2561 ὁπλο-

81 2565 203 2593 στάσιόν
225 2577 288 2603 μας
313 2567 357 2602 εἰς
384 2566 441 2604 τὴν
469 2567 664 2596 ἀντεπίθεσίν
694 2578 751 2603 μας
775 2568 822 2607 εἰς
842 2568 908 2603 ὅ,τι
938 2560 1057 2605 ἀφορᾷ
1069 2568 1124 2607 τὰς

74 2610 173 2648 τιμάς,
195 2611 271 2648 ὅταν
288 2611 310 2648 ἡ
328 2611 466 2648 αὔξησίς
490 2622 550 2640 των
570 2612 749 2649 ὑπερβαίνῃ
769 2612 814 2641 τὰ
824 2612 1052 2662 ἐπιτρεπόμενα
1063 2613 1124 2648 καὶ

75 2655 351 2695 δικαιολογούμενα
376 2656 481 2695 ὅρια.

159 2708 214 2746 Εἰς
238 2709 294 2744 τὴν
317 2710 502 2748 συνοπτικὴν
526 2710 622 2748 αὐτὴν
646 2710 769 2753 εἰκόνα,
783 2711 842 2754 τὴν
865 2711 1139 2758 περιγράφουσαν

76 2754 109 2780 τὸ
130 2755 196 2791 πῶς
217 2754 442 2792 ἐπροχώρησεν
466 2756 484 2793 ἡ
503 2755 712 2797 Κυβέρνησις
739 2757 780 2792 εἰς
807 2756 862 2795 τὴν
888 2757 1138 2800 ἀναπροσαρμο-

80 2799 146 2836 γήν,
175 2799 250 2836 αὐτὴ
280 2800 297 2837 ἡ
328 2800 645 2837 ἀπρογραμμάτιστ
671 2801 724 2838 καὶ
755 2801 977 2841 ἀνερμάτιστο
1006 2802 1139 2846 Κυβέρ-

80 2845 175 2881 νησις!
200 2844 252 2875 καὶ
279 2845 370 2879 αὐτὸς
394 2845 410 2874 ὁ
434 2845 677 2882 ὑπερδαιμόνιος
705 2846 905 2883 συντονιστὴς
928 2848 983 2883 τῆς
1010 2847 1143 2881 οἰκονο-

73 2890 189 2926 μικῆς
188 2890 267 2925 ζωῆς
292 2891 346 2919 τοῦ
370 2890 489 2919 τόπου!
508 2890 641 2927 (μεταξύ
666 2902 735 2928 μας,
762 2891 869 2924 πρέπει
896 2892 935 2920 νὰ
961 2892 1014 2933 σᾶς
1041 2892 1139 2938 εἴπω,

77 2934 120 2970 ὅτι
142 2933 360 2981 κολακεύομαι
359 2935 586 2983 ἰδιαιτέρως),
605 2936 661 2971 εἰς
670 2936 783 2982 αὐτήν,
801 2936 893 2981 λέγω,
910 2936 972 2979 τὴν
997 2936 1148 2975 ἀνάπτυ-

79 2979 125 3018 ξιν
156 2979 210 3017 τὴν
239 2982 309 3018 κατ’
342 2980 482 3021 ἀνάγκην
512 2980 775 3024 περιωρισμένην
795 2981 892 3027 μόνον
926 2982 981 3025 εἰς
1001 2982 1153 3028 γενικὰς

78 3025 232 3069 γραμμὰς
238 3025 282 3053 θὰ
301 3018 385 3066 ἤμην
407 3025 522 3067 ἄδικος,
541 3026 601 3055 ἐὰν
620 3026 793 3062 παρέλειπα
810 3027 850 3057 νὰ
869 3027 982 3056 τονίσω
1005 3027 1060 3074 τὴν
1078 3028 1150 3070 εὐ-

78 3069 279 3113 γνωμοσύνην
301 3071 357 3114 τῆς
386 3070 575 3118 Ἑλληνικῆς
591 3071 829 3117 Κυβερνήσεως
846 3071 950 3117 ἔναντι
972 3073 1039 3118 τῆς
1058 3073 1155 3118 ἀπε-

72 3115 235 3152 ριορίστου
261 3115 546 3152 συμπαραστάσεως
592 3116 834 3155 Ἀμερικανικῆς
865 3117 1059 3163 Πρεσβείας
1070 3118 1146 3159 καὶ

80 3159 265 3197 Ἀποστολῆς
283 3161 356 3189 καθ’
379 3160 452 3200 ὅλον
468 3161 545 3191 αὐτὸ
569 3161 604 3193 τὸ
628 3162 897 3200 προκαταρκτικὸν
923 3161 1047 3193 στάδιον
1071 3155 1145 3205 τῆς

78 3205 259 3243 ἐφαρμογῆς
285 3204 336 3244 καὶ
366 3206 562 3244 εἰδικώτερον
592 3207 634 3242 εἰς
664 3207 720 3245 τὴν
750 3208 928 3245 προθυμίαν
957 3209 1010 3246 τῆς
1041 3207 1139 3245 Οὐά-

80 3261 229 3287 σιγκτων,
245 3250 282 3291 νὰ
308 3251 454 3289 παράσχῃ
481 3251 644 3292 ἀπόλυτο
658 3252 820 3290 εὐχέρειαν
845 3254 886 3289 εἰς
915 3253 1029 3290 βασικὰ
1051 3254 1138 3303 ἐφό-

1198 241 1274 284 δια,
1281 235 1345 275 τῶν
1376 240 1489 281 ὁποίων
1518 232 1551 278 ἡ
1566 241 1721 278 παρουσία
1750 242 1885 273 ἐνταῦθα
1914 243 2067 284 ἀποτελεῖ
2083 242 2257 286 πολύτιμον

1199 286 1288 335 ὅπλον
1301 285 1427 318 ἔναντι
1437 285 1636 324 οἱουδήποτε
1644 286 1869 323 κερδοσκόπου,
1893 288 1932 325 οἱ
1943 288 2072 330 ὁποῖοι,
2073 289 2113 324 ὡς
2137 290 2247 339 γνωρί-

1198 331 1287 376 ζετε,
1295 331 1479 369 φυτρώνουν
1501 331 1542 366 ὡς
1564 332 1729 370 μανιτάρια
1752 333 1794 368 εἰς
1816 332 1969 369 τοιαύτας
1982 334 2215 370 περιπτώσεις.

1285 383 1366 413 Καὶ
1374 384 1449 423 ὅταν
1474 384 1510 424 τὰ
1538 384 1636 423 πάντα
1663 385 1742 423 ἦσαν
1770 385 1885 424 ἕτοιμα,
1914 386 2096 423 ἐφθάσαμεν
2124 387 2185 431 εἰς
2192 387 2254 428 τὴν

1199 433 1267 468 9ην
1269 429 1457 472 Ἀπριλίου,
1466 429 1602 467 ἡμέραν,
1625 430 1649 467 ἡ
1656 430 1755 461 ὁποία
1777 431 1830 465 θὰ
1839 431 1946 469 ἀποβῇ
1960 432 2095 469 βασικὸς
2110 430 2255 478 σταθμὸς

1202 475 1249 511 τῆς
1274 475 1472 513 οἰκονομικῆς
1501 475 1736 513 ἀναγεννήσεως
1764 476 1827 511 τοῦ
1842 476 1954 514 τόπου.
1969 476 2034 515 Τὴν
2062 477 2170 507 ὁποίαν
2197 479 2254 516 ὀρ-

1199 520 1257 558 θῶς
1288 519 1516 558 διακεκριμένοι
1545 520 1644 555 ξένοι
1654 521 1884 559 παρατηρηταὶ
1904 521 1972 560 τὴν
1987 522 2168 559 συνέκρινον
2194 523 2261 567 μό-

1199 566 1268 605 νον,
1288 565 1345 605 ὄχι
1363 565 1396 603 μὲ
1427 566 1480 604 τὴν
1508 566 1796 603 ἀναπροσαρμογὴν
1824 569 1877 596 τοῦ
1905 566 2096 614 CRIPPS,
2110 568 2196 597 ἀλλὰ
2210 561 2254 607 μὲ

1199 610 1258 652 τὴν
1276 609 1579 652 ἀναπροσαρμογὴν
1592 613 1661 643 τοῦ
1670 611 1884 651 Σεπτεμβρίου
1910 614 1975 652 τοῦ
1989 616 2086 654 1931
2094 613 2166 651 τῆς
2174 614 2257 660 Ἀγ-

1198 655 1303 691 γλίας,
1311 652 1389 692 ἄνευ
1411 656 1463 693 τῆς
1486 655 1594 694 ὁποίας
1616 656 1801 694 διερωτᾶταί
1824 668 1877 702 τις,
1900 657 1936 699 ἂν
1961 658 1998 698 θὰ
2021 657 2073 695 ἦτο
2094 658 2137 692 εἰς
2157 658 2259 695 θέσιν

1196 702 1223 746 ἡ
1236 701 1367 739 Μεγάλη
1394 700 1587 750 Βρεταννία
1595 702 1647 742 νὰ
1656 702 1851 751 διεξαγάγῃ
1856 703 2015 748 ἐπιτυχῶς
2027 703 2078 739 τὸν
2103 696 2258 750 πόλεμον.

1284 754 1359 798 Καὶ
1374 754 1466 794 τώρα,
1492 754 1531 789 ἂς
1561 755 1699 800 ἴδωμεν,
1712 755 1813 791 κύριοι
1838 756 2026 803 βουλευταί,
2041 757 2100 796 τὰ
2106 754 2270 798 ἀποτελέ-

1199 810 1297 836 σματα
1325 800 1377 845 τῆς
1403 800 1711 847 ἀναπροσαρμογῆς.
1732 800 1784 836 Εἰς
1812 802 1844 830 τὸ
1861 802 2021 845 σημεῖον,ὅμως
2035 803 2133 849 ὅμως,
2155 804 2259 841 τοῦτο

1199 845 1246 873 δὲν
1270 844 1329 882 ἔχω
1349 845 1518 887 καλύτερον
1545 846 1579 881 νὰ
1600 846 1712 882 πράξω
1735 846 1791 874 ἀπὸ
1815 848 1868 876 τοῦ
1890 846 1935 876 νὰ
1949 847 2060 885 ἀφήσω
2085 847 2122 876 νὰ
2144 840 2255 893 ὁμιλή-

1198 901 1278 931 σουν
1288 889 1406 935 μόνοι
1409 901 1468 919 των
1493 891 1538 923 οἱ
1547 891 1693 929 ἀριθμοί.
1710 891 1910 929 Κρατήσατέ
1924 900 1993 931 τους
2018 892 2112 933 καλὰ
2122 893 2181 927 εἰς
2192 891 2263 933 τὴν

1196 935 1318 973 μνήμην
1346 947 1423 974 σας.
1439 935 1501 964 Καὶ
1529 935 1580 964 δὲν
1606 936 1647 965 θὰ
1673 937 1839 980 χρειασθῇ
1853 937 1935 981 οὔτε
1948 937 2124 975 ἰδιαίτερος
2137 937 2267 978 κόπος,

1198 980 1263 1022 οὔτε
1291 980 1453 1024 ἰδιαίτερα
1469 980 1578 1018 σοφία,
1596 981 1651 1021 διὰ
1677 981 1715 1026 νὰ
1741 981 1913 1029 ἐξαγάγετε
1941 983 2019 1017 σεῖς
2028 983 2087 1012 τὰ
2093 981 2263 1023 συμπερά-

1199 1037 1311 1071 σματα.
1329 1025 1478 1065 Ὁμιλοῦν
1499 1026 1527 1055 οἱ
1535 1022 1645 1069 ἴδιοι.

1280 2002 1445 2045 Δοθέντος
1457 2002 1499 2039 ὅτι
1518 2003 1546 2032 ὁ
1560 2003 1766 2040 ὑψηλότερος
1777 2005 1909 2043 δείκτης
1920 1985 2180 2048 μεταπολεμικῶς
2185 2003 2251 2049 ἦτο

1196 2047 1211 2089 ὁ
1229 2047 1434 2091 Ὀκτώβριος
1463 2048 1569 2089 1951,
1584 2045 1715 2096 δηλαδὴ
1733 2053 1845 2093 134,5,
1867 2051 2004 2088 σημαίνει
2031 2052 2084 2087 ὅτι
2105 2052 2162 2079 ἀπὸ
2190 2044 2253 2092 τοῦ

1195 2092 1404 2129 παρελθόντος
1433 2093 1568 2138 Ἰουνίου
1596 2093 1686 2123 πλέον
1714 2094 1776 2133 τὸν
1792 2093 1985 2136 ὑπερέβημεν
2009 2090 2084 2137 καὶ
2100 2096 2250 2149 μάλιστα

1195 2138 1261 2167 κατ’
1280 2137 1477 2175 Ὀκτώβριον
1487 2139 1581 2181 κατὰ
1595 2141 1631 2177 25
1651 2140 1705 2181 καὶ
1723 2139 1812 2185 πλέον
1832 2141 2012 2178 μονάδας.

1278 2191 1392 2239 Τώρα
1405 2191 1447 2227 θὰ
1476 2192 1531 2227 σᾶς
1562 2192 1711 2230 ἀναφέρω
1730 2193 1809 2232 μίαν
1836 2195 1930 2232 ἄλλην
1959 2195 2155 2235 στατιστικὴν
2184 2184 2253 2224 ἀπὸ

1197 2237 1246 2275 τὴν
1270 2239 1391 2275 κίνησιν
1414 2239 1466 2267 τοῦ
1490 2240 1709 2279 προσωπικοῦ
1709 2239 1774 2279 ἐπὶ
1785 2241 1844 2280 550
1867 2240 2088 2278 ἐπιχειρήσεων
2111 2241 2253 2290 προσλή-

1195 2293 1277 2318 ψεως
1303 2282 1354 2310 καὶ
1382 2282 1589 2321 ἀπολύσεως.
1598 2283 1648 2313 Θὰ
1669 2284 1756 2322 ἴδητε
1786 2285 1835 2314 ἀπ’
1859 2285 1936 2318 ἐκεῖ
1945 2286 2002 2324 τὴν
2027 2287 2156 2324 πορείαν
2184 2288 2240 2327 τῶν

1196 2328 1373 2357 ἀπολύσεων
1396 2328 1484 2357 κατὰ
1497 2328 1530 2357 τὸ
1554 2328 1633 2370 ἔτος
1645 2332 1726 2365 1952
1748 2330 1801 2363 καὶ
1823 2330 1878 2368 τὴν
1900 2331 2026 2368 πορείαν
2054 2332 2111 2367 τῶν
2136 2329 2260 2369 ἀπολύ-

1197 2384 1283 2408 σεων
1301 2373 1395 2416 κατὰ
1432 2373 1464 2402 τὸ
1494 2377 1604 2412 1953.
1617 2374 1687 2414 Τὸν
1709 2375 1925 2419 Ἰανουάριον
1963 2370 2060 2415 1952
2076 2377 2116 2405 αἱ
2135 2376 2259 2421 ἀπολύ-

1197 2429 1481 2456 σεις..........

1279 2474 1314 2518 Ι.
1325 2480 1512 2521 ΖΙΓΔΗΣ.
1514 2469 1587 2526 Διὰ
1585 2481 1636 2524 νὰ
1639 2482 1682 2520 μὴ
1700 2483 1953 2520 δημιουργηθοῦν
1972 2483 2155 2520 ἐντυπώσεις
2174 2475 2260 2527 πρέ-

1195 2533 1258 2563 πει
1256 2525 1297 2565 νὰ
1317 2526 1388 2570 μᾶς
1393 2525 1575 2564 ἀναφέρετε
1585 2526 1636 2555 καὶ
1658 2527 1710 2562 τὰς
1731 2528 1839 2572 πηγὰς
1853 2529 1910 2569 τῶν
1933 2529 2109 2569 στοιχείων
2114 2541 2189 2570 σας.
2202 2529 2262 2568 Ὁ

1194 2572 1324 2607 πρῶτος
1344 2571 1475 2613 δείκτης
1494 2570 1584 2610 εἶναι
1599 2569 1632 2607 ὁ
1645 2572 1775 2608 δείκτης
1795 2575 1857 2604 τοῦ
1877 2573 2057 2612 Συνδέσμου
2084 2575 2255 2614 Ἑλλήνων

1198 2613 1430 2654 Βιομηχάνων.
1461 2616 1497 2645 Ὁ
1526 2616 1670 2653 δεύτερος
1696 2618 1816 2655 δείκτης
1839 2618 1917 2648 εἶναι
1941 2619 2078 2667 δείκτης
2086 2621 2145 2649 τῶν
2170 2620 2260 2651 Βιο-

1194 2661 1339 2699 μηχάνων
1365 2661 1495 2699 ἐπίσης.
1508 2661 1566 2690 Δὲν
1587 2654 1669 2692 εἶνα
1690 2663 1926 2700 ἀντικειμενικοὶ
1951 2665 1990 2701 οἱ
2003 2664 2133 2708 δεῖκτα
2144 2665 2264 2703 αὐτοί.

1188 2706 1236 2750 Δι’
1264 2706 1362 2753 αὐτῶν
1389 2707 1411 2745 ὁ
1429 2706 1621 2751 Σύνδεσμος
1636 2706 1789 2745 Ἑλλήνων
1814 2708 2038 2749 Βιομηχάνων
2050 2711 2150 2751 ἀσκεῖ
2154 2709 2261 2754 πολι-

1198 2751 1277 2796 τικὴν
1297 2751 1377 2788 πρὸς
1398 2752 1580 2789 προώθησιν
1600 2752 1745 2786 ἑκάστοτε
1767 2754 1825 2795 τῶν
1850 2754 2072 2796 συμφερόντω
2093 2766 2169 2796 του.

1280 2813 1336 2853 Σ.
1335 2813 1664 2853 ΜΑΡΚΕΖΙΝΗΣ
1678 2814 1778 2860 (Ὑπ.
1793 2803 1966 2859 Συντον.).
1985 2816 2090 2847 Ὅταν
2119 2817 2206 2866 ἔλθῃ
2216 2812 2251 2863 ἡ

1194 2857 1269 2897 ὥρα
1279 2858 1327 2895 νὰ
1336 2858 1517 2897 ὁμιλήσετε,
1528 2859 1575 2895 νὰ
1586 2859 1789 2896 διαψεύσετε
1791 2861 1839 2896 τὰ
1849 2864 1983 2906 στοιχεῖα
2005 2858 2100 2900 αὐτά.
2114 2862 2180 2904 Δὲν
2193 2869 2257 2901 με-

1195 2903 1392 2943 ταχειρίζεται
1423 2904 1438 2942 ὁ
1464 2904 1644 2954 Ὑπουργὸς
1669 2907 1740 2946 τοῦ
1752 2906 1978 2951 Συντονισμοῦ
1992 2904 2151 2954 ἀναληθῆ
2164 2912 2243 2943 στοι-

1191 2950 1276 2997 χεῖα.

1281 3002 1318 3031 Ὁ
1342 3002 1539 3050 Ὑπουργὸς
1553 3005 1604 3033 τοῦ
1631 3004 1843 3038 Συντονισμοῦ
1867 2993 2121 3060 μεταχειρίζεται
2133 3003 2252 3064 ἐπίση-

1193 3048 1245 3086 μα
1251 3049 1408 3093 στοιχεῖα.

1279 3110 1317 3146 Ι.
1329 3110 1516 3154 ΖΙΓΔΗΣ.
1521 3111 1700 3154 Δικαίωμά
1687 3106 1759 3161 μας
1782 3113 1870 3156 εἶναι
1880 3114 1924 3152 νὰ
1940 3115 1985 3154 τὰ
1994 3096 2263 3163 ἀμφισβητήσω-

1191 3167 1268 3194 μεν.

1279 3209 1326 3246 Σ.
1337 3209 1654 3245 ΜΑΡΚΕΖΙΝΗΣ
1662 3205 1760 3252 (Ὑπ.
1768 3212 1935 3257 Συντον.).
1953 3214 2018 3254 Νὰ
2025 3214 2074 3252 τὰ
2085 3214 2248 3254 ἀμφισβη-

1186 3254 1327 3296 τήσετε.
1328 3254 1406 3297 Δὲν
1406 3255 1532 3296 εἴμεθα
1531 3256 1621 3305 τόσον
1641 3256 1763 3309 ἀφελεῖς
1783 3258 1827 3287 νὰ
1836 3258 1878 3295 μὴ
1897 3254 2095 3304 πιστεύωμεν
2101 3259 2163 3303 ὅτι
2165 3258 2257 3305 ὅταν
