2476 3500
31 233 103 264 κατὰ
135 231 188 269 τὴν
219 230 381 275 περίοδον
395 229 557 272 Ἀπριλίου
581 228 694 267 μέχρις
752 228 949 266 Ὀκτωβρίου
982 230 1084 271 1953,

31 278 156 321 αὔξησις
183 277 241 304 τῶν
265 274 443 304 πιστώσεων
459 274 544 309 κατὰ
568 275 670 311 δραχ.
684 278 773 310 134,1
803 274 1084 311 δισεκατατομμύρια.

26 319 71 354 Ἡ
85 322 228 367 αὔξησις
260 320 334 357 αὕτη
366 319 594 357 συγκρινομένη
624 319 712 369 πρὸς
732 320 764 348 τὸ
794 320 921 356 σύνολον
951 320 1011 356 τῶν
1035 330 1084 357 πι-

35 369 170 398 στώσεων
195 368 235 396 ἐκ
250 367 302 395 τοῦ
326 362 500 396 ἐκδοτικοῦ
509 364 691 403 προνομίου
705 365 920 403 ἀνερχομένων
944 365 985 400 εἰς
1010 365 1078 403 δρχ

25 417 121 451 3.703
154 410 416 456 δισεκατομμύρια
450 408 537 444 εἶναι
556 411 731 450 προφανῶς
765 410 861 447 μικρὰ
891 409 942 438 καὶ
974 410 1013 444 ὡς
1047 410 1087 444 ἐκ

37 460 148 495 τούτου
158 457 285 490 δύναται
306 456 445 496 βασίμως
470 455 507 485 νὰ
529 456 631 493 λεχθῇ
646 456 697 485 ὅτι
713 455 849 493 οὐδεμία
865 455 986 493 ἠσκήθη
1008 455 1091 493 πλη-

26 504 147 546 θωρικὴ
174 503 271 538 πίεσις
298 501 341 530 ἐκ
353 503 407 530 τοῦ
430 500 628 538 παράγοντος
653 501 712 537 τῶν
738 500 943 536 πιστώσεων.

118 569 155 600 2.
172 563 288 601 Κύριοι
304 563 504 608 παράγοντες
530 562 685 601 μειώσεως
711 564 761 599 τῆς
782 562 996 600 κυκλοφορίας
1022 562 1077 590 ἀπὸ

36 613 94 648 τοῦ
105 609 265 646 Ἀπριλίου
290 608 387 646 μέχρι
400 610 464 645 τοῦ
479 608 695 645 Σεπτεμβρίου
719 602 890 653 ὑπῆρξαν:

119 655 155 684 Ὁ
178 653 388 690 λογαριασμὸς
413 653 675 689 συγκεντρώσεως
697 652 813 682 ἐσόδων
830 653 895 690 καὶ
907 653 1098 693 πληρωμῶν

28 704 89 743 τοῦ
112 700 269 738 δημοσίου,
296 700 340 737 αἱ
352 698 539 737 καταθέσεις
564 698 664 735 πάσης
707 698 839 734 φύσεως
866 698 918 734 καὶ
945 696 1090 736 δραχμαὶ

28 749 91 790 τῆς
105 740 348 783 Ἀμερικανικῆς
375 744 549 780 βοηθείας.
556 736 870 781 Ἀναλυτικώτερον:

106 808 151 843 α)
181 806 375 853 Ἑλληνικὸν
380 806 555 856 δημόσιον,
566 807 784 850 λογαριασμὸς
801 806 917 836 ἐσόδων
937 805 1000 839 καὶ
1011 806 1089 850 πλη-

38 855 158 900 ρωμῶν:
184 852 356 890 Λογιστικὴ
377 851 501 889 μείωσις
521 853 574 880 τοῦ
595 852 800 894 χρεωστικοῦ
803 851 970 880 ὑπολοίπου
992 852 1093 888 δραχ.

38 903 124 933 784,9
155 897 425 943 δισεκατομμύρια
446 897 487 932 εἰς
514 896 552 934 ἣν
580 896 838 934 περιλαμβάνεται
868 896 962 926 ποσὸν
992 897 1091 934 δραχ.

31 948 97 979 608
124 942 431 985 δισεκατομμυρίων,
450 941 659 980 μεταφερθὲν
677 942 710 971 ἐκ
738 943 799 971 τῶν
827 942 971 980 δραχμῶν
1027 942 1093 986 τῆς

26 985 272 1034 Ἀμερικανικῆς
303 987 471 1024 βοηθείας.
497 987 716 1025 Πραγματικὴ
746 986 901 1025 ἑπομένως
956 986 1091 1029 μείωσις

38 1037 102 1071 τοῦ
114 1035 302 1072 χρεωστικοῦ
330 1032 497 1061 ὑπολοίπου
528 1034 581 1062 τοῦ
607 1032 765 1071 Δημοσίου
795 1033 900 1071 δραχ.
913 1032 981 1072 177
1004 1032 1081 1072 δισε-

27 1079 257 1131 κατομμύρια.
268 1078 318 1115 Ἡ
333 1077 457 1115 μείωσις
485 1077 562 1115 αὕτη
588 1079 643 1108 τοῦ
667 1078 835 1117 ὑπολοίπου
860 1079 915 1108 τοῦ
939 1078 1097 1113 λογαρια-

38 1127 113 1168 σμοῦ
169 1126 219 1153 τοῦ
276 1122 432 1160 Δημοσίου
492 1122 631 1151 δεικνύει
682 1122 737 1161 τὴν
794 1123 891 1162 καλὴν
949 1121 1098 1160 ἐξέλιξιν

34 1170 118 1206 κατὰ
164 1169 217 1207 τὴν
269 1162 437 1198 ἐκτέλεσειν
491 1169 547 1197 τοῦ
599 1165 763 1204 Κρατικοῦ
812 1162 1090 1210 προϋπολογισμοῦ

33 1214 281 1254 καταλείποντος,
312 1213 369 1243 ἀπὸ
398 1215 452 1242 τοῦ
482 1212 644 1251 Ἀπριλίου
674 1212 774 1260 μέχρι
794 1214 846 1243 τοῦ
874 1212 1097 1256 Ὀκτωβρίου,

32 1261 209 1302 συνολικῶς
226 1258 372 1303 ταμιακὸν
400 1257 578 1296 πλεόνασμα
593 1258 648 1306 ἐξ
665 1261 725 1288 180
751 1258 880 1295 περίπου
907 1258 1093 1303 δισεκατομ-

38 1307 151 1354 μυρίων
178 1305 346 1342 δραχμῶν.

123 1367 164 1403 β)
184 1365 376 1400 Καταθέσεις
400 1364 557 1403 δημοσίων
580 1365 775 1412 ὑπηρεσιῶν:
802 1364 944 1401 Αὔξησις
966 1366 1021 1394 τοῦ
1042 1368 1083 1398 πι-

40 1414 184 1442 στωτικοῦ
205 1422 265 1440 των
290 1410 453 1440 ὑπολοίπου
473 1410 555 1444 κατὰ
576 1411 676 1454 δραχ.
693 1413 786 1450 270,8
811 1410 1090 1446 δισεκατομμύρια.

124 1473 156 1511 γ)
194 1473 388 1509 Καταθέσεις
415 1473 607 1509 Τραπεζῶν:
642 1473 786 1509 Αὔξησις
816 1475 872 1502 τοῦ
900 1474 1090 1510 πιστωτικοῦ

41 1533 95 1550 των
120 1520 287 1563 ὑπολοίπου
309 1519 389 1548 κατὰ
415 1519 519 1555 δραχ.
533 1521 624 1554 278,7
653 1518 947 1557 δισεκατομμύρια.

125 1577 170 1625 δ)
192 1578 319 1616 Ἕτεροι
349 1578 557 1617 λογαριασμοὶ
584 1578 799 1621 πιστωτικοὶ:
825 1578 966 1614 (Κυρίως
993 1589 1096 1615 κατα-

41 1625 137 1659 θέσεις
168 1624 357 1662 Ν.Π.Δ.Δ.
367 1624 418 1659 καὶ
437 1624 579 1659 ἄλλοι).
592 1623 735 1666 Αὔξησις
764 1624 870 1662 δραχ.
884 1627 976 1656 348,7
1008 1624 1086 1653 δισε-

40 1669 251 1709 κατομμύρια.

125 1731 152 1765 ε)
183 1731 326 1769 Δραχμαὶ
351 1731 592 1770 Ἀμερικανικῆς
617 1731 782 1769 βοηθείας:
810 1731 857 1771 Τὸ
878 1731 920 1768 εἰς
945 1731 1084 1769 δραχμὰς

37 1777 145 1824 προϊὸν
169 1778 222 1814 τῆς
249 1776 490 1817 Ἀμερικανικῆς
518 1776 667 1814 βοηθείας
691 1777 828 1813 ἀνῆλθεν
853 1777 894 1811 εἰς
923 1779 982 1805 928
1009 1779 1096 1805 δισε-

36 1822 234 1860 κατομμύρια
252 1823 337 1860 μεῖον
360 1823 414 1852 τοῦ
438 1821 707 1859 μεταφερθέντος
731 1823 773 1858 εἰς
799 1821 850 1851 τὸν
872 1821 1084 1859 λογαρισμὸν

38 1869 91 1903 τοῦ
110 1867 275 1905 Δημοσίου,
289 1865 442 1904 καθαροῦ
459 1867 582 1902 τελικῶς
604 1869 714 1897 ποσοῦ
722 1867 760 1896 ἐκ
774 1868 874 1904 δραχ.
887 1870 946 1905 608
966 1868 1100 1894 δισεκα-

41 1913 212 1950 τομμυρίων
236 1912 286 1941 καὶ
310 1913 363 1942 τοῦ
380 1911 593 1954 ἀντληθέντος
619 1912 669 1942 διὰ
696 1911 920 1948 στρατιωτικὰς
944 1911 1084 1946 δαπάνας

41 1959 134 1986 ποσοῦ
173 1958 275 1994 δραχ.
301 1959 360 1986 165
401 1957 699 1990 δισεκατομμυρίων,
740 1957 881 1994 καθαρὸν
922 1957 1100 1993 ὑπόλοιπον

40 2004 193 2040 δραχμῶν
216 2002 362 2039 βοηθείας
394 2001 509 2037 αἵτινες
541 2000 719 2040 ἐπέδρασαν
752 2002 919 2038 μειωτικῶς
954 2002 1015 2038 ἐπὶ
1033 2003 1085 2039 τῆς

34 2048 247 2084 κυκλοφορίας
271 2048 378 2085 δραχ.
386 2050 446 2077 155
471 2047 753 2085 δισεκατομμύρια.

127 2113 161 2147 3.
182 2109 221 2145 Ἡ
236 2109 372 2146 καθαρὰ
395 2108 527 2146 αὔξησις
573 2110 626 2147 τῆς
654 2109 889 2148 Νομισματικῆς
930 2110 1096 2154 κυκλοφο-

43 2154 107 2190 ρίας
131 2154 188 2184 ἀπὸ
214 2154 376 2191 Ἀπριλίου
400 2154 507 2192 μέχρις
530 2154 729 2192 Ὀκτωβρίου
755 2155 786 2183 ἐκ
809 2156 910 2192 δραχ.
926 2158 992 2193 727
1009 2156 1097 2190 δισε-

39 2200 256 2245 κατομμυρίων
284 2200 339 2240 δὲν
363 2199 508 2237 φαίνεται
538 2199 577 2228 νὰ
608 2199 725 2237 ἤσκησε
757 2200 960 2238 πληθωρικὴν
988 2200 1087 2234 πίεσιν

42 2244 86 2273 ἐπὶ
112 2246 161 2282 τῆς
185 2244 379 2281 οἰκονομίας.
395 2244 494 2282 Λόγοι
518 2244 777 2281 ὑποστηρίζοντες
801 2245 856 2284 τὴν
881 2245 996 2283 ἄποψιν
1021 2245 1086 2274 ταύ-

44 2302 95 2327 την
116 2290 240 2321 εἶναι:

128 2350 162 2384 α)
192 2350 232 2380 Αἱ
261 2351 395 2383 ἀνάγκαι
421 2351 474 2388 τῆς
500 2350 679 2388 οἰκονομίας
731 2352 774 2388 εἰς
802 2351 960 2388 πρόσθετα
1011 2352 1087 2390 μέσα

39 2396 233 2440 πληρωμῶν.
251 2396 483 2432 Ὑπολογίζεται
511 2396 557 2425 ὅτι
583 2396 664 2431 κατὰ
691 2397 726 2426 τὸ
754 2400 836 2426 1953
864 2397 880 2427 ὁ
908 2397 1001 2433 ὄγκος
1029 2398 1104 2430 τῶν

44 2442 241 2484 συναλλαγῶν
266 2441 347 2469 εἶναι
369 2441 525 2478 ἀνώτερος
551 2443 606 2471 τοῦ
631 2442 868 2478 προηγουμένου
894 2442 1008 2477 ἔτους.
1017 2442 1087 2481 Ἔν-

44 2488 137 2531 δειξιν
158 2487 227 2522 περὶ
249 2486 357 2516 τούτου
378 2487 505 2523 παρέχει
527 2487 545 2524 ἡ
568 2487 741 2525 σημαντικὴ
761 2487 896 2523 αὔξησις
918 2489 988 2521 τοῦ
993 2487 1089 2530 ὄγκου

48 2533 93 2569 τῆς
116 2532 340 2571 βιομηχανικῆς
368 2531 419 2560 καὶ
447 2532 499 2569 τῆς
528 2533 706 2569 γεωργικῆς
729 2533 966 2569 παραγωγῆς.
970 2532 1011 2569 Ἡ
1038 2532 1087 2568 αὔ-

42 2577 131 2624 ξησις
160 2578 212 2614 τῆς
241 2576 509 2613 δραστηριότητος
540 2578 598 2605 τῶν
626 2576 682 2606 δύο
712 2577 828 2605 τούτων
846 2578 994 2618 βασικῶν
1023 2577 1100 2606 κλά-

37 2620 103 2659 δων
121 2621 190 2659 ἔχει
237 2622 378 2659 ἐπιφέρει
405 2622 692 2659 ἀναμφισβητήτως
720 2622 929 2663 γενικωτέραν
954 2622 1101 2666 αὔξησιν

48 2668 106 2712 τῆς
116 2667 357 2703 ἀπασχολήσεως
383 2666 474 2696 τόσον
496 2667 538 2703 εἰς
562 2666 672 2701 ἄλλους
696 2667 837 2702 κλάδους,
864 2668 946 2703 ὅπως
970 2667 988 2704 ἡ
1012 2667 1102 2705 οἰκο-

45 2713 159 2757 δομικὴ
173 2711 412 2749 δραστηριότης,
435 2712 508 2742 ὅσον
529 2711 582 2742 καὶ
601 2712 655 2747 εἰς
665 2711 719 2746 τὰς
741 2712 940 2750 ὑπηρεσίας.

130 2773 162 2812 β)
195 2773 235 2812 Ἡ
263 2772 374 2808 ἄνοδος
400 2774 461 2803 τῶν
487 2775 590 2812 τιμῶν,
619 2774 638 2812 ἡ
666 2774 757 2803 ὁποία
781 2773 840 2812 ἦτο
866 2775 1000 2813 φυσικὸν
1052 2775 1098 2812 νὰ

44 2819 153 2856 ἐπέλθῃ
174 2819 303 2857 κατόπιν
324 2819 377 2857 τῆς
390 2819 690 2856 συναλλαγματικῆς
714 2821 1014 2857 ἀναπροσαρμογῆς,
1037 2821 1100 2861 ἦτο

47 2863 192 2901 ἑπόμενον
224 2864 262 2893 νὰ
296 2864 499 2913 ἀκολουθηθῇ
527 2864 587 2894 ἀπὸ
622 2865 800 2901 διεύρυνσιν
859 2866 925 2894 τῶν
989 2865 1096 2903 μέσων

42 2909 208 2952 πληρωμῆς
235 2909 311 2945 πρὸς
338 2909 505 2947 ἀποφυγὴν
531 2910 728 2946 φαινομένων
754 2910 950 2948 ὑπερμέτρου
974 2922 1103 2948 χρημα-

50 2955 127 2992 τικῆς
155 2954 335 2991 στενότητος
363 2954 403 2989 εἰς
430 2954 487 2992 τὴν
513 2954 657 2991 ἀγοράν.

1137 229 1333 272 προσφορὰν
1361 219 1485 265 χρυσῶν
1514 228 1610 275 λιρῶν
1634 226 1741 257 ἔναντι
1769 228 1944 265 δραχμῶν,
1956 226 2129 265 δυναμένην
2158 225 2195 254 νὰ

1147 273 1295 315 ἀποδοθῇ
1312 273 1353 308 εἰς
1381 272 1623 309 περισσοτέρους
1650 272 1772 309 λόγους,
1796 271 1904 309 ὅπως:
1927 272 1960 310 ἡ
1971 271 2194 305 ἀποεπένδυσις

1148 316 1240 356 λιρῶν
1263 317 1312 347 ἐπὶ
1333 319 1437 362 σκοπῷ
1482 315 1541 347 εἴτε
1566 316 1811 353 καταναλώσεως
1858 316 1927 349 εἴτε
1942 317 2039 355 ἄλλων
2064 316 2210 355 μορφῶν

1148 363 1348 406 ἐπενδύσεως,
1372 363 1390 401 ἡ
1417 363 1541 400 μείωσις
1567 362 1858 401 χρησιμοποιήσεως
1885 364 2009 401 χρυσῶν
2034 362 2126 399 λιρῶν
2153 361 2206 401 εἰς

1149 410 1202 454 τὰς
1226 409 1419 445 συναλλαγὰς
1443 408 1496 437 καὶ
1520 409 1538 446 ἡ
1560 408 1812 444 ὑποκατάστασις
1838 409 1879 444 εἰς
1907 408 2000 443 αὐτὰς
2027 408 2078 445 τῆς
2104 408 2208 443 δραχ-

1147 456 1223 494 μῆς,
1235 455 1252 490 ἡ
1274 455 1400 490 μείωσις
1422 454 1475 491 τῆς
1498 454 1617 489 τάσεως
1640 453 1716 490 πρὸς
1741 449 1991 491 ἀποθησαύρισιν
2015 453 2056 488 εἰς
2080 451 2207 490 χρυσὸν

1144 499 1403 537 ὑποβοηθουμένη
1437 499 1497 529 ἀπὸ
1525 498 1756 535 ψυχολογικοὺς
1788 498 1910 536 λόγους,
1942 498 2024 533 ὅπως
2055 499 2073 536 ἡ
2106 508 2209 534 προο-

1148 545 1237 583 πτικὴ
1260 545 1307 574 ὅτι
1332 545 1474 580 ἐξέλιπον
1496 545 1526 573 αἱ
1549 543 1705 581 ὑψωτικαὶ
1729 544 1832 579 τάσεις
1856 544 1909 581 τῆς
1935 544 2021 581 τιμῆς
2047 544 2100 581 τῆς
2126 553 2212 584 χρυ-

1150 592 1214 628 σῆς
1226 591 1336 634 λίρας.

132 3013 164 3050 γ)
198 3013 237 3051 Ἡ
269 3013 460 3049 σταθερότης
490 3015 545 3052 τῆς
574 3015 661 3052 τιμῆς
692 3015 745 3052 τῆς
776 3016 893 3053 χρυσῆς
921 3015 1030 3060 λίρας.
1052 3015 1089 3043 Ἡ

46 3059 135 3096 πεῖρα
164 3059 213 3096 τῆς
243 3058 422 3096 Ἑλληνικῆς
451 3059 628 3095 οἰκονομίας
657 3059 704 3089 ἐπὶ
734 3060 844 3097 σειρὰν
866 3060 946 3097 ἐτῶν
969 3060 1105 3096 ἀπέδει-

47 3104 105 3140 ξεν,
133 3104 176 3133 ὅτι
198 3104 230 3132 αἱ
251 3104 447 3141 πληθωρικαὶ
472 3104 587 3140 πιέσεις
614 3105 820 3142 παρασύρουν
844 3105 899 3144 τὴν
926 3105 1014 3144 τιμὴν
1037 3107 1091 3142 τῆς

46 3150 161 3186 χρυσῆς
189 3148 277 3185 λίρας
302 3148 378 3184 πρὸς
407 3149 444 3179 τὰ
472 3149 566 3187 ἄνω.
575 3149 777 3196 Ἀντιθέτως
790 3149 870 3187 κατὰ
899 3150 966 3180 τοὺς
996 3151 1096 3189 τελευ-

44 3194 148 3233 ταίους
168 3195 271 3236 μῆνας
296 3194 314 3232 ἡ
340 3191 450 3232 χρυσῆ
467 3194 535 3242 λίρα
561 3196 754 3240 διατηρεῖται
783 3196 922 3233 σταθερὰ
935 3196 981 3239 μὲ
1007 3197 1096 3242 διαρ-

48 3241 105 3274 κεῖς
129 3239 260 3278 μάλιστα
284 3239 386 3274 τάσεις
409 3239 578 3277 κάμψεως.
593 3240 697 3279 Τοῦτο
722 3240 852 3270 δεικνύει
879 3241 1105 3278 μεγαλυτέραν

1236 644 1436 682 Σημειοῦται
1448 644 1496 672 ὅτι
1519 642 1611 679 κατὰ
1628 642 1661 671 τὸ
1688 645 1771 672 1953
1801 642 1831 680 ἡ
1845 642 1993 687 Τράπεζα
2017 642 2081 682 τῆς
2096 642 2210 677 Ἑλλά-

1149 691 1200 725 δος
1231 689 1363 727 ἀπέσχεν
1390 688 1579 726 οἱασδήποτε
1609 688 1808 725 ἐπεμβάσεως
1836 688 1879 723 εἰς
1909 687 1964 726 τὴν
1995 686 2115 725 ἀγορὰν
2144 688 2197 715 τοῦ

1149 736 1289 784 χρυσοῦ.

1238 796 1269 828 δ)
1302 795 1342 824 Ἡ
1367 793 1499 831 αὔξησις
1525 795 1584 823 τῶν
1608 794 1829 839 καταθέσεων,
1844 794 1928 845 περὶ
1940 794 1973 831 ἧς
1999 793 2039 823 θὰ
2062 793 2196 831 ὁμιλήσω

1150 840 1323 887 κατωτέρω,
1347 837 1409 876 καὶ

1239 901 1266 935 ε)
1297 901 1435 936 Μείωσις
1458 901 1511 938 τῆς
1535 901 1788 938 κυκλοφοριακῆς
1812 900 2003 937 ταχύτητος.

1239 963 1292 999 Ἐξ
1322 961 1399 996 ὅλων
1428 960 1486 992 τῶν
1516 960 1664 1000 ἀνωτέρω
1691 961 1881 992 ἐκτεθέντων
1907 961 2006 996 λόγων
2033 961 2210 1000 προκύπτει

1154 1010 1279 1046 σαφῶς,
1300 1008 1344 1038 ὅτι
1371 1007 1389 1046 ἡ
1420 1007 1584 1046 Ἑλληνικὴ
1611 1008 1771 1046 οἰκονομία
1798 1007 1922 1037 διανύει
1945 1007 2089 1045 περίοδον
2117 1008 2215 1040 διαρ-

1151 1056 1223 1090 κοῦς
1253 1054 1407 1089 μειώσεως
1436 1054 1490 1091 τῆς
1519 1053 1689 1091 ταχύτητος
1719 1054 1772 1091 τῆς
1800 1054 2021 1091 νομισματικῆς
2048 1053 2219 1089 κυκλοφο-

1155 1100 1231 1135 ρίας,
1253 1099 1320 1137 ἥτις
1342 1099 1478 1128 συντελεῖ
1494 1099 1536 1134 εἰς
1558 1098 1614 1137 τὴν
1635 1098 1881 1135 ἐξουδετέρωσιν
1904 1098 1963 1128 τῶν
1979 1098 2015 1129 ἐκ
2038 1099 2090 1135 τῆς
2112 1106 2218 1135 ποσο-

1156 1146 1236 1186 τικῆς
1261 1141 1427 1184 αὐξήσεως
1454 1146 1516 1180 τοῦ
1537 1143 1689 1182 μεγέθους
1717 1144 1771 1181 τῆς
1798 1143 2011 1180 κυκλοφορίας
2034 1143 2195 1178 πιέσεων.

1535 1228 1829 1272 ΤΙΜΑΡΙΘΜΟΙ

1230 1329 1275 1367 1.
1297 1325 1337 1364 Ἡ
1369 1324 1642 1362 συναλλαγματικὴ
1675 1324 1946 1362 ἀναπροσαρμογὴ
1976 1325 2030 1363 τῆς
2063 1328 2119 1360 9ης
2147 1323 2209 1365 Ἀ-

1148 1371 1273 1415 πριλίου
1298 1371 1390 1406 1953,
1415 1370 1469 1408 ἦτο
1493 1369 1626 1408 φυσικὸν
1649 1369 1688 1399 νὰ
1711 1369 1848 1407 ἐπιφέρῃ
1870 1369 1984 1399 ἄνοδον
2003 1370 2057 1399 τοῦ
2078 1370 2200 1406 γενικοῦ

1154 1415 1297 1445 ἐπιπέδου
1325 1416 1384 1444 τῶν
1413 1416 1533 1461 τιμῶν.
1546 1414 1704 1445 Μολονότι
1730 1415 1813 1453 ὅμως
1843 1414 1902 1444 ἀπὸ
1931 1414 2041 1450 πολλὰς
2068 1414 2210 1450 πλευρὰς

1156 1461 1375 1499 ὑπεστηρίχθη,
1402 1461 1443 1490 ὅτι
1469 1461 1487 1498 ἡ
1513 1461 1626 1496 ἄνοδος
1645 1461 1711 1490 τῶν
1734 1461 1830 1498 τιμῶν
1853 1460 1895 1490 θὰ
1915 1460 1970 1498 ἦτο
1996 1460 2201 1497 ἀνατρεπτικὴ

1158 1508 1213 1543 τῶν
1237 1507 1366 1536 ἐλπίδων
1389 1507 1441 1542 τῆς
1467 1506 1769 1543 ἀναπροσαρμογῆς,
1794 1506 1826 1535 ἐν
1850 1505 1968 1540 τούτοις
1990 1506 2008 1543 ἡ
2033 1516 2218 1543 πραγματι-

1150 1552 1190 1590 κὴ
1219 1551 1351 1587 ἐξέλιξις
1378 1551 1520 1587 ἀπέδειξε
1550 1551 1583 1580 τὸ
1610 1551 1714 1588 ἄκρως
1743 1551 1895 1586 ἀντίθεον,
1924 1551 1965 1585 ὡς
1985 1551 2213 1587 διαπιστοῦται

1154 1598 1186 1635 ἐκ
1212 1598 1264 1634 τῆς
1288 1597 1416 1633 πορείας
1440 1597 1504 1633 τῶν
1525 1596 1744 1643 τιμαρίθμων.

1232 1662 1276 1694 2.
1297 1658 1343 1695 Αἱ
1361 1659 1520 1691 λαβοῦσαι
1536 1658 1643 1696 χώραν
1671 1657 1729 1687 ἀπὸ
1757 1658 1810 1695 τῆς
1838 1657 2124 1694 ἀναπροσαρμογῆς
2151 1656 2213 1696 καὶ

1155 1705 1296 1734 ἐντεῦθεν
1320 1703 1488 1740 μεταβολαὶ
1513 1703 1556 1740 εἰς
1584 1702 1656 1739 τοὺς
1685 1702 1888 1739 τιμαρίθμους
1940 1702 2201 1739 παρουσιάζονται

1153 1750 1194 1785 ὡς
1215 1749 1325 1787 ἑξῆς:

1246 2249 1281 2281 3.
1296 2244 1354 2280 Αἱ
1354 2244 1547 2289 κυριώτεραι
1572 2244 1833 2284 παρατηρήσεις,
1844 2244 1959 2281 αἵτινες
1984 2244 2145 2283 ἠμποροῦν
2169 2244 2223 2281 νὰ

1160 2291 1381 2325 διατυπωθοῦν,
1408 2290 1496 2326 βάσει
1522 2291 1582 2319 τῶν
1608 2290 1755 2327 ἀνωτέρω
1778 2290 1932 2327 ἀριθμῶν,
1953 2289 2048 2318 εἶναι:

1246 2353 1279 2382 α)
1308 2348 1355 2390 Τὸ
1376 2352 1529 2390 ποσοστὸν
1550 2353 1614 2390 τῆς
1627 2352 1743 2382 ἀνόδου
1764 2353 1822 2383 τῶν
1845 2352 2038 2390 τιμαρίθμων
2060 2352 2138 2382 εἶναι
2157 2363 2214 2390 χα-

1159 2398 1262 2435 μηλόν,
1288 2398 1320 2428 ἐν
1348 2397 1509 2445 συγκρίσει
1537 2397 1614 2435 πρὸς
1643 2397 1676 2427 τὸ
1702 2398 1857 2427 ποσοστὸν
1885 2398 1936 2435 τῆς
1966 2398 2214 2435 συναλλαγματι-

1160 2444 1212 2481 κῆς
1234 2443 1444 2479 ὑποτιμήσεως
1463 2444 1517 2483 τῆς
1539 2443 1712 2480 δραχμῆς.
1715 2442 1890 2481 Ἑπομένως
1910 2443 1944 2472 τὰ
1967 2442 2148 2478 περιθώρια,
2171 2443 2223 2481 τὰ

1156 2489 1247 2526 ὁποῖα
1273 2489 1437 2525 ἐσκοπεῖτο
1456 2488 1495 2522 νὰ
1520 2488 1779 2533 δημιουργηθοῦν
1807 2488 1859 2518 διὰ
1885 2489 1938 2525 τῆς
1966 2488 2216 2524 συναλλαγματι-

1155 2535 1213 2571 κῆς
1242 2535 1538 2571 ἀναπροσαρμογῆς,
1567 2532 1661 2571 χάριν
1687 2533 1894 2569 ἐξαγωγικῶν
1923 2534 2055 2569 σκοπῶν,
2083 2534 2205 2570 εἰσροῆς

1151 2579 1412 2617 συναλλάγματος
1444 2578 1495 2607 καὶ
1553 2578 1715 2615 ἀκριβείας
1776 2579 1835 2607 τῶν
1866 2578 2079 2613 εἰσαγομένων
2109 2578 2221 2621 εἰδῶν,

1159 2625 1216 2653 ἐπὶ
1226 2625 1327 2669 σκοπῷ
1350 2624 1538 2659 βελτιώσεως
1557 2624 1613 2660 τῆς
1632 2623 1750 2659 θέσεως
1771 2625 1826 2653 τοῦ
1843 2623 2002 2671 ἰσοζυγίου
2023 2623 2230 2678 πληρωμῶν,

1160 2669 1387 2705 ἐξακολουθοῦν
1417 2669 1453 2698 νὰ
1480 2668 1665 2706 ὑφίστανται
1697 2668 1869 2712 εὐρύτατα.

1227 2719 1309 2775 β)
1310 2729 1429 2763 Ἄξιον
1459 2729 1632 2766 ἰδιαιτέρας
1665 2729 1915 2766 παρατηρήσεως
1947 2729 2023 2759 εἶναι
2057 2729 2088 2758 τὸ
2121 2741 2230 2766 γεγο-

1156 2775 1221 2819 νός,
1240 2775 1290 2815 ὅτι
1304 2774 1344 2814 τὸ
1353 2774 1463 2809 κόστος
1482 2776 1537 2804 τοῦ
1556 2774 1635 2810 βίου,
1655 2774 1744 2811 ὅπερ
1748 2774 1800 2804 καὶ
1820 2773 1940 2811 ἀμέσως
1960 2773 2138 2812 ἐνδιαφέρει
2156 2773 2224 2815 τὸν

1157 2820 1336 2866 μισθωτόν,
1356 2820 1407 2849 δὲν
1435 2820 1551 2856 ὑψώθη
1578 2819 1678 2856 πέραν
1705 2821 1760 2848 τοῦ
1789 2823 1827 2848 16
1859 2819 1933 2857 ο)ο.
1955 2819 1994 2848 Ὁ
2025 2819 2205 2857 τιμάριθμος

1160 2866 1324 2902 χονδρικῆς
1352 2865 1517 2901 πωλήσεως
1544 2864 1749 2901 παρουσιάζει
1774 2864 1897 2902 ὕψωσιν
1922 2867 1960 2894 31
1987 2864 2043 2899 ο)ο
2069 2864 2227 2907 περίπου,

1161 2910 1233 2939 ἀλλὰ
1263 2910 1344 2947 λόγῳ
1377 2910 1684 2947 σταθεροποιητικῶν
1711 2909 1943 2952 παραγόντων,
1960 2909 2215 2947 παρεμβαλλομέ-

1162 2967 1220 2984 νων
1250 2955 1311 2992 ἤδη
1339 2954 1455 2992 μεταξὺ
1484 2955 1537 2991 τῆς
1567 2955 1656 2992 τιμῆς
1686 2954 1854 2992 χονδρικῆς
1884 2954 2049 2991 πωλήσεως
2072 2954 2126 2991 καὶ
2157 2955 2215 2997 τῆς

1162 3001 1247 3037 τιμῆς
1274 3001 1316 3034 εἰς
1345 3000 1382 3037 ἣν
1408 2999 1445 3028 τὰ
1472 2999 1693 3036 ἐμπορεύματα
1717 2999 1862 3035 φθάνουν
1888 2999 1930 3033 εἰς
1957 2999 2016 3036 τὸν
2036 3000 2222 3039 καταναλω-

1162 3045 1242 3086 τήν,
1250 3045 1442 3093 διατηρεῖται
1463 3044 1636 3080 ἀπόστασις
1662 3043 1780 3082 μεταξὺ
1804 3044 1861 3073 τῶν
1887 3043 1941 3073 δύο
1962 3043 2177 3085 τιμαρίθμων,
2190 3044 2224 3092 ἡ

1161 3091 1250 3129 ὁποία
1279 3090 1387 3127 ὁδηγεῖ
1417 3090 1539 3125 τελικῶς
1571 3090 1612 3125 εἰς
1642 3089 1834 3118 κατάστασιν
1863 3088 1934 3125 νέας
1963 3089 2148 3125 ἰσορροπίας
2178 3090 2209 3119 ἐν

1164 3137 1194 3173 τῇ
1219 3135 1399 3181 οἰκονομίᾳ.

1250 3195 1296 3231 Ἡ
1317 3195 1371 3225 νέα
1398 3195 1568 3233 ἰσορροπία
1597 3195 1726 3233 ἐγκλείει
1781 3194 1977 3233 μετατόπισιν
2008 3194 2208 3233 εἰσοδήματος

1163 3241 1219 3270 ἀπὸ
1250 3240 1281 3270 τὸ
1306 3240 1518 3279 εἰσαγωγικὸν
1547 3240 1714 3279 ἐμπόριον,
1736 3239 1769 3269 τὸ
1797 3239 1946 3278 ἐμπόριον
1973 3240 2008 3270 ἐν
2034 3240 2125 3277 γένει,
2157 3240 2208 3279 τὴν
