2472 3500
45 230 94 262 τῆς
118 225 308 266 ἀντιστοίχου
333 224 478 266 περιόδου
505 226 558 253 τοῦ
581 222 819 261 προηγουμένου
844 222 943 258 ἔτους,
970 220 1088 259 δηλαδὴ

44 271 205 316 προκύπτει
229 269 405 303 πλεόνασμα
428 270 468 298 ἐκ
483 269 574 303 δολλ.
586 271 656 304 25,2
682 267 813 306 ἑκατομ
829 267 868 297 Αἱ
891 267 1000 305 ἄδηλοι
1016 266 1088 304 πλη-

47 318 141 359 ρωμαὶ
169 315 222 349 διὰ
244 315 300 353 τὴν
328 315 421 353 αὐτὴν
449 314 594 352 περίοδον
621 314 680 343 τῶν
709 313 790 344 ἐτῶν
813 315 897 348 1952
925 312 979 348 καὶ
1005 314 1084 341 1953

45 363 175 404 ἀνῆλθον
199 361 238 396 εἰς
262 360 295 390 τὸ
317 360 389 390 αὐτὸ
403 360 540 398 περίπου
561 358 657 389 ποσὸν
686 358 693 391 (
703 361 783 388 1953
809 358 876 392 δολ
896 361 969 392 19,4
994 357 1093 398 ἑκατ.,

47 411 123 439 1952
148 407 218 438 δολ.
235 405 347 443 19,8)
357 406 460 437 καίτοι
481 404 563 437 κατὰ
584 403 617 434 τὸ
641 406 722 433 1953
747 402 886 441 ὑπάρχει
895 402 953 436 καὶ
977 403 992 441 ἡ
1018 402 1097 440 πρό-

47 456 150 487 σθετος
171 452 320 490 πληρωμὴ
342 451 393 480 διὰ
413 451 468 488 τὴν
489 449 641 480 Κωπαΐδα
664 450 696 480 ἐκ
718 449 806 481 δολλ.
814 453 836 484 1
858 449 986 485 ἑκατομ

130 512 165 542 5.
184 512 257 541 Ἐὰν
288 511 550 553 συγκεφαλαιωθῇ
577 511 596 549 ἡ
627 510 784 547 βελτίωσις
838 512 892 539 τοῦ
922 510 1089 547 ἐμπορικοῦ

45 571 98 598 μας
123 558 281 598 ἰσοζυγίου
306 557 358 590 καὶ
382 557 398 594 ἡ
427 556 584 592 βελτίωσις
611 556 644 585 ἐκ
668 557 720 593 τῆς
744 555 908 593 κινήσεως
933 555 992 584 τῶν
1019 554 1093 593 ἀδή-

45 607 111 637 λων
129 604 232 648 πόρων
259 603 310 637 καὶ
334 603 511 640 πληρωμῶν
539 602 580 631 θὰ
609 600 758 639 προκύψῃ
784 601 802 639 ἡ
831 600 941 638 γενικὴ
970 599 1094 631 βελτίω-

48 661 89 685 σις
113 650 164 686 τῆς
190 648 477 689 συναλλαγματικῆς
502 647 618 688 θέσεως
640 647 694 683 τῆς
716 646 849 683 Χώρας.
862 645 951 683 Αὕτη
976 656 1093 683 παρου-

46 695 178 730 σιάζεται
198 694 237 730 ὡς
261 693 349 731 ἑξῆς:

130 747 299 786 Ἔλλειμμα
323 748 375 781 τοῦ
390 746 554 786 ἰσοζυγίου
580 746 753 784 πληρωμῶν
778 744 835 775 ἀπὸ
859 744 954 790 Ἀπρ.
954 765 997 775 -
1000 744 1093 778 Ὀκτ.

47 797 123 823 1952
145 792 244 828 δολλ.
248 795 317 827 85,8
344 793 434 828 ἑκατ.

130 845 303 886 Ἔλλειμμα
321 840 378 874 τοῦ
396 843 553 880 ἰσοζυγίου
579 843 751 886 πληρωμῶν
776 842 833 872 ἀπὸ
860 842 960 880 Ἀπρ.
954 862 998 863 -
1001 841 1093 873 Ὀκτ.

48 895 124 928 1953
152 890 242 925 δολλ.
256 893 331 925 17,7
353 889 483 933 ἑκατομ.

131 942 170 976 Ἡ
201 942 356 980 βελτίωσις
387 942 459 979 ὅθεν
485 942 537 980 τῆς
570 941 858 978 συναλλαγματικῆς
888 940 1006 976 θέσεως
1037 941 1098 978 τῆς

45 989 156 1035 Χώρας
179 988 346 1024 ἀνέρχεται
364 988 404 1021 εἰς
428 987 516 1020 δολλ.
533 990 601 1021 68,1
627 986 719 1021 ἑκατ.
735 986 785 1016 διὰ
807 986 840 1016 τὸ
864 990 983 1023 7μηνον
1006 985 1094 1022 αὐτό.

132 1052 163 1084 6.
184 1048 372 1086 Σημειοῦται
393 1048 440 1078 ὅτι
463 1047 543 1077 κατὰ
564 1047 619 1086 τὴν
643 1047 699 1077 ἀπὸ
725 1048 776 1084 τῆς
802 1048 1104 1084 ἀναπροσαρμογῆς

45 1094 186 1137 περίοδον
202 1094 260 1129 καὶ
287 1094 437 1130 ἐντεῦθεν,
462 1092 668 1130 γενικώτερον
693 1093 725 1123 δὲ
750 1092 829 1122 κατὰ
854 1092 888 1123 τὸ
912 1092 980 1126 ἔτος
1007 1095 1087 1122 1953

46 1142 79 1181 οἱ
97 1139 150 1178 δύο
170 1139 379 1177 παράγοντες,
407 1138 517 1175 οἵτινες
544 1138 716 1168 συνέβαλον
741 1139 783 1173 εἰς
810 1138 865 1177 τὴν
891 1137 1014 1177 τελικὴν
1030 1138 1091 1176 κά-

46 1187 133 1222 λυψιν
158 1186 211 1214 τοῦ
238 1184 432 1227 ἐλλείμματος
462 1185 513 1214 τοῦ
539 1184 697 1228 ἰσοζυγίου
724 1185 784 1214 τῶν
811 1184 995 1222 πληρωμῶν,
1023 1182 1096 1221 ἤτοι

48 1232 60 1269 ἡ
96 1230 318 1268 Ἀμερικανικὴ
350 1229 483 1262 βοήθεια
509 1229 560 1258 καὶ
594 1229 625 1259 αἱ
657 1228 888 1265 ἐπανορθώσεις
922 1228 1089 1266 παρουσιά-

46 1279 113 1312 ζουν
140 1275 280 1313 σοβαρὰν
303 1275 446 1314 μείωσιν.

88 1366 236 1404 Ἀμερικ.
253 1365 382 1403 βοήθεια
408 1364 465 1395 ἀπὸ
493 1365 578 1396 Ἰαν.
571 1383 615 1386 -
617 1364 716 1401 Ὀκτ.
734 1367 814 1394 1952
841 1363 936 1400 δολλ.
948 1368 1019 1398 96,6
1047 1364 1100 1395 ἑκ.

89 1419 229 1458 Ἀμερικ.
253 1418 386 1457 βοήθεια
402 1418 465 1447 ἀπὸ
489 1418 571 1450 Ἰαν.
567 1437 611 1439 -
613 1417 712 1452 Ὀκτ.
731 1420 812 1448 1953
839 1417 931 1450 δολλ.
948 1420 1018 1452 59,3
1046 1417 1099 1449 ἑκ.

310 1481 401 1512 Κατὰ
428 1481 481 1517 τὰς
511 1481 604 1518 αὐτὰς
635 1481 812 1517 περιόδους:

132 1543 381 1591 Ἐπανορθώσεις
730 1545 811 1572 1952
839 1542 929 1581 δολλ.
947 1546 1016 1578 24,7
1046 1542 1097 1576 ἑκ.

133 1596 382 1644 Ἐπανορθώσεις
731 1599 812 1626 1953
840 1596 934 1627 δολλ.
970 1598 1018 1637 5,3
1047 1596 1103 1632 ἑκ.

133 1686 174 1721 Οἱ
198 1685 283 1725 αὐτοὶ
307 1686 500 1728 παράγοντες
527 1686 601 1724 μετὰ
625 1685 679 1725 τὴν
706 1686 998 1724 συναλλαγματικὴν
1021 1687 1102 1721 ἀνα-

49 1731 284 1771 προσαρμογήν:

81 1784 230 1823 Ἀμερικ.
251 1784 381 1823 βοήθεια
409 1784 521 1831 (Ἀπρ.
519 1804 562 1806 -
565 1784 666 1821 Ὀκτ.
680 1784 779 1819 1953)
808 1785 897 1821 δολλ.
913 1787 983 1828 38,1
1003 1785 1097 1821 ἑκατ.

46 1829 146 1865 ἔναντι
166 1830 253 1864 δολλ.
266 1833 335 1875 64,7
360 1829 488 1880 ἑκατομ.
503 1831 559 1868 τοῦ
575 1832 687 1866 1952.

132 1883 381 1927 Ἐπανορθώσεις
415 1882 508 1917 δολλ.
527 1887 575 1919 2,6
611 1882 749 1928 ἑκατομ.
768 1883 871 1921 ἔναντι
905 1884 997 1918 δολλ.
1020 1887 1088 1929 21,3

43 1928 138 1964 ἑκατ.
149 1931 206 1968 τοῦ
223 1931 333 1964 1952.

133 1981 306 2016 Συνολικῶς
330 1981 348 2019 ἡ
372 1981 495 2019 μείωσις
518 1982 578 2012 τῶν
602 1981 656 2011 δύο
681 1982 781 2012 αὐτῶν
805 1981 1012 2019 παραγόντων
1034 1981 1090 2011 ἀπὸ

45 2027 97 2069 τῆς
124 2027 408 2064 ἀναπροσαρμογῆς
437 2027 526 2065 μέχρι
554 2028 606 2057 τοῦ
621 2024 833 2065 Ὀκτωβρίου
860 2024 1023 2065 ἀνέρχεται
1050 2028 1099 2061 εἰς

44 2075 114 2106 45,3
140 2071 272 2109 ἑκατομ.
286 2071 572 2108 Ὑπερκαλύπτεται
591 2072 672 2109 ὅμως
695 2072 752 2102 ἀπὸ
773 2072 827 2110 τὴν
850 2072 1010 2110 βελτίωσιν
1035 2074 1090 2100 τῶν

47 2115 141 2145 ἄλλων
169 2117 375 2153 παραγόντων
403 2118 458 2147 τοῦ
486 2117 645 2155 ἰσοζυγίου
673 2118 733 2147 τῶν
761 2118 936 2162 πληρωμῶν
971 2117 1091 2155 (ἐξαγω

50 2162 107 2198 γαί,
134 2162 312 2199 εἰσαγωγαί,
339 2162 446 2200 ἄδηλοι
472 2162 578 2199 πόροι)
633 2163 814 2200 ἀνελθοῦσα,
839 2163 880 2199 ὡς
907 2162 1016 2201 ἐλέχθη
1038 2163 1089 2197 καὶ

49 2207 198 2244 ἀνωτέρω,
230 2208 274 2243 εἰς
307 2207 454 2245 δολλάρια
485 2211 554 2242 68,1
586 2208 725 2246 ἑκατομ.
746 2208 780 2246 μὲ
813 2207 1016 2247 ἀποτέλεσμα
1038 2208 1101 2247 τὴν

49 2252 177 2296 αὔξησιν
207 2254 266 2283 τῶν
297 2254 518 2291 πραγματικῶν
550 2252 845 2291 συναλλαγματικῶν
904 2253 1092 2293 διαθεσίμων

48 2299 97 2336 τῆς
120 2298 284 2336 Τραπέζης
302 2299 355 2342 τῆς
378 2298 542 2333 Ἑλλάδος.

1155 220 1354 258 Ὀκτωβρίου
1386 223 1467 248 1953
1501 219 1653 256 ἀνήρχετο
1683 218 1724 254 εἰς
1754 219 1858 256 δραχ.
1875 220 1999 253 3.140,8
2030 218 2220 267 δισεκατομ-

1156 265 1250 303 μύρια
1273 265 1403 301 περίπου
1426 264 1534 293 ἔναντι
1554 267 1679 298 2.216,2
1706 262 1991 301 δισεκατομμυρίων
2015 264 2066 291 τοῦ
2091 261 2217 290 Ὀκτω-

1157 307 1256 347 βρίου
1269 314 1349 340 1952
1374 309 1426 346 καὶ
1451 308 1568 341 ἔναντι
1578 312 1706 344 2.414,2
1733 307 2017 346 δισεκατομμυρίων
2042 309 2095 337 τοῦ
2118 307 2215 344 Μαρ-

1160 357 1220 393 τίου
1254 359 1362 389 1953.
1375 355 1519 392 Αὔξησις
1552 353 1678 392 μεταξὺ
1698 353 1896 391 Ὀκτωβρίου
1928 356 2028 390 1952
2041 350 2105 382 καὶ
2125 353 2213 387 1953

1157 404 1262 438 δραχ.
1275 405 1366 436 924,6
1396 399 1661 437 δισεκατομμύρια
1686 398 1738 433 καὶ
1764 399 1895 436 αὔξησις
1921 398 2051 436 μεταξὺ
2062 398 2206 436 Μαρτίου

1155 447 1205 482 καὶ
1232 446 1432 483 Ὀκτωβρίου
1459 448 1540 476 1953
1568 446 1671 482 δραχ.
1686 448 1776 479 726,6
1806 443 2087 482 δισεκατομμύρια.

1246 503 1285 539 Ἡ
1312 503 1471 532 τελευταία
1498 501 1678 537 διαθέσιμος
1706 501 1898 540 ἡμερομηνία
1926 501 2079 539 μεγέθους
2101 501 2219 536 κυκλο-

1159 549 1271 585 φορίας
1292 547 1384 586 εἶναι
1392 548 1410 586 ἡ
1436 552 1472 577 13
1500 547 1646 585 Ν)βρίου
1669 549 1750 577 1953
1771 546 1810 584 μὲ
1833 546 1974 576 ἐπίπεδον
1994 546 2206 584 κυκλοφορίας

1159 598 1303 631 3.111,5,
1319 593 1389 631 ἤτοι
1410 593 1446 631 μὲ
1474 593 1606 631 αὔξησιν
1632 592 1732 621 ἔναντι
1758 594 1814 623 τοῦ
1836 592 1981 628 Μαρτίου
2008 594 2090 621 1953
2118 593 2216 629 δραχ.

1159 644 1250 685 697,3
1278 637 1568 686 δισεκατομμύρια.

241 3172 569 3210 ΝΟΜΙΣΜΑΤΙΚΗ
594 3171 892 3201 ΚΥΚΛΟΦΟΡΙΑ

131 3234 178 3271 Τὸ
207 3234 338 3273 μέγεθος
369 3235 421 3273 τῆς
456 3234 690 3273 Νομισματικῆς
720 3233 935 3273 κυκλοφορίας
968 3233 1021 3272 τὴν
1055 3235 1097 3265 31

1245 697 1428 735 Διαθέσιμα
1449 696 1618 735 ἀναλυτικὰ
1649 698 1783 734 στοιχεῖα
1811 696 1870 734 ἐπὶ
1889 697 1947 725 τῶν
1994 695 2219 737 παραγόντων

1157 744 1326 781 μεταβολῆς
1351 741 1563 780 κυκλοφορίας
1586 741 1747 780 ὑπάρχουν
1766 741 1858 786 μέχρι
1877 741 1930 775 καὶ
1953 743 2007 771 τοῦ
2030 740 2135 777 τέλους
2158 752 2223 783 μη-

1159 789 1220 833 νὸς
1227 787 1453 825 Ὀκτωβρίου.
1469 787 1510 822 Ἡ
1537 787 1701 824 σύγκρισις
1724 786 1776 822 καὶ
1800 786 1818 825 ἡ
1846 786 1991 823 ἀνάλυσις
2017 786 2134 825 γίνεται
2159 785 2224 824 μό-

1159 846 1209 873 νον
1234 834 1284 871 διὰ
1308 833 1363 871 τὴν
1385 832 1476 875 μετὰ
1488 832 1543 870 τὴν
1569 831 1857 870 ἀναπροσαρμογὴν
1904 834 1959 861 τοῦ
1984 831 2078 869 μηνὸς
2105 831 2208 869 Ἀπρι-

1158 879 1222 908 λίου
1250 878 1338 924 μέχρι
1365 878 1471 914 τέλους
1498 877 1698 914 Ὀκτωβρίου
1727 877 1871 915 περίοδον
1897 878 1967 912 καθ’
1996 876 2032 914 ἣν
2059 877 2076 914 ἡ
2104 877 2221 918 κυκλο-

1159 924 1254 962 φορία
1287 923 1486 960 παρουσιάζει
1523 923 1657 961 αὔξησιν
1686 923 1792 960 δραχ.
1809 926 1900 957 726,6
1935 922 2217 960 δισεκατομμύρια.

1159 970 1211 1009 Ἐκ
1234 970 1290 1012 τῆς
1316 968 1493 1003 ἀναλύσεως
1521 969 1581 1009 τῶν
1606 967 1821 1009 παραγόντων
1838 967 2014 1005 μεταβολῶν
2059 967 2207 1006 κυκλοφο-

1161 1016 1228 1052 ρίας
1257 1013 1452 1062 προκύπτει:

1241 1082 1281 1112 1.
1301 1075 1414 1111 Κύριοι
1438 1074 1635 1111 παράγοντες
1655 1074 1821 1111 αὐξήσεως
1843 1073 2055 1112 κυκλοφορίας
2080 1073 2137 1113 ἀπὸ
2158 1076 2225 1116 τοῦ

1160 1121 1320 1157 Ἀπριλίου
1345 1120 1451 1165 μέχρι
1462 1122 1516 1150 τοῦ
1539 1119 1737 1156 Ὀκτωβρίου
1762 1119 1920 1168 ὑπῆρξαν:

1247 1181 1279 1215 α)
1312 1182 1354 1220 Ἡ
1379 1181 1482 1219 ἀγορὰ
1507 1181 1697 1214 ἐξωτερικοῦ
1722 1180 2012 1217 συναλλάγματος:
2040 1180 2130 1211 Κατὰ
2156 1180 2231 1218 τὴν

1160 1228 1303 1265 περίοδον
1333 1227 1450 1264 ταύτην
1483 1226 1638 1260 ἐτέθησαν
1671 1226 1713 1262 εἰς
1745 1226 1957 1264 κυκλοφορίαν
1992 1227 2096 1264 δραχ.
2117 1228 2206 1258 758,3

1159 1272 1431 1310 δισεκατομμύρια,
1461 1271 1804 1309 ἀντιπροσωπεύουσαι
1818 1271 1974 1309 ἀντίτιμον
2023 1270 2209 1308 ἀποκτηθέν-

1155 1330 1215 1360 τος
1235 1317 1489 1355 συναλλάγματος
1515 1318 1555 1346 δι’
1580 1317 1594 1347 ὃ
1619 1316 1859 1354 κατεβλήθησαν
1884 1316 1940 1346 ὑπὸ
1965 1317 2017 1354 τῆς
2048 1316 2221 1362 Τραπέζης

1160 1363 1318 1403 δραχμαί.

1248 1425 1437 1463 Σημειοῦται
1466 1424 1507 1454 ὅτι
1539 1423 1619 1454 κατὰ
1650 1423 1703 1462 τὴν
1731 1423 1928 1468 ἀντίστοιχον
1983 1424 2128 1460 περίοδον
2159 1425 2224 1459 τοῦ

1159 1470 1397 1507 προηγουμέονυ
1424 1469 1512 1505 ἔτους
1541 1469 1737 1507 ἐξεδόθησαν
1764 1469 1840 1499 πολὺ
1866 1469 2049 1507 ὀλιγώτεραι
2076 1469 2207 1507 δραχμαὶ

1162 1516 1210 1553 διὰ
1232 1515 1286 1554 τὴν
1310 1515 1431 1553 ἀγορὰν
1455 1514 1720 1554 συναλλάγματος
1729 1514 1809 1553 λόγῳ
1833 1514 2002 1553 μειωμένης
2024 1515 2216 1558 προσφορᾶς

1164 1561 1268 1589 τούτου
1299 1561 1339 1592 εἰς
1371 1560 1426 1598 τὴν
1455 1560 1647 1596 Τράπεζαν.
1692 1560 1908 1597 Προστίθεται
1939 1559 2049 1598 ἀκόμη,
2080 1560 2125 1588 ὅτι
2155 1559 2209 1588 ὑπὸ

1160 1606 1275 1644 ὁμαλὰς
1304 1605 1463 1644 συνθήκας
1490 1604 1658 1642 ἐλευθέρας
1685 1604 1879 1642 λειτουργίας
1907 1605 1960 1643 τῆς
1989 1604 2223 1643 μετατρεψιμό-

1164 1663 1249 1689 τητος
1270 1652 1330 1680 τῶν
1351 1650 1548 1689 νομισμάτων
1576 1650 1739 1690 (χρυσοῦς
1747 1649 1849 1685 κανὼν
1869 1649 1920 1688 καὶ
1939 1649 2042 1687 κανὼν
2065 1649 2227 1690 συναλλά-

1160 1708 1275 1741 γματος
1299 1695 1448 1734 χρυσοῦ),
1474 1696 1492 1733 ἡ
1519 1695 1651 1732 αὔξησις
1676 1696 1728 1732 τῆς
1753 1696 1974 1733 νομισματικῆς
1999 1694 2220 1736 κυκλοφορίας

1159 1742 1239 1789 λόγῳ
1270 1741 1491 1787 ἀποκτωμένου
1521 1740 1773 1785 συναλλάγματος
1812 1739 2049 1778 (ὑπεραγορῶν)
2088 1741 2210 1778 θεωρεῖ-

1162 1799 1207 1816 ται
1231 1786 1321 1824 ὑγιὴς
1340 1786 1394 1825 καὶ
1418 1786 1485 1823 οὐχὶ
1509 1786 1701 1821 ἐπικίνδυνος
1725 1784 1899 1822 διεύρυνσις
1922 1786 1975 1823 τῆς
1998 1784 2221 1828 κυκλοφορίας

1159 1833 1230 1870 καθ’
1253 1832 1326 1861 ὅσον
1348 1831 1382 1861 τὰ
1404 1831 1641 1869 νεοεκδιδόμενα
1663 1830 1739 1868 πρὸς
1761 1830 1813 1860 τὸν
1837 1830 1950 1860 σκοπὸν
1972 1832 2079 1860 τοῦτον
2102 1842 2218 1868 τραπε-

1159 1877 1387 1923 ζογραμμάτια
1400 1877 1650 1914 ἀπορροφῶνται
1671 1875 1812 1914 συνήθως
1835 1875 1955 1914 ὁμαλῶς
1976 1875 2035 1906 ὑπὸ
2055 1876 2108 1913 τῆς
2131 1876 2221 1904 οἰκο-

1162 1923 1292 1965 νομίας.
1302 1922 1462 1957 Κίνδυνοι
1476 1921 1668 1954 πληθωρικοὶ
1694 1920 1744 1950 δὲν
1766 1920 1951 1958 ὑφίστανται
1976 1920 2057 1958 λόγῳ
2083 1922 2135 1949 τοῦ
2160 1921 2208 1949 αὐ-

1161 1968 1333 2003 ξανομένου
1360 1966 1560 2003 καλύμματος
1588 1966 1641 2001 καὶ
1662 1967 1724 2005 τῆς
1755 1965 1918 2001 ἐλευθέρας
1949 1965 2222 2005 μετατρεψιμότη-

1165 2024 1234 2049 τος.
1243 2012 1295 2047 Εἰς
1320 2012 1374 2047 τὰς
1397 2011 1560 2049 παρούσας
1583 2011 1761 2049 Ἐλληνικὰς
1785 2011 1942 2050 συνθήκας
1967 2011 2021 2050 τὴν
2044 2011 2220 2048 ἐλευθέραν

1160 2057 1448 2095 μετατρεψιμότητα
1473 2056 1678 2095 ὑποκαθιστᾷ
1694 2056 1736 2092 εἰς
1761 2056 1911 2095 μεγίστην
1933 2056 2065 2094 κλίμακα
2090 2057 2107 2095 ἡ
2133 2056 2221 2085 ἐλευ-

1161 2103 1243 2139 θέρα
1267 2102 1406 2138 διάθεσις
1436 2101 1691 2138 συναλλάγματος
1719 2103 1756 2131 δι’
1786 2101 2011 2137 εἰσαγωγικοὺς
2070 2100 2225 2135 σκοπούς.

1161 2147 1334 2188 Ἑπομένως
1363 2148 1390 2194 ἡ
1413 2145 1554 2190 αὔξησις
1578 2148 1637 2190 τῆς
1655 2146 1867 2183 κυκλοφορίας
1894 2146 1975 2183 λόγῳ
2004 2147 2209 2183 ὑπεραγορῶν

1162 2193 1414 2231 συναλλάγματος
1440 2192 1490 2222 δὲν
1516 2192 1645 2222 δύναται
1670 2192 1708 2222 νὰ
1730 2193 1879 2230 θεωρηθῇ
1902 2192 1941 2229 ὡς
1969 2192 2125 2230 ἐνέχουσα
2140 2192 2228 2230 πλη-

1163 2238 1314 2275 θωρικοῦς
1338 2237 1521 2280 κινδύνους.

1205 2298 1237 2337 β)
1269 2298 1308 2327 Αἱ
1331 2297 1495 2342 πληρωμαὶ
1521 2297 1572 2338 διὰ
1598 2297 1737 2333 δαπάνας
1765 2297 2092 2337 ἀνασυγκροτήσεως:
2114 2296 2218 2337 Διετέ-

1162 2345 1262 2381 θησαν
1288 2344 1318 2373 ἐν
1346 2342 1463 2380 συνόλῳ
1489 2343 1595 2380 δραχ.
1608 2345 1667 2372 540
1695 2342 1966 2379 δισεκατομμύρια,
1994 2342 2051 2380 ἐνῷ
2074 2342 2154 2378 κατὰ
2180 2342 2227 2379 τὸ

1160 2388 1316 2427 παρελθὸν
1332 2386 1407 2424 ἔτος
1431 2387 1511 2427 κατὰ
1536 2388 1591 2427 τὴν
1617 2388 1713 2426 αὐτὴν
1735 2388 1879 2426 περίοδον
1905 2387 1985 2426 εἶχον
2010 2384 2144 2424 διατεθῇ
2163 2386 2220 2436 μό-

1164 2446 1219 2476 νον
1240 2437 1298 2463 389
1326 2432 1612 2471 δισεκατομμύρια.

1249 2494 1282 2532 γ)
1311 2494 1552 2531 Συγκέντρωσις
1576 2494 1737 2539 ἐγχωρίων
1754 2489 1957 2532 προϊόντων:
1972 2494 2026 2531 Ἐκ
2048 2495 2102 2524 τοῦ
2123 2494 2219 2531 λογα-

1165 2542 1293 2587 ριασμοῦ
1319 2539 1454 2578 ἐφοδίων
1479 2541 1533 2569 τοῦ
1557 2539 1719 2578 δημοσίου
1732 2539 1817 2578 παρὰ
1839 2541 1887 2590 τῇ
1898 2538 2045 2578 Τραπέζῃ
2070 2540 2123 2577 τῆς
2150 2539 2224 2576 Ἑλ-

1162 2586 1260 2628 λάδος
1279 2585 1443 2634 προκύπτει
1476 2585 1522 2615 ὅτι
1549 2584 1749 2623 διετέθησαν,
1771 2584 1851 2613 κατὰ
1878 2584 1932 2622 τὴν
1984 2580 2226 2629 ἐξεταζομένην

1162 2631 1328 2673 περίοδον,
1346 2631 1462 2670 δραχμ
1479 2633 1596 2672 607,7,
1615 2629 1879 2667 δισεκατομμύρια
1907 2629 2046 2666 περίπου,
2078 2629 2128 2659 διὰ
2157 2629 2210 2668 τὴν

1165 2676 1393 2712 συγκέντρωσιν
1429 2675 1590 2708 ἐγχωρίων
1625 2674 1797 2711 προϊόντων
1829 2674 1879 2704 καὶ
1916 2675 2008 2710 ἄλλας
2043 2674 2221 2715 πληρωμὰς

1165 2720 1226 2759 τοῦ
1241 2720 1390 2765 δημοσίου
1419 2720 1468 2755 δι’
1487 2719 1664 2762 εἰσαγωγὰς
1695 2719 1855 2757 ἐφοδίων.
1890 2719 2093 2757 Σημειοῦται
2108 2719 2154 2748 ὅτι
2179 2719 2220 2753 τὸ

1165 2766 1323 2795 συνολικὸν
1340 2765 1445 2803 ποσὸν
1474 2766 1620 2801 δραχμῶν
1650 2765 1723 2803 ὅπερ
1756 2764 2022 2803 ἐχρησιμοποιήθη
2079 2764 2128 2794 διὰ
2157 2764 2211 2803 τὴν

1163 2811 1394 2854 συγκέντρωσιν
1425 2811 1560 2848 σιτηρῶν
1591 2810 1723 2848 ἀνῆλθεν
1753 2811 1794 2845 εἰς
1825 2810 1926 2847 δραχ.
1946 2813 2005 2839 931
2034 2810 2225 2848 δισεκατομ-

1162 2856 1259 2894 μύρια
1273 2855 1433 2892 περίπου.
1446 2855 1500 2893 Ἐκ
1526 2857 1580 2886 τοῦ
1606 2855 1772 2901 γεγονότος
1798 2855 1852 2885 ὅτι
1869 2854 1900 2885 τὸ
1927 2854 2117 2892 χρεωστικὸν
2142 2854 2234 2883 ὑπό-

1163 2905 1264 2932 λοιπον
1299 2903 1353 2930 τοῦ
1386 2901 1604 2937 λογαριασμοῦ
1636 2900 1770 2933 ἐφοδίων
1805 2902 1860 2930 τοῦ
1892 2900 2048 2937 Δημοσίου
2086 2899 2209 2934 ηὐξήθη

1162 2947 1239 2976 κατὰ
1261 2947 1362 2983 δραχ.
1378 2950 1469 2990 607,7
1496 2944 1769 2982 δισεκατομμύρια,
1796 2944 1860 2983 ἤτοι
1886 2945 1964 2984 κατὰ
1988 2944 2084 2983 ποσὸν
2106 2945 2221 2991 ὀλιγώ-

1164 3003 1251 3037 τερον
1274 2992 1332 3021 τῶν
1356 2991 1407 3020 διὰ
1431 2991 1485 3027 τὴν
1510 2990 1715 3032 συγκέντρσιν
1739 2991 1937 3020 διατεθεισῶν
1962 2991 2132 3031 δραχμῶν,
2141 3001 2227 3034 προ-

1159 3037 1264 3077 κύπτει
1284 3036 1310 3071 ἡ
1342 3036 1511 3073 ρευστότης
1538 3037 1591 3065 τοῦ
1619 3036 1833 3073 λογαριασμοῦ
1861 3035 1969 3064 τούτου
1996 3035 2048 3069 καὶ
2075 3035 2092 3072 ἡ
2112 3046 2225 3074 προο-

1161 3082 1250 3124 πτικὴ
1290 3082 1335 3111 ὅτι
1362 3081 1441 3120 κατὰ
1469 3080 1540 3117 τοὺς
1570 3082 1731 3117 προσεχεῖς
1758 3081 1856 3118 μῆνας
1885 3080 1913 3109 τὸ
1944 3081 2094 3113 στοιχεῖον
2123 3081 2210 3108 τοῦτο

1163 3127 1242 3157 θέλει
1269 3124 1379 3164 ἀποβῆ
1396 3125 1548 3175 παράγων
1574 3125 1729 3163 μειώσεως
1754 3126 1807 3163 τῆς
1834 3125 2065 3168 κυκλοφορίας.

1250 3187 1280 3221 δ)
1318 3186 1500 3222 Πιστώσεις
1526 3185 1606 3223 πρὸς
1636 3185 1691 3225 τὴν
1746 3186 1948 3224 οἰκονομίαν:
1998 3186 2223 3224 Ἐπραγματο-

1162 3232 1275 3271 ποιήθη
1305 3232 1355 3261 διὰ
1380 3231 1651 3270 χρηματοδότησιν
1680 3231 1725 3268 ἐκ
1740 3233 1804 3262 τοῦ
1820 3231 1993 3267 ἐκδοτικοῦ
2030 3231 2224 3279 προνομίου,
