2496 3500
42 249 208 281 ἀνωτάτους
238 243 425 280 ὑπαλλήλους
455 242 505 275 καὶ
536 242 703 280 συνωμίλει
724 242 774 274 καὶ
804 242 874 279 πρὶν
906 241 1091 278 παρέλθουν

41 296 109 334 τρία
131 292 256 328 τέταρτα
285 290 336 326 τῆς
363 288 457 324 ὥρας,
486 288 499 317 ὁ
529 287 734 325 Ἀντενάουερ
761 287 859 324 ἐζήτει
888 287 918 316 τὸ
948 286 1079 324 σχέδιον,

43 342 68 370 τὸ
88 339 191 368 ὁποῖον
210 335 252 377 μὲ
267 334 446 368 ἱκανοποίει,
471 334 521 362 διὰ
544 334 585 362 νὰ
605 330 786 370 ἀποφασίσῃ
812 333 921 370 αὐτός.
939 331 1004 362 Καὶ
1024 333 1091 362 ποῦ

42 386 73 415 νὰ
99 383 232 427 εὕρωμεν
260 379 291 409 τὸ
319 378 439 416 σχέδιον
468 378 568 416 αὐτὴν
585 379 642 416 τὴν
668 377 773 417 ὥραν,
792 377 875 413 διότι
896 377 952 411 δὲν
973 377 1083 419 εἴμεθα

40 425 314 470 προητοιμασμένοι
340 422 380 460 εἰς
409 421 553 461 τοιαύτην
578 421 717 459 ἐξέλιξιν
734 425 815 452 κατὰ
840 424 894 460 τὴν
921 423 1084 459 διάρκειαν

39 474 188 511 ἐπισήμου
204 469 391 505 δεξιώσεως.
413 468 480 497 Ἐπὶ
500 467 601 504 τέλους
625 468 739 506 εὑρέθη
763 467 796 497 ἓν
820 467 876 496 ἀπὸ
899 467 950 496 τὸν
973 467 1088 504 Ἑμπο-

42 519 121 558 ρικὸν
148 515 328 553 Σύμβουλον
356 515 408 551 τῆς
444 514 629 549 Πρεσβείας
657 524 713 550 μας
742 524 780 550 κ.
798 512 1001 550 Τσιμικάλην,
1030 513 1085 546 καὶ

40 566 77 600 εἰς
100 563 131 593 τὸ
155 561 319 604 πρόχειρον
343 560 439 590 ἐκεῖνο
466 559 587 600 σχέδιον
612 559 644 589 τὸ
666 558 772 593 ὁποῖον
796 558 938 596 φυλάττω
963 569 1096 600 προσω-

40 610 144 644 πικῶς,
163 607 176 636 ὁ
203 604 410 644 Ἀντενάουερ
427 603 519 633 ἔθεσε
547 603 600 641 τὴν
627 603 836 641 μονογραφήν
861 614 916 632 του
939 603 990 635 καὶ
1014 603 1087 638 ἐκά-

41 657 101 684 λεσε
125 652 161 681 νὰ
183 650 375 691 μονογράψω
397 649 450 679 καὶ
472 648 550 686 ἐγώ.
567 648 625 677 Δὲν
651 648 705 684 σᾶς
730 648 864 685 κρύπτω,
888 647 998 685 κύριοι
1013 648 1082 689 βου-

42 698 150 737 λευταί,
171 697 216 729 ὅτι
235 695 290 732 τὴν
317 694 445 732 στιγμὴν
469 693 589 731 ἐκείνην
612 694 630 731 ἡ
656 694 768 731 βαθεῖα
790 705 850 731 μου
869 693 1088 733 ἱκανοποίησις

40 744 198 781 ὠφείλετο,
218 740 267 777 ὄχι
291 739 382 777 μόνον
410 740 450 774 εἰς
479 739 512 767 τὸ
538 739 587 771 ὅτι
612 739 683 771 ἀντὶ
704 739 741 767 νὰ
769 740 939 767 διακοποῦν
964 739 990 767 αἱ
1020 740 1087 767 δια-

42 785 282 829 πραγματεύσεις
314 784 525 821 κατελήξαμεν
558 784 603 819 εἰς
659 784 713 821 τὴν
745 783 883 822 μεγάλην
914 784 1088 824 ἐπιτυχίαν,

43 834 111 862 ἀλλὰ
135 832 191 864 καὶ
213 831 258 869 εἰς
282 830 331 859 τὸν
361 829 543 867 θαυμασμόν
571 840 626 867 μου
654 828 707 858 διὰ
732 828 779 858 τὸν
809 829 923 866 τρόπον
951 828 999 858 καὶ
1027 828 1090 867 τὴν

45 878 199 915 ταχύτητα,
219 875 274 913 μὲν
295 875 348 913 τὴν
367 874 481 908 ὁποίαν
496 874 663 910 ἀντέδρασε
685 873 736 906 καὶ
756 874 889 910 ἔδρασεν
911 874 924 903 ὁ
947 874 1082 911 Καγκελ-

41 925 158 964 λάριος.

1245 1260 1394 1296 Πρῶτον,
1420 1260 1469 1288 δὲν
1495 1259 1673 1297 παραλείπω
1698 1259 1750 1297 τὴν
1776 1258 1935 1296 εὐκαιρίαν
1961 1258 1997 1285 νὰ
2020 1258 2130 1286 τονίσω
2154 1256 2201 1284 καὶ

1157 1306 1185 1333 τὸ
1217 1305 1462 1344 ἐπαναλαμβάνω
1496 1304 1555 1333 ἀπὸ
1585 1306 1639 1334 τοῦ
1670 1304 1818 1341 ἐπισήμου
1851 1303 1958 1332 τούτου
1992 1303 2126 1341 βήματος
2159 1304 2200 1331 ὅτι

1153 1350 1238 1382 εἶναι
1258 1350 1502 1387 ἀνυπολογίστου
1533 1349 1688 1387 σημασίας
1717 1349 1767 1378 διὰ
1791 1349 1823 1378 τὸ
1852 1348 1970 1383 Ἔθνος
2000 1348 2043 1378 ὅτι
2072 1349 2122 1378 διὰ
2151 1349 2201 1384 τῆς

1156 1396 1333 1435 συμφωνίας
1363 1396 1415 1433 τῆς
1443 1395 1622 1432 Γερμανίας
1649 1395 1812 1431 ὁριστικῶς
1836 1393 2096 1431 ἐπισφραγίζεται
2124 1394 2143 1428 ἡ
2176 1395 2215 1423 ἀ-

1156 1442 1306 1478 νόρθωσις
1331 1442 1383 1477 τῆς
1406 1441 1534 1475 πίστεως
1558 1441 1610 1477 τῆς
1635 1439 1780 1477 Ἑλλάδος
1801 1441 1842 1475 εἰς
1865 1439 1898 1468 τὸ
1921 1438 2126 1477 ἐξωτερικόν.

1241 1490 1327 1519 Μετὰ
1358 1490 1411 1528 τὴν
1439 1490 1585 1522 Γαλλίαν,
1613 1489 1629 1527 ἡ
1658 1489 1825 1526 Γερμανία,
1857 1488 1981 1526 παρέχει
2014 1488 2202 1522 ἀδιστάκτως

1157 1536 1207 1573 τὴν
1227 1535 1395 1575 βεβαίωσιν
1418 1535 1513 1572 αὐτὴν
1535 1535 1583 1564 καὶ
1607 1535 1689 1569 ὅπως
1710 1534 1757 1567 καὶ
1781 1535 1821 1569 εἰς
1845 1534 1902 1572 τὴν
1917 1534 2050 1562 Γαλλίαν
2073 1543 2220 1567 τοιουτο-

1157 1580 1273 1617 τρόπως
1305 1580 1353 1609 καὶ
1383 1581 1425 1616 εἰς
1483 1580 1538 1617 τὴν
1568 1579 1747 1617 Γερμανίαν
1805 1579 1822 1617 ἡ
1854 1578 2059 1616 ἐμπιστοσύνη
2088 1578 2141 1609 καὶ
2174 1578 2202 1607 τὸ

1156 1625 1314 1663 συμφέρον
1344 1625 1507 1654 ἐκτείνεται
1538 1625 1586 1657 καὶ
1610 1624 1681 1660 ἔξω
1709 1626 1767 1654 τῶν
1795 1625 1949 1662 κρατικῶν
2006 1624 2207 1662 συμφωνιῶν.

1153 1671 1246 1706 Διότι,
1277 1670 1380 1707 κύριοι
1411 1670 1581 1706 βουλευταί,
1616 1669 1704 1704 ἐκτὸς
1733 1671 1791 1698 τῶν
1852 1673 1910 1699 200
1969 1669 2211 1707 ἑκατομμυρίων

1154 1716 1288 1754 μάρκων,
1322 1716 1358 1745 τὰ
1390 1716 1479 1744 ὁποῖα
1512 1714 1701 1753 μνημονεύει
1728 1715 1767 1748 τὸ
1791 1714 2013 1750 πρωτόκολλον,
2047 1715 2109 1756 σᾶς
2134 1714 2203 1752 πλη-

1157 1761 1283 1799 ροφορῶ
1315 1760 1473 1799 ἐπισήμως
1507 1760 1552 1789 ὅτι
1587 1760 1784 1797 εὑρίσκονται
1818 1760 1863 1794 εἰς
1894 1756 1998 1798 χεῖρας
2032 1770 2089 1798 μου
2122 1759 2202 1793 ἀξιό-

1154 1807 1237 1845 λογοι
1260 1806 1426 1842 προτάσεις
1450 1805 1679 1843 σοβαρωτάτων
1703 1805 1793 1834 οἴκων
1818 1805 2054 1843 διατεθειμένων
2077 1804 2114 1833 νὰ
2139 1816 2216 1842 συν-

1157 1851 1285 1887 τρέξουν
1312 1851 1362 1889 τὴν
1391 1850 1571 1888 Ἑλληνικὴν
1599 1850 1776 1881 οἰκονομίαν
1801 1851 1848 1880 καὶ
1898 1850 1958 1881 ἔξω
1982 1851 2040 1878 τῶν
2068 1851 2202 1883 διαδικα-

1157 1898 1228 1925 σιῶν
1260 1898 1319 1925 τῶν
1354 1896 1600 1932 Κυβερνητικῶν
1636 1895 1814 1924 πιστώσεων
1847 1895 1897 1929 καὶ
1935 1894 2134 1932 ἐγγυήσεων.
2163 1894 2200 1924 Ἡ

1154 1941 1392 1969 SIEMENS-
1394 1940 1585 1970 HALSKE
1603 1940 1730 1969 ὑπέβαλε
1760 1940 1923 1976 προτάσεις
1953 1940 2004 1969 διὰ
2032 1940 2086 1978 τὴν
2116 1940 2216 1976 ἐγκα-

1155 1987 1310 2022 τάστασιν
1332 1990 1445 2015 75.000
1478 1986 1554 2015 νέων
1587 1985 1772 2023 τηλεφώνων
1801 1986 1852 2017 καὶ
1883 1985 2027 2023 τεχνικὰς
2052 1984 2208 2022 ἐργασίας

1153 2033 1248 2071 μέχρι
1263 2030 1364 2061 ποσοῦ
1383 2035 1420 2060 13
1444 2031 1689 2068 ἑκατομμυρίων
1702 2031 1881 2068 δολλαρίων,
1906 2030 1937 2068 μὲ
1961 2030 2074 2068 χρόνον
2092 2030 2217 2067 πιστώ-

1156 2088 1230 2112 σεως
1255 2077 1310 2114 τὴν
1328 2077 1455 2116 7ετίαν,
1472 2075 1603 2112 ἔναρξιν
1628 2076 1794 2117 πληρωμῆς
1817 2076 1900 2117 μετὰ
1916 2076 1998 2116 μίαν
2014 2075 2127 2112 διετίαν
2153 2074 2211 2112 καὶ

1158 2122 1241 2158 τόκον
1278 2121 1394 2157 6%.
1414 2121 1453 2150 Ἡ
1491 2121 1755 2153 SIEMENS-
1765 2120 2035 2158 SCHUCKERT
2073 2120 2208 2154 ὑπέβαλε

1150 2168 1316 2203 προτάσεις
1340 2167 1391 2196 διὰ
1413 2166 1508 2195 ποσὸν
1533 2170 1546 2194 7
1574 2166 1810 2204 ἑκατομμυρίων
1831 2166 2010 2203 δολλαρίων,
2035 2167 2212 2203 σπουδαῖον

1147 2213 1244 2250 μέρος
1270 2213 1322 2248 τῆς
1349 2212 1455 2247 ὁποίας
1482 2211 1661 2249 προτίθεται
1689 2211 1726 2240 νὰ
1752 2211 1838 2248 δώσῃ
1863 2211 1938 2245 αὕτη
1965 2211 2024 2247 ἔξω
2053 2213 2104 2241 τοῦ
2130 2216 2212 2249 κρα-

1158 2260 1236 2287 τικοῦ
1263 2259 1369 2289 ποσοῦ,
1394 2257 1427 2291 μὲ
1455 2257 1543 2285 τόκον
1572 2257 1677 2291 ἐπίσης
1706 2256 1825 2294 6%.
1838 2256 1922 2293 Ἔχω
1951 2256 2056 2291 ἐπίσης
2085 2256 2216 2289 ἀξιολο-

1157 2303 1292 2338 γωτάτας
1314 2302 1479 2338 προτάσεις
1496 2303 1553 2340 τῆς
1577 2301 1877 2331 TELEFUNKEN
1901 2295 1961 2336 καὶ
1973 2301 2086 2339 ταύτης
2108 2302 2199 2330 διατε-

1154 2348 1295 2385 θειμένης
1321 2348 1356 2376 νὰ
1381 2347 1552 2384 προσφέρῃ
1577 2347 1638 2382 ἔξω
1663 2348 1722 2375 τῶν
1747 2348 1900 2384 κρατικῶν
1926 2347 2122 2384 πιστώσεων.
2141 2346 2202 2375 Καὶ

1155 2394 1193 2425 αἱ
1204 2392 1369 2428 προτάσεις
1393 2392 1444 2421 δὲν
1469 2394 1644 2425 σταματοῦν
1668 2392 1723 2427 ἕως
1747 2392 1825 2428 ἐδῶ.
1838 2392 1998 2434 Ἀφόβως
2010 2392 2150 2430 δύναμαι
2166 2392 2203 2420 νὰ

1154 2438 1314 2473 βεβαιώσω
1338 2437 1393 2475 τὴν
1420 2437 1554 2475 Βουλήν,
1581 2438 1631 2466 ὅτι
1670 2438 1688 2476 ἡ
1694 2437 1798 2473 Ἑλλὰς
1824 2437 1949 2466 δύναται
1976 2438 2014 2467 νὰ
2035 2437 2208 2475 ὑπολογίζῃ

1155 2483 1199 2520 ἐπὶ
1226 2487 1284 2512 100
1314 2483 1510 2520 τοὐλάχιστον
1537 2482 1772 2520 ἑκατομμυρίων
1798 2482 1923 2520 μάρκων
1951 2483 1997 2512 ἐπὶ
2021 2482 2130 2516 πλέον.
2147 2482 2212 2516 Βε-

1155 2529 1249 2565 βαίως
1270 2528 1286 2564 ἡ
1313 2527 1511 2564 Κυβέρνησις
1535 2528 1578 2557 θὰ
1600 2527 1734 2565 ἐξετάσῃ
1756 2527 1877 2563 ἁπάσας
1898 2527 1950 2563 τὰς
1975 2528 2208 2569 ὑποβληθείσας

1154 2575 1169 2611 ἢ
1197 2573 1362 2611 μελλούσας
1388 2573 1426 2602 νὰ
1449 2573 1647 2606 ὑποβληθοῦν
1675 2573 1838 2609 προτάσεις
1865 2573 1921 2601 ἀπὸ
1947 2574 2047 2609 πάσης
2071 2574 2201 2609 πλευρᾶς

1155 2618 1355 2656 προκειμένου
1389 2618 1426 2647 νὰ
1459 2618 1665 2655 ἀποφασίσῃ.
1686 2617 1767 2647 Διότι
1801 2618 1851 2646 καὶ
1884 2619 1972 2647 τοῦτο
2005 2618 2081 2646 εἶναι
2115 2618 2212 2654 ἄξιον

1154 2664 1331 2700 ἐξάρσεως.
1345 2663 1517 2701 Εὐχέρειαν
1540 2663 1771 2701 ἀπεκτήσαμεν.
1788 2663 1854 2692 Δὲν
1870 2663 2057 2701 ἀνελάβομεν
2082 2663 2209 2702 δεσμεύ-

1158 2720 1244 2750 σεις.

1241 2753 1406 2789 Δεύτερον,
1434 2754 1466 2786 αἱ
1488 2753 1668 2793 συμφωνίαι
1690 2754 1746 2793 τῆς
1768 2753 1908 2789 Γαλλίας
1928 2753 1978 2784 καὶ
2009 2755 2058 2790 τῆς
2084 2750 2210 2796 Γερμα-

1158 2800 1227 2840 νίας
1256 2798 1302 2834 θὰ
1332 2798 1489 2842 ἀσκήσουν
1526 2797 1746 2835 ἀναμφιβόλως
1782 2798 1837 2835 τὴν
1869 2798 2030 2831 ἐπίδρασίν
2068 2810 2124 2827 των
2161 2799 2209 2839 εἰς

1155 2844 1247 2881 ἄλλας
1270 2844 1405 2886 ἀγοράς.
1425 2840 1493 2876 Καὶ
1512 2843 1572 2880 ἔχω
1595 2843 1680 2881 κάθε
1695 2843 1790 2881 λόγον
1812 2843 1854 2876 νὰ
1873 2843 2009 2876 πιστεύω
2028 2844 2075 2878 ὅτι
2097 2843 2152 2878 καὶ
2172 2843 2208 2878 τὸ

1154 2888 1392 2925 Ἀμερικανικὸν
1419 2888 1573 2917 ἰδιωτικὸν
1598 2883 1767 2926 κεφάλαιον
1794 2888 1843 2917 δὲν
1870 2888 1910 2917 θὰ
1937 2888 2112 2925 παραμείνῃ
2137 2889 2213 2926 ἀμέ-

1158 2945 1243 2971 τοχον
1273 2935 1325 2971 τῆς
1356 2934 1551 2970 οἰκονομικῆς
1584 2933 1789 2968 ἀνορθώσεως
1820 2934 1872 2971 τῆς
1904 2933 2067 2969 Ἑλλάδος.
2088 2934 2207 2973 Γνωρί-

1155 2980 1216 3015 ζετε
1241 2977 1337 3006 πόσον
1362 2978 1418 3015 μᾶς
1444 2977 1523 3006 εἶναι
1547 2977 1792 3017 εὐπρόσδεκτον.
1812 2977 1935 3013 Ἐκεῖνο
1955 2978 1986 3013 τὸ
2011 2979 2116 3007 ὁποῖον
2136 2978 2211 3020 μετ’

1156 3024 1297 3059 ἐπιμονῆς
1328 3023 1378 3051 καὶ
1411 3023 1611 3063 συστήματος
1641 3022 1778 3060 ἀπέφυγε
1810 3023 1866 3062 καὶ
1890 3023 2060 3064 ἀποφεύγει
2094 3024 2110 3061 ἡ
2145 3024 2210 3052 Κυ-

1157 3068 1300 3105 βέρνησις
1332 3067 1413 3097 εἶναι
1441 3067 1477 3096 νὰ
1509 3068 1614 3106 δεχθῇ
1635 3067 1688 3105 τὴν
1720 3068 1863 3106 ἀνάμιξιν
1895 3068 2082 3107 οἱωνδήποτε
2115 3079 2216 3106 μεσα-

1155 3114 1283 3149 ζόντων.
1303 3113 1436 3155 Συζητεῖ
1459 3112 1553 3150 μόνον
1579 3112 1617 3150 μὲ
1638 3112 1690 3148 τὰς
1717 3113 1920 3150 ἐπιχειρήσεις
1945 3113 1963 3151 ἢ
1990 3114 2071 3150 μέσῳ
2097 3115 2157 3141 τῶν
2181 3114 2213 3142 ἐ-

1154 3158 1294 3196 πισήμων
1316 3155 1549 3197 Ἀμερικανῶν
1575 3157 1786 3198 ἐκπροσώπων
1816 3158 1967 3197 ἐνταῦθα.
1991 3158 2095 3187 Καλὸν
2127 3158 2213 3197 εἶναι

1157 3203 1190 3234 νὰ
1214 3204 1340 3240 τονισθῇ
1364 3202 1419 3233 καὶ
1441 3204 1525 3232 τοῦτο
1552 3202 1613 3232 ἀπὸ
1633 3203 1686 3232 τοῦ
1708 3203 1856 3241 ἐπισήμου
1881 3203 1987 3233 τούτου
2013 3204 2168 3240 βήματος.

1243 3255 1306 3302 Ὡς
1326 3256 1380 3293 ἦτο
1408 3255 1551 3291 φυσικόν,
1579 3256 1608 3285 ἐν
1638 3255 1743 3299 Βόννῃ
1770 3256 1859 3285 ἔλαβε
1887 3256 2002 3294 χώραν
2016 3256 2073 3295 μία
2097 3258 2203 3299 γενικὴ
