1747 2693
264 997 303 1041 1.
340 990 445 1053 Τὴν
504 990 795 1054 Ῥωμαϊκὴν
852 989 1087 1055 ἱστορίαν
1136 989 1418 1056 ἀρχόμενος
1483 1012 1606 1055 συγ-

193 1061 424 1125 γράφειν,
446 1059 727 1123 ἀναγκαῖον
748 1058 1022 1122 ἡγησάμην
1042 1059 1300 1124 προτάξαι
1328 1059 1444 1112 τοὺς
1465 1059 1610 1125 ὅρους

192 1129 328 1177 ὅσων
353 1128 510 1177 ἐθνῶν
547 1126 773 1194 ἄρχουσι
809 1126 1069 1190 Ῥωμαῖοι.
1143 1127 1244 1177 εἰσὶ
1281 1127 1333 1176 δὲ
1365 1128 1485 1177 οἵδε.
1559 1128 1610 1177 ἐν

191 1197 283 1260 μὲν
320 1200 390 1261 τῷ
422 1196 625 1260 ὠκεανῷ
664 1198 969 1261 Βρεττανῶν
1007 1199 1098 1245 τοῦ
1136 1194 1375 1250 πλείονος
1411 1195 1609 1261 μέρους,

193 1264 275 1314 διὰ
325 1263 378 1314 δὲ
426 1268 525 1314 τῶν
584 1262 907 1330 Ἡρακλείων
957 1266 1167 1325 στηλῶν
1216 1266 1264 1317 ἐς
1313 1263 1461 1326 τήνδε
1520 1263 1610 1327 τὴν

193 1333 475 1383 θάλασσαν
496 1331 777 1383 ἐσπλέοντί
803 1354 857 1382 τε
883 1332 969 1382 καὶ
996 1332 1081 1383 ἐπὶ
1107 1331 1197 1386 τὰς
1223 1331 1382 1387 αὐτὰς
1410 1332 1610 1394 στήλας

192 1470 314 1520 ὅσαι
357 1469 678 1532 καθήκουσιν
719 1469 805 1519 ἐπὶ
849 1470 940 1529 τὴν
991 1469 1288 1519 θάλασσαν.
1364 1469 1430 1519 ὧν
1480 1470 1611 1519 εἰσὶν

192 1540 243 1588 ἐν
269 1538 410 1605 δεξιᾷ
438 1542 635 1604 πρῶτοι
674 1538 1027 1603 Μαυρουσίων
1064 1538 1180 1587 ὅσοι
1218 1537 1334 1603 περὶ
1360 1538 1451 1599 τὴν
1480 1537 1607 1587 θάλ-

191 1628 384 1663 ασσαν,
426 1606 527 1656 ὅσα
572 1628 627 1657 τε
667 1605 810 1655 ἄλλα
855 1606 1069 1667 Λιβύων
1110 1607 1227 1667 ἔθνη
1266 1605 1420 1672 μέχρι
1472 1609 1609 1671 Καρ-

193 1880 284 1935 τὰς
334 1877 544 1946 Σύρτεις
592 1879 745 1947 μέχρι
810 1880 1063 1947 Κυρήνης,
1117 1880 1325 1946 Κυρήνη
1376 1901 1429 1930 τε
1477 1880 1609 1942 αὐτὴ

193 2018 433 2083 Μάρειαν
504 2016 691 2080 λίμνην
764 2021 1085 2073 κατοικοῦσι,
1148 2017 1235 2067 καὶ
1309 2019 1338 2079 ἡ
1406 2017 1608 2081 μεγἀλη

195 2534 218 2561 2

508 2175 564 2204 τε
809 2153 962 2220 μέχρι
1328 2157 1427 2203 τῶν
1477 2153 1611 2219 ἑῴων
192 2152 459 2217 Αἴγυπτός
508 2175 564 2203 τε
1011 2152 1279 2203 Αἰθιόπων
618 2153 748 2215 αὐτὴ

192 2222 290 2273 ἀνὰ
329 2222 415 2272 τὸν
458 2225 653 2272 Νεῖλον
695 2222 926 2279 πλέοντι,
975 2222 1063 2272 καὶ
1100 2221 1255 2289 μέχρι
1305 2220 1610 2284 Πηλουσίου

193 2291 276 2341 διὰ
323 2290 618 2353 θαλάσσης.

263 2366 303 2409 2.
340 2358 747 2425 Ἐπιστρέφοντι
785 2359 836 2408 δὲ
875 2358 962 2408 τὸν
999 2361 1167 2409 πλοῦν
1216 2358 1302 2408 καὶ
1361 2355 1609 2422 περιιόντι

192 2426 353 2494 Συρία
422 2448 479 2477 τε
547 2429 578 2490 ἡ
656 2426 1008 2490 Παλαιστίνη,
1081 2427 1168 2477 καὶ
1246 2426 1373 2493 ὑπὲρ
1448 2426 1609 2489 αὐτὴν

192 1400 531 1467 περιπλέοντι
569 1401 741 1463 νήσων
780 1400 1007 1467 ἄρχουσι
1044 1404 1247 1457 πασῶν,
1276 1401 1362 1451 καὶ
1387 1400 1610 1467 ἠπείρων

191 1674 423 1741 χηδόνος,
500 1674 587 1725 καὶ
660 1676 855 1725 τούτων
930 1675 1120 1739 ὕπερθε
1193 1674 1447 1739 Νομάδες,
1527 1675 1611 1728 οὓς

192 1811 494 1877 Νουμιδίαν,
547 1812 707 1878 ἕτεροι
757 1811 811 1861 δὲ
859 1811 1054 1872 Λίβυες
1113 1813 1230 1861 ὅσοι
1288 1815 1611 1878 περιοικοῦσι

193 1949 280 1999 καὶ
341 1947 684 2015 Μαρμαρίδαι
759 1949 846 1998 καὶ
919 1947 1199 2013 Ἀμμώνιοι
1261 1948 1348 1998 καὶ
1409 1948 1458 1997 οἳ
1518 1947 1607 2010 τὴν

192 2084 347 2140 πόλις
405 2086 468 2147 ἣν
533 2085 873 2152 Ἀλέξανδρος
947 2086 1099 2147 ἔθηκε
1158 2085 1258 2151 πρὸ
1320 2085 1608 2149 Αἰγύπτου,

190 1743 435 1808 Ῥωμαῖοι
506 1747 733 1793 καλοῦσι
805 1742 1072 1807 Νουμίδας
1134 1742 1222 1793 καὶ
1282 1742 1374 1805 τὴν
1432 1742 1610 1809 χώραν

677 819 1154 903 ΠΡΟΟΙΜΙΟΝ

441 629 919 716 ΑΠΠΙΑΝΟΥ
945 625 1367 732 ΡΩΜΑΙΚΑ
