1747 2693
213 305 366 367 μοῖρα
436 300 696 365 Ἀράβων,
746 298 983 365 ἐχόμενοι
1045 298 1097 349 δὲ
1169 302 1269 349 τῶν
1331 302 1624 350 Παλαιστι-

214 374 312 419 νῶν
358 368 592 421 Φοίνικες
652 368 738 418 ἐπὶ
787 371 849 432 τῇ
909 368 1178 433 θαλάσσῃ,
1232 368 1320 418 καὶ
1379 371 1631 419 Φοινίκων

212 506 307 569 μὸν
345 505 628 572 Εὐφράτην
672 503 775 554 ἀπὸ
819 505 1098 565 θαλάσσης
1146 503 1248 553 ἄνω
1290 505 1631 571 Παλμυρηνοί

215 596 269 624 τε
305 574 393 624 καὶ
452 575 481 636 ἡ
521 576 884 639 Παλμυρηνῶν
932 573 1152 638 ψάμμος
1201 572 1282 622 ἐπ᾽
1331 573 1486 623 αὐτὸν
1534 575 1629 623 Εὐ-

212 779 506 845 Ἀρμενίων,
543 779 627 832 οὓς
663 782 920 827 καλοῦσιν
969 777 1241 843 Ἀρμενίαν
1278 777 1629 844 βραχυτέραν,

213 848 357 913 παρά
383 869 437 897 τε
475 846 563 897 τὸν
601 846 844 911 Εὔξεινον
871 846 1063 896 πόντον
1090 846 1233 895 ἄλλα
1258 846 1360 895 ὅσα
1398 847 1631 897 Ποντικὰ

211 914 479 980 Ῥωμαίων
539 916 747 975 ὑπήκοα
812 914 949 978 γένη.
1059 911 1214 980 Σύροι
1273 914 1363 979 μὲν
1425 914 1483 977 δὴ
1544 916 1631 965 καὶ

213 2424 299 2473 καὶ
353 2425 572 2490 Θρᾳκῶν
625 2424 740 2473 ὅσοι
795 2423 913 2483 περὶ
968 2422 1056 2472 τὸν
1105 2422 1363 2486 Εὔξεινον.
1420 2422 1525 2473 ἀπὸ
1575 2422 1627 2472 δὲ

214 1074 309 1103 νιοι
353 1052 405 1102 δὲ
438 1052 526 1102 καὶ
565 1050 925 1102 Καππαδόκαι
961 1052 1008 1105 ἔς
1047 1073 1101 1101 τε
1139 1050 1204 1101 τὰ
1241 1051 1474 1101 Ποντικὰ
1509 1052 1630 1115 γένη

212 1121 516 1183 καθήκουσι,
544 1121 633 1171 καὶ
660 1120 756 1170 ἀνὰ
782 1119 875 1182 τὴν
910 1119 1180 1183 μεσόγειον
1210 1119 1295 1170 ἐπὶ
1322 1120 1413 1183 τὴν
1439 1127 1628 1171 καλου-

211 1189 365 1252 μένην
390 1188 663 1256 Ἀρμενίαν
685 1187 909 1253 μείζονα,
934 1190 993 1252 ἧς
1016 1188 1264 1252 Ῥωμαῖοι
1289 1189 1381 1238 οὐκ
1408 1188 1631 1256 ἄρχουσι

211 1258 301 1322 μὲν
360 1258 409 1313 ἐς
469 1255 630 1324 φόρου
688 1257 918 1319 κομιδήν,
967 1257 1116 1307 αὐτοὶ
1176 1256 1229 1307 δὲ
1275 1257 1451 1311 αὐτοῖς
1501 1259 1627 1308 ἀπο-

213 1327 503 1377 δεικνύουσι
541 1327 658 1380 τοὺς
694 1325 970 1387 βασιλέας.
1045 1325 1149 1375 ἀπὸ
1178 1325 1229 1375 δὲ
1256 1325 1630 1376 Καππαδοκῶν

211 1396 299 1445 καὶ
342 1393 577 1445 Κιλίκων
619 1396 667 1450 ἐς
708 1394 799 1455 τὴν
837 1393 1037 1444 Ἰωνίαν
1073 1393 1450 1455 καταβαίνοντι
1487 1394 1632 1445 ἔστιν

212 1466 241 1527 ἡ
302 1464 506 1527 μεγάλη
566 1462 897 1530 χερρόνησος·
983 1463 1011 1513 ὅ
1071 1484 1127 1513 τε
1184 1462 1285 1528 γὰρ
1344 1461 1533 1517 πόντος
1605 1462 1629 1513 ὁ

213 1533 450 1597 Εὔξεινος
493 1533 580 1582 καὶ
618 1534 648 1595 ἡ
698 1531 992 1598 Προποντὶς
1033 1531 1121 1581 καὶ
1162 1529 1186 1581 ὁ
1233 1530 1630 1593 Ἑλλήσποντος

213 1601 299 1651 ἐπὶ
336 1600 492 1664 δεξιά,
521 1600 609 1650 καὶ
646 1600 704 1650 τὸ
741 1600 976 1663 Αἰγαῖον,
1006 1601 1060 1650 ἐκ
1099 1599 1151 1650 δὲ
1187 1604 1342 1653 λαιᾶς
1381 1600 1437 1649 τὸ
1476 1602 1626 1665 Παμ-

213 1742 353 1788 ποιεῖ
389 1735 722 1804 χερρόνησον,
769 1737 855 1787 καὶ
897 1737 1027 1787 εἰσὶν
1069 1738 1228 1799 αὐτῆς
1269 1737 1316 1786 οἱ
1351 1739 1441 1801 μὲν
1485 1739 1534 1791 ἐς
1572 1737 1630 1788 τὸ

212 1806 502 1869 Αἰγύπτιον
528 1806 759 1871 πέλαγος
797 1806 1105 1873 ἀφορῶντες,
1134 1804 1427 1869 Πάμφυλοί
1463 1827 1517 1855 τε
1542 1806 1630 1856 καὶ

213 1873 395 1925 Λύκιοι
432 1874 520 1924 καὶ
711 1875 898 1929 αὐτοὺς
937 1873 1110 1941 Καρία
1148 1873 1301 1941 μέχρι
1343 1873 1555 1931 Ἰωνίας,
1583 1874 1631 1924 οἱ
554 1875 671 1937 μετ᾽

213 1942 254 1992 δ᾽
282 1943 367 1993 ἐπὶ
405 1942 492 1993 τὸν
519 1944 759 2008 Εὔξεινον
796 1943 883 1993 καὶ
920 1943 1013 2007 τὴν
1050 1941 1382 2010 Προποντίδα
1419 1943 1506 1993 καὶ
1542 1944 1630 1993 τὸν

210 2011 625 2075 Ἑλλήσποντον,
690 2012 929 2062 Γαλάται
1000 2033 1055 2062 τε
1126 2011 1215 2062 καὶ
1273 2011 1485 2061 Βιθυνοὶ
1543 2011 1630 2061 καὶ

211 2217 298 2267 καὶ
346 2217 556 2267 πάντων
604 2218 829 2284 ἄρχουσι
876 2218 1136 2281 Ῥωμαῖοι.

212 2528 242 2563 4

283 2292 325 2335 3.
364 2287 697 2347 Περάσαντες
736 2285 788 2336 δὲ
826 2285 913 2335 καὶ
951 2285 1134 2351 ἑτέρων
1174 2285 1333 2336 ἐθνῶν
1372 2284 1626 2353 ἄρχουσιν

212 2354 345 2419 ἀμφὶ
393 2353 480 2404 τὸν
529 2354 730 2404 Πόντον
765 2354 853 2404 καὶ
889 2357 1092 2404 Μυσῶν
1140 2357 1240 2403 τῶν
1288 2355 1337 2403 ἐν
1386 2354 1625 2420 Εὐρώπῃ,

215 439 433 504 ὕπερθεν
457 438 488 498 ἥ
527 458 582 486 τε
617 435 769 498 κοίλη
808 433 984 501 Συρία,
1028 436 1117 486 καὶ
1154 434 1308 503 μέχρι
1348 437 1433 487 ἐπὶ
1466 459 1626 487 ποτα-

213 1669 401 1735 φύλιον
425 1669 455 1732 ἢ
485 1668 775 1732 Αἰγύπτιον
812 1669 1043 1733 πέλαγος
1069 1667 1301 1732 (λέγεται
1326 1667 1426 1734 γὰρ
1454 1669 1629 1735 ἄμφω)

213 2080 395 2131 Μυσοὶ
418 2080 507 2130 καὶ
533 2080 747 2146 Φρύγες,
777 2082 830 2130 ἐν
860 2080 911 2130 δὲ
936 2078 1191 2146 μεσογείῳ
1217 2078 1436 2130 Πισίδαι
1462 2101 1518 2130 τε
1544 2080 1627 2130 καὶ

212 2147 387 2199 Λυδοί.
485 2153 719 2199 τοσαῦτα
759 2149 878 2211 ἔθνη
920 2147 1012 2211 τὴν
1052 2147 1369 2216 χερρόνησον
1408 2149 1627 2206 οἰκοῦσι,

213 711 300 761 καὶ
362 709 722 760 Καππαδόκαι
788 707 1021 759 Κιλίκων
1081 711 1273 775 ὅμοροι,
1334 710 1422 760 καὶ
1480 710 1628 776 μέρος

213 643 417 709 φράτην
455 643 778 701 καθήκουσα,
819 639 1034 695 Κίλικές
1073 662 1127 690 τε
1164 638 1341 707 Σύρων
1378 640 1628 709 ἐχόμενοι,

215 983 427 1038 Κίλικες
453 986 501 1038 ἐς
529 983 679 1044 τήνδε
706 982 798 1045 τὴν
825 983 1112 1033 θάλασσαν
1137 984 1421 1048 ἀφορῶσιν,
1450 983 1630 1050 Ἀρμέ-

445 161 780 245 APPIAN'S
796 164 1054 232 ROMAN
1080 164 1387 235 HISTORY
