1747 2693
219 280 415 335 Ἰωνίας
463 281 660 335 κόλπος
708 281 823 330 ἔστι
871 281 1152 344 θαλάσσης
1201 281 1226 332 ὁ
1268 283 1499 347 Αἰγαῖος,
1548 286 1634 337 καὶ

219 350 386 413 ἕτερος
646 349 938 411 θαλάσσης,
979 350 1066 399 καὶ
1103 349 1127 400 ὁ
1473 355 1630 420 πορθ-
425 348 607 398 Ἰονίου
1167 346 1435 407 Σικελικός

217 415 326 481 μός,
387 417 473 467 καὶ
545 420 574 480 ἡ
635 417 923 483 Τυρρηνικὴ
983 418 1238 468 θάλασσα
1308 421 1462 487 μέχρι
1533 426 1633 473 τῶν

210 2402 378 2470 ἀρχὴν
424 2402 669 2471 ὁρίζουσι,
712 2406 799 2456 καὶ
849 2406 1044 2456 τούτων
1086 2405 1261 2471 Ῥῆνος
1309 2408 1400 2472 μὲν
1451 2409 1499 2463 ἐς
1539 2409 1626 2460 τὸν

216 484 543 551 Ἡρακλείων
593 489 817 547 στηλῶν.
930 491 1082 537 τοῦτο
1141 488 1301 551 μῆκός
1351 491 1493 539 ἐστιν
1542 491 1632 541 ἀπ᾽

218 622 487 688 παράπλῳ
547 621 816 687 Ῥωμαίων
880 624 1084 684 ὑπήκοα
1158 629 1407 682 τοσαῦτα,
1471 627 1501 688 ἥ
1579 649 1634 677 τε

216 689 415 745 ‘Eλλὰς
467 694 620 741 πᾶσα
693 691 779 741 καὶ
840 691 1120 741 Θεσσαλία
1183 693 1271 743 καὶ
1321 695 1632 753 Μακεδόνες,

219 758 306 808 καὶ
345 759 447 808 ὅσα
487 760 749 825 πρόσοικα
792 759 935 809 ἄλλα
978 763 1197 830 Θρᾳκῶν
1236 762 1324 812 καὶ
1362 763 1633 830 Ἰλλυριῶν

217 827 304 876 καὶ
345 827 585 877 Παιόνων
628 828 762 890 ἔθνη,
806 828 938 891 αὐτή
983 850 1037 879 τε
1085 829 1290 880 ᾽Ιταλία
1332 833 1634 896 μακροτάτη

219 894 278 958 δὴ
304 895 515 945 πάντων
540 897 697 945 ἐθνῶν
723 897 857 946 οὖσα
894 896 981 947 καὶ
1007 898 1112 948 ἀπὸ
1140 903 1231 948 τοῦ
1256 898 1440 949 ᾽Ιονίου
1469 902 1634 967 παρή-

217 985 384 1013 κουσα
424 964 509 1014 ἐπὶ
558 970 813 1015 πλεῖστον
862 970 951 1028 τῆς
994 968 1307 1032 Τυρρηνικῆς
1356 968 1634 1032 θαλάσσης

216 1101 439 1167 ρεύουσι,
478 1102 564 1151 καὶ
609 1104 825 1151 Κελτῶν
866 1102 967 1151 ὅσα
1007 1103 1125 1166 ἔθνη
1167 1104 1231 1153 τὰ
1269 1104 1360 1169 μὲν
1400 1107 1447 1160 ἐς
1486 1107 1635 1168 τήνδε

217 1170 310 1229 τὴν
357 1169 644 1219 θάλασσαν
695 1170 759 1220 τὰ
808 1171 859 1221 δὲ
909 1173 957 1226 ἐς
1005 1171 1092 1222 τὸν
1151 1172 1356 1239 βόρειον
1416 1175 1637 1226 ὠκεανὸν

217 1238 403 1306 ἀφορᾷ,
455 1238 519 1288 τὰ
580 1238 633 1288 δὲ
681 1238 826 1304 παρὰ
884 1239 1063 1303 Ῥῆνον
1122 1241 1360 1306 ποταμὸν
1421 1243 1633 1310 ᾤκηται,

215 1305 420 1369 ᾽Ιβηρία
448 1328 501 1357 τε
527 1311 678 1357 πᾶσα
705 1308 791 1358 καὶ
820 1307 1144 1375 Κελτίβηρες
1170 1310 1255 1360 ἐπὶ
1283 1310 1370 1361 τὸν
1396 1312 1635 1378 ἑσπέριον

217 1448 570 1498 τελευτῶντες.
643 1445 729 1495 καὶ
768 1444 962 1495 τούτων
999 1445 1117 1509 πέρι
1155 1448 1242 1497 καὶ
1283 1448 1361 1512 ἐφ᾽
1411 1449 1635 1500 ἑκάστου

216 1582 245 1643 ἡ
295 1580 471 1648 γραφὴ
520 1581 709 1648 περιίῃ.
771 1587 857 1632 νῦν
908 1582 976 1640 δέ,
1028 1584 1154 1633 ὅσον
1203 1584 1339 1651 ὅροις
1387 1587 1633 1651 μεγάλοις

216 1647 307 1711 τὴν
389 1649 557 1717 ἀρχὴν
614 1654 941 1716 περιλαβεῖν,
1014 1652 1150 1702 κατὰ
1206 1653 1298 1717 μὲν
1352 1655 1634 1705 θάλασσαν

210 2489 235 2530 6

214 1923 416 1986 Λιβύης
463 1924 617 1991 μέχρι
666 1924 934 1976 Αἰθιόπων
982 1930 1084 1976 τῶν
1133 1926 1283 1993 ἑῴων.
1335 1932 1500 1978 ταῦτα
1540 1929 1632 1994 μὲν

211 2198 452 2261 Εὔξεινον
479 2199 762 2249 θάλασσαν
802 2200 1064 2265 ᾠκημένοι,
1091 2201 1177 2251 καὶ
1204 2201 1266 2251 τὰ
1292 2202 1457 2252 λοιπὰ
1483 2204 1630 2253 τοῦδε

212 2270 303 2315 τοῦ
346 2268 623 2331 πελάγους.
701 2271 751 2318 ἐν
795 2268 844 2317 δὲ
889 2273 948 2335 τῇ
991 2269 1217 2335 Εὐρώπῃ
1258 2271 1484 2334 ποταμοὶ
1523 2272 1625 2330 δύο,

219 554 415 608 ᾽Ιωνίας
473 553 558 603 ἐπὶ
612 553 699 603 τὸν
755 552 990 611 ὠκεανόν,
1042 555 1129 605 καὶ
1179 557 1230 605 ἐν
1283 556 1409 622 τῷδε
1456 559 1523 608 αὖ
1563 563 1633 625 τῷ

214 1375 302 1425 καὶ
327 1375 533 1441 βόρειον
561 1376 783 1426 ὠκεανὸν
809 1377 895 1427 καὶ
934 1377 1024 1432 τὰς
1050 1378 1394 1445 Ἡρακλείους
1432 1381 1634 1444 στήλας

216 1511 436 1574 δηλώσω
477 1512 542 1563 τὰ
579 1513 960 1578 ἀκριβέστατα,
990 1515 1114 1564 ὅταν
1154 1518 1202 1570 ἐς
1241 1517 1465 1567 ἕκαστον
1491 1518 1634 1573 ἔθνος

214 1719 428 1781 εἴρηται,
480 1725 525 1769 4.
566 1719 702 1769 κατὰ
752 1719 805 1769 δὲ
857 1725 953 1783 γῆν
1001 1721 1351 1786 περιοδεύοντι
1385 1724 1540 1789 μοῖρά
1581 1747 1634 1775 τε

216 1786 568 1852 Μαυρουσίων
606 1788 667 1837 ἂν
705 1790 780 1851 εἴη
820 1792 921 1838 τῶν
1129 1790 1356 1857 Αἰθίοψι
1384 1796 1488 1844 τοῖς
1515 1793 1633 1859 περὶ
956 1790 1091 1855 παρ᾽

215 1855 455 1921 ἑσπέραν,
496 1856 582 1906 καὶ
626 1858 672 1907 εἰ
708 1878 757 1907 τι
801 1856 1104 1924 θερμότερον
1144 1859 1175 1921 ἢ
1217 1859 1457 1926 θηριῶδες
1496 1861 1631 1912 ἄλλο

212 1991 414 2053 Λιβύης
449 1993 720 2057 Ῥωμαίοις
758 1994 880 2061 ὅροι,
925 2000 1015 2057 τῆς
1063 1994 1115 2045 δὲ
1163 1996 1349 2050 ᾽Ασίας
1397 1997 1631 2060 ποταμός

214 2082 268 2110 τε
295 2061 574 2127 Εὐφράτης
600 2063 687 2112 καὶ
726 2063 782 2113 τὸ
812 2062 1097 2113 Καύκασον
1134 2064 1247 2130 ὄρος
1273 2065 1361 2115 καὶ
1394 2067 1420 2126 ἡ
1449 2067 1629 2131 ᾽Αρμε-

210 2332 387 2397 Ῥῆνος
438 2357 493 2386 τε
540 2337 627 2386 καὶ
670 2336 891 2404 ᾽Ίστρος,
941 2339 1179 2401 μάλιστα
1224 2339 1316 2400 τὴν
1362 2339 1628 2403 Ῥωμαίων

215 1033 371 1100 μέχρι
434 1035 664 1089 Κελτῶν,
726 1034 809 1088 οὓς
868 1034 1017 1084 αὐτοὶ
1067 1036 1311 1091 Γαλάτας
1371 1059 1633 1103 προσαγο-

212 2128 320 2183 νίας
362 2135 451 2193 τῆς
488 2130 712 2194 μείζονος
753 2132 909 2197 ἀρχή,
961 2132 1047 2182 καὶ
1098 2131 1303 2199 Κόλχοι
1354 2134 1499 2200 παρὰ
1537 2135 1628 2196 τὴν

451 141 777 225 APPIAN'S
790 141 1070 212 ROMAN
1083 151 1409 225 HISTORY
