1747 2693
233 346 424 397 πόντον
459 347 741 397 καταδιδοῖ.
817 348 1139 413 περάσαντες
1177 348 1231 398 δὲ
1254 371 1326 416 πῃ
1354 349 1440 399 καὶ
1466 350 1649 400 τούσδε

236 417 449 464 Κελτῶν
497 418 597 465 τῶν
640 415 768 481 ὑπὲρ
814 412 993 478 Ῥῆνον
1042 416 1297 484 ἄρχουσιν
1357 417 1514 475 ἐνίων,
1562 420 1649 469 καὶ

233 551 340 617 ὅροι
375 551 467 615 μὲν
505 551 647 601 οὗτοι
838 552 1065 618 ἤπειρον,
1101 554 1166 607 ὡς
1193 553 1453 617 ἐγγύτατα
1480 556 1650 605 ἐλθεῖν
675 552 799 602 κατ᾽

232 623 323 669 τοῦ
369 620 636 683 ἀκριβοῦς·
745 626 787 669 5.
827 625 976 682 νῆσοι
1031 619 1084 669 δὲ
1145 624 1315 671 πᾶσαι
1376 622 1500 671 ὅσαι
1558 628 1647 685 τῆς

233 686 372 741 ἐντὸς
398 688 678 750 θαλάσσης
697 688 844 745 εἰσίν,
872 688 934 738 αἵ
947 710 1002 739 τε
1029 689 1303 744 Κυκλάδες
1328 689 1359 752 ἢ
1385 686 1647 757 Σποράδες

222 2398 455 2445 πλεῖστα
493 2399 595 2446 τῶν
633 2398 790 2447 ἐθνῶν
827 2396 945 2447 τότε
984 2398 1333 2462 ὑπηγάγοντο.
1409 2395 1561 2451 Γάιός
1589 2418 1644 2448 τε

229 824 261 887 ἢ
286 824 414 879 ὅσας
441 824 610 878 ἄλλας
636 825 976 889 ὀνομάζουσιν
1002 825 1197 891 ἑτέρως,
1216 825 1338 891 περί
1361 848 1417 876 τε
1442 827 1648 890 Λιβύην

229 1029 351 1079 ὅσαι
376 1050 432 1079 τε
457 1030 728 1095 ἐξαιρέτως
755 1029 855 1079 ὑπὸ
895 1034 995 1080 τῶν
1018 1029 1289 1093 Ἑλλήνων
1313 1030 1647 1095 ὀνομάζονται

227 1097 454 1161 μεγάλαι
481 1102 645 1161 νῆσοι,
674 1098 888 1165 Κύπρος
925 1120 980 1149 τε
1016 1098 1106 1149 καὶ
1144 1099 1324 1162 Κρήτη
1352 1100 1439 1150 καὶ
1474 1098 1647 1155 ῾Ρόδος

222 2486 249 2528 8

229 1165 318 1215 καὶ
354 1165 564 1225 Λέσβος
601 1166 688 1216 καὶ
727 1167 929 1227 Εὔβοια
968 1167 1056 1217 καὶ
1094 1162 1311 1220 Σικελία
1348 1169 1435 1218 καὶ
1462 1164 1644 1235 Σαρδὼ

228 1233 314 1283 καὶ
365 1234 578 1300 Κύρνος,
627 1235 717 1285 καὶ
756 1237 803 1285 εἴ
840 1256 918 1290 τις
959 1236 1101 1297 ἄλλη
1138 1235 1416 1302 μικροτέρα
1457 1259 1512 1287 τε
1559 1237 1647 1287 καὶ

226 1301 425 1365 μείζων,
475 1302 685 1353 ἅπαντα
733 1303 877 1354 ταῦτ᾽
928 1304 1042 1354 ἐστὶ
1089 1303 1361 1368 ῾Ρωμαίοις
1424 1305 1646 1367 ὑπήκοα.

227 1370 316 1420 καὶ
341 1369 430 1420 τὸν
452 1370 660 1436 βόρειον
698 1372 919 1422 ὠκεανὸν
955 1374 1004 1426 ἐς
1030 1371 1123 1435 τὴν
1148 1372 1464 1437 Βεττανίδα
1491 1379 1648 1437 νῆσον

226 1439 564 1505 περάσαντες,
602 1440 815 1506 ἠπείρου
851 1441 1082 1505 μεγάλης
1128 1440 1349 1505 μείζονα,
1377 1441 1434 1491 τὸ
1471 1443 1645 1508 κράτι-

227 1528 354 1557 στον
390 1508 549 1571 αὐτῆς
573 1508 789 1576 ἔχουσιν
826 1509 954 1575 ὑπὲρ
989 1509 1168 1573 ἥμισυ,
1196 1509 1340 1559 οὐδὲν
1367 1515 1454 1573 τῆς
1481 1512 1646 1573 ἄλλης

227 1573 468 1639 δεόμενοι·
530 1577 589 1626 οὐ
625 1576 725 1643 γὰρ
769 1577 982 1644 εὔφορος
1032 1579 1208 1632 αὐτοῖς
1244 1578 1387 1627 ἐστὶν
1434 1579 1537 1628 οὐδ᾽
1585 1581 1645 1643 ἣν

226 1644 454 1711 ἔχουσιν.

297 1717 337 1762 6.
375 1711 586 1762 Τούτων
634 1712 899 1763 τοσούτων
959 1714 1047 1764 καὶ
1109 1714 1430 1776 τηλικούτων
1489 1715 1647 1764 ἐθνῶν

226 1869 281 1897 τε
305 1848 393 1899 καὶ
416 1848 567 1913 μόλις
592 1851 643 1899 ἐν
669 1853 1036 1905 πεντακοσίοις
1062 1852 1202 1901 ἔτεσι
1228 1852 1643 1917 κατειργάσαντο

223 1918 473 1978 βεβαίως.
581 1918 669 1967 καὶ
717 1918 912 1969 τούτων
961 1918 1026 1969 τὰ
1085 1918 1277 1983 ἡμίσεα
1324 1921 1646 1981 βασιλεῦσιν

223 2259 308 2308 ἐπὶ
334 2263 439 2313 τοῖς
475 2260 838 2316 πεντακοσίοις
856 2261 942 2311 ἐπὶ
977 2260 1112 2325 μέγα
1133 2261 1292 2324 ἦλθεν
1317 2262 1345 2321 ἡ
1375 2260 1529 2328 ἀρχή,
1557 2261 1644 2310 καὶ

233 278 442 343 βόρειον
501 278 738 335 ὠκεανόν,
793 279 1002 343 Ἴστρος
1064 280 1116 329 δὲ
1177 282 1225 334 ἐς
1275 281 1362 331 τὸν
1409 282 1650 346 Εὔξεινον

236 485 405 533 Γετῶν
441 486 541 533 τῶν
584 483 712 549 ὑπὲρ
743 484 967 549 Ἴστρον,
1006 485 1091 538 οὓς
1141 484 1342 539 Δακοὺς
1379 490 1646 536 καλοῦσιν.

228 959 378 1010 λικὸν
401 960 433 1024 ἢ
459 961 560 1010 ὅσα
597 961 742 1012 ἄλλα
779 961 939 1024 τῆσδε
975 967 1065 1024 τῆς
1090 962 1370 1024 θαλάσσης
1397 962 1643 1026 ὀνόματα,

225 1780 386 1831 ὄντων
411 1780 468 1831 τὸ
504 1780 735 1845 μέγεθος,
762 1782 997 1831 ᾽Ιταλίαν
1020 1782 1113 1846 μὲν
1149 1781 1311 1845 αὐτὴν
1346 1783 1644 1850 ἐπιμόχθως

222 2053 311 2103 καὶ
337 2053 689 2118 ἐπομόσαντες
717 2057 808 2105 οὐκ
830 2055 1104 2120 ἀνέξεσθαι
1128 2055 1416 2117 βασιλέων,
1437 2057 1644 2122 ἀριστο-

223 2120 413 2191 κρατίᾳ
450 2144 505 2173 τε
542 2123 839 2189 ἐχρήσαντο
877 2124 982 2175 ἀπὸ
1022 2125 1169 2174 τοῦδε
1205 2125 1292 2174 καὶ
1318 2126 1645 2190 προστάταις

223 2190 480 2256 ἄρχουσι
521 2191 761 2253 ἐτησίοις.
837 2191 1120 2247 διακοσίοις
1164 2191 1216 2242 δὲ
1254 2193 1493 2256 μάλιστα
1531 2194 1643 2257 ἑξῆς

223 2328 419 2390 ξενικῆς
457 2348 512 2377 τε
549 2327 806 2391 δυνάμεως
844 2330 1140 2393 ἐκράτησαν
1176 2327 1407 2394 ἀπείρου,
1449 2329 1536 2379 καὶ
1579 2329 1644 2379 τὰ

230 891 316 942 καὶ
353 891 410 942 τὸ
449 892 629 943 ᾽Ιόνιον
667 894 697 955 ἢ
738 893 1031 957 Αἰγύπτιον
1072 895 1101 956 ἢ
1141 896 1398 960 Μυρτῷον
1434 895 1464 958 ἢ
1505 892 1646 948 Σικελ-

225 1987 469 2052 ἐχρῶντο,
498 1985 562 2035 τὰ
597 1986 650 2036 δὲ
675 1986 836 2037 λοιπὰ
879 1986 996 2042 τοὺς
1020 1987 1283 2047 βασιλέας
1310 1988 1643 2048 ἐκαβαλόντες,

231 756 261 818 ἢ
303 755 463 810 ᾽Ιάδες
506 756 534 818 ἢ
577 756 842 823 ᾽Εχινάδες
884 757 914 819 ἢ
953 755 1257 823 Τυρρηνίδες
1294 758 1324 820 ἢ
1359 759 1647 822 Γυμνησίαι

474 135 803 219 APPIAN'S
822 148 1093 222 ROMAN
1109 138 1419 219 HISTORY
