1747 2693
188 284 400 348 Καῖσαρ
452 283 578 348 ὑπὲρ
627 283 744 337 τοὺς
796 283 913 333 τότε
963 284 1335 342 δυναστεύσας,
1377 286 1464 336 καὶ
1513 286 1605 350 τὴν

185 355 458 421 ἡγεμονίαν
518 358 895 423 κρατυνάμενός
952 381 1007 409 τε
1068 360 1152 410 καὶ
1216 360 1507 423 διαθέμενος
1557 364 1604 415 ἐς

186 432 427 497 φυλακὴν
475 433 711 499 ἀσφαλῆ
753 434 809 484 τὸ
859 434 951 499 μὲν
987 440 1171 502 σχῆμα
1204 440 1292 499 τῆς
1336 435 1604 491 πολιτείας

185 507 269 556 καὶ
315 506 371 556 τὸ
413 508 572 572 ὄνομα
896 508 1160 577 μόναρχον
1196 510 1236 559 δ᾽
1489 512 1601 562 ἐπέ-
589 501 877 583 ἐφύλαξε,
1256 511 1469 577 ἑαυτὸν

185 603 351 643 στησε
377 586 527 632 πᾶσι
603 584 689 634 καὶ
717 584 862 634 ἔστιν
886 585 975 647 ἥδε
1002 587 1029 646 ἡ
1059 585 1197 652 ἀρχὴ
1222 585 1378 653 μέχρι
1406 590 1491 637 νῦν
1520 587 1602 651 ὑφ᾽

185 2497 239 2525 10

185 656 253 705 ἑνὶ
299 656 531 724 ἄρχοντι,
578 659 661 713 οὓς
703 659 966 720 βασιλέας
1005 661 1096 722 μὲν
1136 663 1193 710 οὐ
1235 661 1498 725 ὡς
1540 664 1604 716 ὡς

184 730 282 794 ἐγὼ
333 733 531 795 νομίζω
597 733 686 784 τὸν
733 735 886 800 ὅρκον
934 735 1225 800 αἰδούμενοι
1276 736 1365 787 τὸν
1414 738 1600 794 πάλαι,

182 807 568 874 αὐτοκράτορας
611 809 662 859 δὲ
703 809 1057 874 ὀνομάζουσιν,
1105 811 1129 860 ὃ
1174 811 1261 861 καὶ
1301 815 1402 862 τῶν
1438 834 1599 879 προσ-

182 881 374 948 καίρων
422 888 735 949 στρατηγῶν
784 887 943 951 ὄνομα
991 886 1067 949 ἦν·
1119 886 1219 937 εἰσὶ
1268 885 1321 937 δὲ
1364 887 1496 954 ἔργῳ
1540 888 1603 938 τὰ

182 957 356 1007 πάντα
381 959 643 1017 βασιλεῖς.

254 1036 295 1081 7.
337 1034 441 1083 Καὶ
482 1034 595 1084 ἔστι
631 1035 718 1085 καὶ
756 1036 933 1086 τοῖσδε
971 1041 1077 1091 τοῖς
1117 1038 1530 1104 αὐτοκράτορσιν
1555 1041 1602 1093 ἐς

184 1183 380 1240 ἄλλων,
410 1185 461 1233 ἐν
492 1185 566 1238 οἷς
599 1186 629 1247 ἥ
667 1207 721 1235 τε
754 1184 910 1241 πόλις
940 1189 1180 1249 μάλιστα
1219 1190 1602 1253 κατεκοσμηθή,

183 1259 268 1309 καὶ
298 1260 327 1321 ἡ
761 1266 1020 1312 πλεῖστον
1060 1263 1275 1327 ηὐξήθη,
1304 1264 1389 1313 καὶ
1431 1265 1603 1315 πάντα
354 1258 611 1323 πρόσοδος
638 1261 724 1311 ἐπί

184 1335 235 1383 ἐν
261 1333 429 1400 εἰρήνῃ
456 1338 631 1403 μακρᾷ
677 1337 762 1387 καὶ
805 1338 1052 1388 εὐσταθεῖ
1077 1339 1338 1405 προῆλθεν
1364 1341 1412 1394 ἐς
1426 1324 1629 1409 εὐδαι-

184 1408 364 1473 μονίαν
412 1411 650 1476 ἀσφαλῆ.
739 1411 827 1462 καί
877 1435 992 1463 τινα
1042 1414 1129 1463 καὶ
1178 1418 1285 1468 τοῖς
1334 1415 1603 1480 προτέροις

182 1485 382 1535 ἔθνεσι
426 1486 530 1535 οἵδε
573 1487 620 1536 οἱ
662 1488 1041 1555 αὐτοκράτορες
1086 1491 1135 1543 ἐς
1186 1488 1277 1552 τὴν
1325 1489 1600 1554 ἡγεμονίαν

181 1561 536 1625 προσέλαβον,
580 1562 668 1612 καὶ
707 1564 1041 1629 ἀφιστάμενα
1068 1564 1211 1614 ἄλλα
1227 1558 1637 1638 ἐκρατύναντο.

181 1637 314 1691 ὅλως
365 1659 419 1687 τε
470 1637 532 1687 δι᾽
581 1639 865 1699 εὐβουλίαν
923 1639 988 1689 τὰ
1048 1641 1307 1706 κράτιστα
1368 1646 1461 1705 γῆς
1516 1642 1603 1692 καὶ

184 1713 463 1775 θαλάσσης
490 1713 697 1780 ἔχοντες
730 1715 913 1777 σώζειν
946 1715 1188 1765 ἐθέλουσι
1221 1720 1428 1780 μᾶλλον
1452 1717 1482 1780 ἢ
1512 1717 1603 1780 τὴν

181 1788 351 1854 ἀρχὴν
400 1789 448 1842 ἐς
499 1788 712 1855 ἄπειρον
763 1790 994 1856 ἐκφέρειν
1044 1791 1129 1841 ἐπὶ
1177 1792 1430 1857 βάρβαρα
1484 1792 1601 1855 ἔθνη

182 1863 407 1930 πενιχρά
433 1864 518 1914 καὶ
547 1864 750 1931 ἀκερδῆ,
788 1865 857 1915 ὧν
888 1866 985 1929 ἐγώ
1018 1888 1158 1920 τινας
1191 1866 1321 1917 εἶδον
1356 1869 1406 1917 ἐν
1431 1866 1600 1932 ῾Ρώμη

180 1939 629 2004 πρεσβευομένους
656 1962 711 1990 τε
738 1941 824 1990 καὶ
852 1940 1083 1996 διδόντας
1106 1941 1317 1996 ἑαυτοὺς
1346 1942 1601 2005 ὑπηκόους

184 2013 327 2071 εἶναι
352 2015 435 2064 καὶ
459 2016 517 2064 οὐ
539 2014 812 2080 δεξάμενον
832 2017 1067 2078 βασιλέα
1087 2017 1272 2083 ἄνδρας
1294 2017 1438 2068 οὐδὲν
1462 2020 1600 2085 αὐτῷ

181 2090 471 2156 χρησίμους
500 2090 787 2153 ἐσομένους.
862 2092 1034 2142 ἔθνέσι
1060 2115 1114 2143 τε
1144 2093 1343 2150 ἄλλοις,
1372 2094 1600 2159 ἀπείροις

182 2165 239 2215 τὸ
266 2166 483 2229 πλῆθος,
525 2167 673 2216 αὐτοὶ
717 2166 920 2217 διδόασι
971 2168 1088 2223 τοὺς
1135 2169 1415 2228 βασιλέας,
1458 2169 1602 2220 οὐδὲν

180 2242 350 2290 αὐτῶν
390 2242 436 2295 ἐς
479 2241 571 2304 τὴν
612 2241 781 2310 ἀρχήν
816 2241 1055 2306 δεόμενοι·
1095 2244 1181 2294 καὶ
1222 2248 1323 2294 τῶν
1362 2244 1601 2307 ὑπηκόων

181 2315 328 2371 ἐνίοις
371 2317 910 2383 προσαναλίσκουσιν,
952 2318 1241 2383 αἰδούμενοι
1276 2318 1462 2387 καίπερ
1489 2322 1595 2371 ἐπι-

183 2390 385 2455 ζημίους
447 2393 597 2447 ὄντας
657 2393 968 2444 ἀποθέσθαι.
1045 2395 1138 2457 τήν
1201 2416 1255 2444 τε
1315 2395 1485 2463 ἀρχὴν
1546 2398 1595 2446 ἐν

185 1108 272 1158 τὸν
313 1106 551 1159 παρόντα
600 1109 790 1176 χρόνον
840 1113 1105 1176 ἐγγυτάτω
1159 1112 1437 1162 διακοσίων
1479 1116 1605 1164 ἐτῶν

419 138 751 225 APPIAN'S
767 141 1032 219 ROMAN
1051 154 1367 222 HISTORY
