1747 2693
212 297 387 365 κύκλῳ
429 299 803 363 περικάθηνται
833 299 1083 362 μεγάλοις
1120 300 1510 365 στρατοπέδοις,
1540 302 1626 352 καὶ

211 435 391 502 ὥσπερ
415 434 621 502 χωρίον.

281 511 323 553 8.
365 503 533 571 ᾽Αρχή
560 525 615 553 τε
640 504 848 569 οὐδεμία
878 504 1114 571 προῆλθέ
1146 527 1228 555 πω
1254 505 1411 572 μέχρι
1450 510 1537 557 νῦν
1575 509 1622 561 ἐς

213 576 433 622 τοσοῦτο
488 572 735 636 μεγέθους
793 572 880 622 καὶ
939 571 1145 637 χρόνου.
1237 574 1354 623 οὔτε
1404 576 1506 641 γὰρ
1563 575 1627 625 τὰ

210 639 493 703 ῾Ελλήνων,
539 642 585 690 εἰ
623 662 699 695 τις
743 639 870 704 ὁμοῦ
913 641 977 691 τὰ
1014 640 1303 703 ᾽Αθηναίων
1339 643 1427 692 καὶ
1463 647 1626 693 Λακε-

214 708 488 772 δαιμονίων
529 710 615 759 καὶ
667 709 930 771 Θηβαίων,
975 709 1437 761 δυναστευσάντων
1483 712 1627 779 παρὰ

210 777 376 844 μέρος,
392 777 496 827 ἀπὸ
517 783 606 841 τῆς
623 776 841 844 Δαρείου
863 777 1152 844 στρατείας,
1165 779 1280 828 ὅθεν
1295 780 1469 834 αὐτοῖς
1486 781 1629 830 ἔστιν

213 846 675 912 ἐλλαμπρύνεσθαι
714 847 968 908 μάλιστα,
997 848 1045 901 ἐς
1089 846 1182 910 τὴν
1219 847 1494 898 Φιλίππου
1538 853 1629 899 τοῦ

214 913 470 977 ᾽Αμύντου
520 920 610 977 τῆς
672 914 929 969 ῾Ελλάδος
987 914 1263 979 ἡγεμονίαν
1322 918 1627 981 συναγάγοι,

215 982 395 1033 πολλὰ
439 983 502 1033 ἂν
544 983 632 1045 ἔτη
677 982 874 1049 φανείη.
949 982 1005 1033 οἵ
1021 1005 1078 1034 τε
1102 985 1293 1048 ἀγώνες
1322 987 1498 1040 αὐτοῖς
1525 986 1628 1050 ἐγέ-

216 1073 361 1102 νοντο
405 1053 498 1101 οὐκ
533 1052 620 1102 ἐπὶ
658 1052 824 1119 ἀρχῆς
858 1053 1163 1117 περικτήσει
1192 1057 1400 1117 μᾶλλον
1422 1054 1453 1117 ἢ
1482 1059 1628 1121 φιλο-

215 1119 359 1186 τιμίᾳ
401 1119 529 1186 πρὸς
565 1121 849 1181 ἀλλήλους,
891 1121 978 1171 καὶ
1019 1121 1066 1170 οἱ
1103 1121 1471 1188 λαμπρότατοι
1513 1123 1631 1188 περὶ

216 1194 305 1251 τῆς
331 1189 502 1239 αὐτῶν
527 1188 819 1255 ἐλευθερίας
837 1188 965 1256 πρὸς
991 1189 1158 1256 ἀρχὰς
1176 1190 1345 1245 ἄλλας
1363 1191 1627 1246 ἐπιούσας.

217 1258 265 1308 οἱ
313 1257 367 1307 δέ
415 1278 547 1312 τινες
594 1259 766 1308 αὐτῶν
803 1259 851 1313 ἐς
899 1254 1145 1311 Σικελίαν
1181 1259 1505 1315 πλεύσαντες
1546 1261 1631 1311 ἐπὶ

215 1327 382 1393 ἀρχῆς
423 1326 597 1391 ἑτέρας
641 1325 815 1377 ἐλπίδι
855 1327 1276 1392 προσέπταισαν·
1314 1328 1345 1391 ἢ
1381 1329 1429 1379 εἴ
1468 1350 1543 1383 τις
1583 1330 1631 1383 ἐς

216 1394 309 1458 τὴν
349 1394 536 1444 ᾽Ασίαν
562 1394 755 1458 διῆλθε,
794 1394 955 1459 μικρὰ
994 1395 1081 1446 καὶ
1119 1395 1203 1446 ὅδε
1245 1396 1445 1461 δράσας
1485 1397 1631 1452 εὐθὺς

217 1461 442 1529 ἐπανῄει.
517 1463 650 1518 ὅλως
692 1485 748 1514 τε
780 1465 809 1526 ἡ
851 1464 1136 1526 ῾Ελληνικὴ
1179 1464 1402 1529 δύναμις,
1444 1465 1633 1533 καίπερ

218 1531 446 1597 ἐκθύμως
487 1532 616 1599 ὑπὲρ
656 1531 925 1597 ἡγεμονίας
965 1533 1381 1598 ἀγωνισαμένων,
1415 1536 1474 1584 οὐ
1507 1556 1631 1601 προ-

216 1601 374 1664 ῆλθεν
417 1600 547 1667 ὑπὲρ
587 1600 681 1663 τὴν
726 1600 965 1651 ῾Ελλάδα
1003 1601 1253 1663 βεβαίως,
1296 1603 1441 1652 ἀλλὰ
1483 1603 1633 1654 δεινοὶ

216 1669 308 1734 μὲν
357 1668 588 1733 ἐγένοντο
649 1669 948 1720 ἀδούλωτον
1010 1669 1173 1733 αὐτὴν
1228 1670 1316 1721 καὶ
1376 1672 1634 1735 ἀήττητον

219 1741 510 1805 κατασχεῖν
551 1738 637 1789 ἐπὶ
679 1742 951 1795 πλεῖστον,
997 1738 1103 1789 ἀπὸ
1142 1739 1195 1789 δὲ
1231 1739 1507 1791 Φιλίππου
1543 1744 1635 1791 τοῦ

218 1806 475 1869 ᾽Αμύντου
523 1807 610 1856 καὶ
668 1807 1015 1874 ᾽Αλεξάνδρου
1070 1811 1161 1857 τοῦ
1217 1809 1492 1859 Φιλίππου
1549 1810 1635 1859 καὶ

219 1876 357 1926 πάνυ
404 1896 490 1940 μοι
539 1874 751 1927 δοκοῦσι
798 1878 995 1943 πρᾶξαι
1045 1880 1215 1931 κακῶς
1273 1877 1359 1927 καὶ
1414 1877 1634 1943 ἀναξίως

219 1946 402 1994 αὐτῶν

220 2081 307 2131 καὶ
333 2082 518 2148 ἀρετῆς
545 2082 647 2131 οὐδ᾽
675 2084 723 2134 ἐς
749 2081 815 2131 τὰ
842 2081 1169 2149 σμικρότατα
1187 2086 1288 2133 τῶν
1313 2083 1636 2150 Εὐρωπαίων

220 2150 633 2215 παραβάλλεται
676 2149 737 2199 δι᾽
781 2150 1055 2200 ἀσθένειαν
1096 2151 1184 2201 καὶ
1233 2152 1487 2216 ἀτολμίαν
1535 2156 1636 2202 τῶν

221 2220 393 2269 ἐθνῶν.
491 2219 578 2269 καὶ
627 2222 779 2269 τοῦτο
829 2218 1055 2281 δηλώσει
1104 2220 1189 2270 καὶ
1237 2219 1326 2283 ἥδε
1373 2222 1403 2284 ἡ
1459 2220 1635 2304 γραφὴ

224 2424 309 2473 καὶ
335 2428 501 2473 ταῦτα
528 2423 844 2475 Μακεδόνων
882 2426 1053 2475 αὐτῶν
1092 2425 1542 2492 ὑπερμαχομένων,
1570 2426 1635 2476 τὰ

228 2531 279 2559 12

212 369 555 432 φυλάσσουσι
614 367 708 429 τὴν
766 366 985 430 τοσήνδε
1042 371 1140 432 γῆν
1198 367 1285 418 καὶ
1345 370 1627 420 θάλασσαν

221 2290 495 2353 προϊοῦσα·
535 2286 736 2351 ὀλίγαις
757 2286 858 2354 γὰρ
882 2288 1079 2355 μάχαις
1101 2287 1347 2353 Ῥωμαῖοι
1372 2310 1637 2340 τοσουτων

222 2361 313 2417 τῆς
348 2354 535 2410 ᾽Ασίας
573 2356 731 2406 ἐθνῶν
767 2356 1032 2423 κατέσχον
1068 2357 1206 2407 ὅσων
1243 2357 1319 2407 ἔτι
1368 2361 1633 2424 κρατοῦσι,

294 2018 335 2062 9.
372 2011 450 2062 Ἥ
496 2035 551 2063 τε
598 2017 689 2075 τῆς
743 2011 926 2067 ᾽Ασίας
975 2013 1115 2081 ἀρχὴ
1170 2013 1332 2081 ἔργων
1376 2014 1471 2079 μὲν
1517 2014 1635 2082 πέρι

445 167 774 232 APPIAN'S
787 161 1045 235 ROMAN
1064 170 1387 229 HISTORY
