1747 2693
205 267 255 318 δὲ
304 267 485 318 πολλὰ
533 268 651 333 περὶ
699 268 793 331 τὴν
840 270 1047 331 Λιβύην
1094 270 1182 321 καί
1231 271 1324 333 τήν
1366 273 1620 338 Εὐρώπην

206 2496 259 2531 14

206 407 437 470 Περσῶν,
490 409 644 470 τριῶν
703 406 861 455 τῶνδε
919 405 1179 470 μεγίστων
1238 411 1518 473 ἡγεμονιῶν
1569 413 1618 465 ἐς

201 609 471 674 ῾Ρωμαίοις
509 611 559 665 ἐς
597 610 685 660 τὸν
721 609 957 677 παρόντα
994 611 1196 678 χρόνον,
1226 612 1284 663 τὸ
1318 635 1373 664 τε
1408 613 1618 679 μέγεθος

203 836 276 869 οις
304 814 408 865 ἀπό
435 837 491 865 τε
517 815 713 866 δύσεων
739 816 826 867 καὶ
860 820 951 867 τοῦ
984 817 1113 883 πρὸς
1139 818 1367 884 ἑσπέραν
1393 818 1618 871 ὠκεανοῦ

203 883 289 933 ἐπὶ
315 882 372 933 τὸ
401 883 686 934 Καύκασον
711 886 826 949 ὄρος
850 886 938 935 καὶ
963 885 1198 948 ποταμὸν
1224 887 1506 954 Εὐφράτην
1531 890 1617 940 καὶ

202 953 250 1004 ἐς
276 951 535 1006 Αἰθίοπας
561 952 678 1007 τοὺς
705 953 807 1003 ἄνω
847 953 909 1002 δι᾽
947 953 1220 1017 Αἰγύπτου
1245 956 1332 1006 καὶ
1374 956 1618 1023 ᾽Αράβων

201 1088 317 1154 ὅρος
357 1089 499 1139 ἐστὶν
537 1091 713 1143 αὐτοῖς
754 1090 777 1139 ὁ
824 1091 1043 1145 ὠκεανὸς
1088 1092 1377 1159 ἀρχομένου
1427 1116 1482 1143 τε
1531 1096 1617 1145 καὶ

202 1156 447 1218 δυομένου
480 1161 571 1207 τοῦ
613 1160 745 1215 θεοῦ,
783 1159 1060 1221 θαλάσσης
1103 1182 1158 1210 τε
1197 1163 1373 1223 πάσης
1406 1164 1615 1227 ἡγεμον-

202 1225 378 1275 εύουσι
404 1230 493 1288 τῆς
519 1225 658 1281 ἐντὸς
697 1227 856 1289 οὔσης
882 1228 969 1278 καὶ
995 1228 1166 1290 νήσων
1203 1230 1427 1280 ἁπασῶν
1453 1232 1540 1281 καὶ
1565 1233 1617 1282 ἐν

201 1298 272 1359 τῷ
299 1295 504 1360 ὠκεανῷ
540 1298 859 1361 Βρεττανῶν.
936 1296 1137 1359 Μήδοις
1176 1297 1228 1347 δὲ
1265 1299 1353 1348 καὶ
1384 1299 1616 1365 Πέρσαις

200 1364 232 1427 ἥ
259 1384 314 1412 τε
348 1362 575 1425 πλείστη
607 1365 862 1414 θάλασσα
907 1364 930 1414 ὁ
973 1366 1287 1432 Παμφύλιος
1322 1366 1519 1422 κόλπος
1554 1370 1615 1430 ἢν

201 1432 287 1481 καὶ
312 1431 404 1493 μία
430 1437 585 1496 νῆσος
621 1434 651 1495 ἡ
691 1432 903 1499 Κύπρος
939 1434 970 1495 ἤ
1011 1434 1062 1484 τί
1096 1456 1198 1484 που
1238 1435 1372 1484 ἄλλο
1399 1437 1617 1503 σμικρὸ

201 1505 291 1562 τῆς
317 1499 513 1554 ᾽Ιωνίας
539 1502 590 1551 ἐν
617 1501 886 1567 θαλάσσῃ·
915 1505 1006 1551 τοῦ
1032 1524 1086 1552 τε
1121 1506 1386 1569 Περσικοῦ
1414 1504 1616 1556 κόλπου

201 1569 311 1632 (καὶ
335 1568 435 1633 γὰρ
461 1569 608 1619 τοῦδε
633 1571 904 1636 ἐκράτουν)
931 1569 1099 1621 πόσον
1134 1593 1183 1622 τι
1218 1573 1304 1622 καὶ
1341 1572 1399 1622 τὸ
1431 1573 1615 1624 τούτου

201 1635 433 1701 πέλαγός
458 1638 632 1696 ἐστιν;

275 1712 349 1755 10.
388 1705 464 1755 Τὰ
492 1706 541 1755 δὲ
571 1706 630 1768 δὴ
661 1706 994 1765 Μακεδόνων,
1018 1707 1082 1758 τὰ
1108 1709 1199 1770 μὲν
1217 1708 1317 1775 πρὸ
1340 1708 1613 1760 Φιλίππου

201 1778 292 1823 τοῦ
328 1772 583 1839 ᾽Αμύντου
623 1776 709 1825 καὶ
745 1777 883 1826 πάνυ
923 1777 1118 1841 σμικρὰ
1150 1778 1227 1839 ἦν,
1264 1778 1351 1828 καὶ
1377 1778 1521 1829 ἔστιν
1547 1768 1613 1829 ὧν

202 1843 523 1906 ὑπήκουσαν·
564 1842 629 1892 τὰ
657 1843 708 1893 δὲ
735 1846 895 1894 αὐτοῦ
923 1844 1197 1895 Φιλίππου
1224 1845 1385 1896 πόνου
1411 1848 1503 1908 μὲν
1528 1849 1614 1898 καὶ

201 1911 561 1976 ταλαιπωρίας
589 1912 763 1976 ἔγεμεν
799 1914 856 1962 οὐ
886 1918 1140 1977 μεμπτῆς,
1169 1915 1311 1963 ἀλλά
1338 1916 1422 1965 καὶ
1451 1920 1615 1966 ταῦτα

200 1980 320 2045 περὶ
369 1979 462 2042 τὴν
509 1980 747 2030 ῾Ελλάδα
793 1981 877 2031 καὶ
929 1982 993 2031 τὰ
1034 1981 1324 2049 πρόσχωρα
1363 1982 1495 2045 μόνα
1537 1985 1613 2047 ἦν.

202 2048 287 2098 ἐπὶ
336 2048 389 2098 δὲ
439 2048 784 2113 ᾽Αλεξάνδρου
821 2049 1022 2113 μεγέθει
1062 2072 1116 2100 τε
1153 2051 1238 2101 καὶ
1289 2052 1479 2114 πλήθει
1530 2053 1615 2102 καὶ

199 2325 433 2389 λαμπρᾷ·
472 2323 530 2384 ἧς
556 2344 615 2386 γε
641 2323 726 2373 καὶ
754 2323 1089 2385 διαλυθείσης
1114 2325 1163 2378 ἐς
1189 2324 1396 2379 πολλάς
1422 2346 1613 2389 σατρα-

200 2389 347 2445 πείας
375 2390 460 2441 ἐπὶ
486 2395 744 2441 πλεῖστον
781 2391 1043 2457 ἐξέλαμπε
1083 2391 1148 2442 τὰ
1181 2392 1324 2458 μέρη.
1397 2393 1484 2443 καὶ
1510 2397 1613 2447 τοῖς

204 335 598 403 ἐξετρίφθησαν.
671 336 969 404 ᾽Ασσυρίων
999 360 1054 387 τε
1090 340 1157 389 αὖ
1191 341 1278 390 καὶ
1314 341 1509 403 Μήδων
1535 343 1619 393 καὶ

201 473 545 538 ᾽Αλέξανδρον
571 473 659 523 τὸν
691 474 981 531 Φιλίππου,
1020 476 1396 539 συντιθεμένων
1427 478 1533 527 οὔτ᾽
1557 480 1619 529 ἂν

204 540 228 591 ὁ
256 541 440 608 χρόνος
475 541 705 608 ἐφίκοιτο
748 546 849 592 τῶν
883 543 1165 594 ἐνακοσίων
1198 546 1338 602 ἐτῶν,
1366 546 1469 595 ὅσα
1504 548 1616 598 ἐστί

203 683 292 740 τῆς
318 679 484 745 ἀρχῆς
511 684 600 743 τῆς
627 678 829 729 ἐκείνων
849 679 963 729 οὐδὲ
988 681 1037 733 ἐς
1061 681 1223 742 ἥμισυ
1250 682 1431 746 νομίζω
1459 684 1618 745 τῆσδε

203 751 292 809 τῆς
318 746 588 809 ἡγεμονίας
611 748 863 805 ἀπαντᾶν,
884 748 1276 814 τεκμαιρόμενος
1296 750 1375 800 ὅτι
1402 750 1616 814 ῾Ρωμαί-

203 1020 289 1070 ἐπὶ
332 1020 419 1070 τὸν
459 1021 581 1086 ἑῷον
624 1021 848 1072 ὠκεανὸν
888 1024 917 1085 ἡ
968 1022 1105 1090 ἀρχή
1157 1023 1489 1091 διεξέρχεται,
1530 1027 1615 1076 καὶ

201 2116 416 2184 εὐτυχίᾳ
441 2117 527 2166 καὶ
554 2118 841 2185 ταχυεργίᾳ
881 2119 1241 2185 διαλάμψασα
1278 2122 1308 2182 ἡ
1346 2121 1501 2186 ἀρχή,
1529 2122 1613 2170 καὶ

200 2252 291 2316 τὴν
316 2254 632 2320 βραχύτητα
671 2259 760 2304 τοῦ
797 2254 987 2321 χρόνου
1025 2256 1331 2321 προσέοικεν
1368 2257 1613 2322 ἀστραπῇ

201 2184 382 2248 ὀλίγου
409 2185 513 2235 δεῖν
539 2187 589 2239 ἐς
615 2185 827 2250 ἄπειρον
853 2187 940 2237 καὶ
974 2186 1230 2251 ἀμίμητον
1254 2187 1498 2245 ἐλθοῦσα,
1532 2188 1613 2238 διὰ

438 125 764 212 APPIAN'S
783 135 1038 203 ROMAN
1058 129 1383 206 HISTORY
