1747 2693
204 280 342 342 ἐμοῖς
388 279 679 339 βασιλεῦσι
725 273 900 340 μόνοις
946 276 1008 339 ἦν
1056 276 1283 342 στρατιά
1337 296 1394 327 τε
1448 280 1614 339 πεζῶν

203 347 441 411 μυριάδες
490 347 653 395 εἴκοσι
702 345 790 394 καὶ
824 343 1065 409 μυριάδες
1104 343 1306 395 ἱππέων
1347 343 1615 409 τέσσαρες,

206 416 290 465 καὶ
318 415 595 481 ἐλέφαντες
620 413 940 477 πολεμισταὶ
965 411 1271 479 τριακόσιοι
1299 412 1385 462 καὶ
1410 413 1616 478 ἅρματα

204 485 252 537 ἐς
276 483 454 550 μάχας
482 481 738 548 δισχίλια,
767 481 852 531 καὶ
878 481 1021 531 ὅπλα
1046 483 1095 534 ἐς
1130 479 1377 548 διαδοχὴν
1400 482 1617 546 μυριάσι

205 621 252 674 ἐς
303 619 356 669 δὲ
403 617 695 685 ναυμαχίας
734 618 982 674 κοντωτά,
1025 617 1112 667 καὶ
1153 617 1255 667 ὅσα
1304 615 1617 684 σμικρότερα

204 756 484 823 πεντήρους
530 753 873 805 πεντακόσιαι
932 754 1019 804 καὶ
1078 753 1265 821 χίλιαι,
1314 754 1401 804 καὶ
1460 753 1617 815 σκεύη

205 891 481 959 σόπρυμνα
523 891 611 942 καὶ
647 890 996 958 χρυσέμβολα
1036 893 1085 945 ἐς
1118 891 1351 956 πολέμου
1387 890 1615 955 πομπήν,

204 962 277 1015 οἷς
324 960 472 1010 αὐτοὶ
521 959 855 1013 διαπλέοντες
912 959 1189 1020 ἐπέβαινον
1249 960 1297 1008 οἱ
1354 961 1615 1020 βασιλεῖς,

205 1027 508 1086 ὀκτακόσια,
554 1027 838 1095 χρημάτων
878 1027 920 1077 δ᾽
965 1029 1017 1077 ἐν
1051 1032 1159 1081 τοῖς
1197 1028 1477 1093 θησαυροῖς
1502 1027 1615 1078 τέσ-

205 1166 340 1216 τίων.
415 1167 463 1220 ἐς
511 1165 611 1231 γὰρ
661 1164 721 1227 δὴ
771 1168 991 1215 τοσοῦτο
1041 1170 1379 1231 παρασκευῆς
1428 1186 1483 1215 τε
1531 1165 1612 1215 καὶ

205 1238 455 1299 στρατιᾶς
480 1235 535 1284 ἐκ
562 1238 663 1284 τῶν
685 1236 986 1294 βασιλικῶν
1025 1234 1340 1300 ἀναγραφῶν
1380 1236 1613 1299 φαίνεται

203 1393 295 1421 του
333 1372 590 1433 βασιλεὺς
632 1370 742 1435 μετ᾽
779 1370 1138 1438 Ἀλέξανδρον,
1184 1370 1236 1425 ὃς
1277 1371 1363 1420 καὶ
1401 1370 1619 1437 πορίσαι

204 1530 358 1563 τατος
384 1508 471 1558 καὶ
499 1508 895 1558 κατασκευάσαι
925 1506 1426 1574 μεγαλουργότατος.
1501 1506 1617 1574 φαί-

204 1598 343 1627 νεται
383 1576 436 1627 δὲ
475 1576 562 1626 καὶ
601 1576 782 1626 πολλὰ
825 1580 927 1626 τῶν
966 1575 1146 1626 ἄλλων
1182 1579 1519 1642 σατραπειῶν
1561 1576 1619 1626 οὐ

202 1644 343 1695 πολὺ
379 1646 577 1695 τούτων
615 1643 921 1695 ἀποδέοντα.
1008 1643 1153 1694 ἀλλὰ
1191 1645 1365 1695 πάντα
1406 1646 1493 1695 ἐπὶ
1519 1648 1618 1695 τῶν

201 1712 451 1778 ἐπιγόνων
504 1715 676 1763 αὐτῶν
733 1712 1063 1780 συνετρίφθη,
1115 1713 1522 1763 στασιασάντων
1571 1714 1619 1769 ἐς

201 1781 486 1845 ἀλλήλους·
514 1781 553 1848 ᾧ
574 1781 635 1845 δὴ
660 1780 797 1847 μόνῳ
823 1782 985 1848 ἀρχαὶ
1007 1782 1235 1845 μεγάλαι
1251 1783 1617 1833 καταλύονται.

274 1857 351 1900 11.
404 1850 482 1899 Τὰ
519 1850 573 1900 δὲ
620 1848 888 1912 ῾Ρωμαίων
925 1849 1130 1914 μεγέθει
1202 1871 1256 1900 τε
1293 1850 1380 1901 καὶ
1447 1850 1618 1918 χρόνῳ

202 1918 431 1982 διήνεγκε
480 1919 542 1969 δι᾽
580 1918 863 1979 εὐβουλίαν
898 1919 985 1969 καὶ
1034 1917 1313 1985 εὐτυχίαν1
1350 1918 1399 1972 ἔς
1436 1940 1491 1969 τε
1526 1919 1618 1981 τὴν

201 2056 430 2125 αιπωρίᾳ
466 2055 668 2110 πάντας
706 2057 982 2122 ὑπερῆραν,
1011 2057 1128 2105 οὔτε
1165 2059 1276 2109 ταῖς
1315 2057 1618 2120 εὐπραγίαις

201 2124 526 2191 ἐπαιρόμενοι
598 2124 753 2191 μέχρι
822 2126 1058 2185 βεβαίως
1123 2125 1434 2186 ἐκράτησαν,
1498 2125 1614 2175 οὔτε

198 2261 439 2326 μυριάδες
477 2262 673 2326 ἀνδρῶν
720 2263 881 2311 ἐνίοτε
917 2265 1036 2322 μιᾶς
1074 2261 1280 2328 ἡμέρας,
1321 2260 1408 2311 καὶ
1445 2261 1617 2327 ἑτέρας

248 2376 262 2399 1
291 2376 344 2414 So
371 2376 503 2415 Schw.
549 2378 613 2414 for
650 2376 768 2416 MSS.
814 2378 968 2425 μεγέθει
1005 2393 1049 2415 τε
1087 2379 1147 2415 καὶ
1177 2378 1338 2427 εὐτυχίᾳ
1367 2378 1543 2426 διήνεγκε
1572 2379 1615 2415 δι᾽

198 2428 402 2470 εὐβουλίαν
421 2430 480 2466 καὶ
502 2429 655 2477 χρόνον.

205 2504 257 2545 16

205 687 361 744 ἄλλα,
404 686 661 752 δισχίλια,
689 685 909 752 τριήρεις
947 685 999 735 δὲ
1039 685 1143 736 ἀπὸ
1185 685 1423 749 ἡμιολίας
1463 686 1617 752 μέχρι

206 823 501 891 τριηρετικὰ
527 822 810 887 διπλότερα
849 821 1058 879 τούτων,
1098 823 1384 887 θαλαμηγά
1415 843 1470 873 τε
1493 843 1616 889 χρυ-

205 1119 359 1164 σαρες
385 1097 471 1147 καὶ
497 1097 854 1161 ἑβδομήκοντα
872 1096 1110 1162 μυριάδες
1127 1097 1400 1146 ταλάντων
1418 1096 1613 1160 Αἰγυπ-

204 1303 519 1369 προαγαγών
550 1323 605 1352 τε
638 1302 725 1352 καὶ
762 1301 1071 1352 καταλιπών
1101 1300 1126 1352 ὁ
1165 1302 1394 1365 δεύτερος
1419 1301 1618 1366 Αίγύπ-

204 1438 493 1494 δεινότατος
520 1441 581 1503 ἦν
613 1437 885 1501 βασιλέων
917 1439 1005 1489 καὶ
1044 1438 1347 1503 δαπανῆσαι
1381 1438 1618 1503 λαμπρό-

201 1987 507 2050 περίκτησιν
544 1989 713 2038 αὐτῶν
750 1988 905 2053 ἀρετῇ
931 1987 1018 2037 καὶ
1052 1986 1335 2056 φερεπονίᾳ
1371 1987 1458 2037 καὶ
1495 1995 1617 2037 ταλ-

200 2192 614 2258 συστελλόμενοι
664 2197 778 2247 ταῖς
827 2197 1137 2260 συμφοραῖς·
1202 2192 1271 2242 ὧν
1306 2214 1366 2257 γε
1402 2192 1489 2242 καὶ
1528 2192 1615 2243 δύο

205 553 497 615 τριάκοντα.
547 551 635 599 καὶ
661 549 782 599 τάδε
806 548 898 613 μὲν
922 550 1098 603 αὐτοῖς
1122 549 1185 611 ἦν
1210 551 1258 603 ἐς
1277 549 1614 615 πεζομαχίαν,

441 138 761 216 APPIAN'S
783 141 1035 206 ROMAN
1064 141 1370 209 HISTORY
