1747 2693
451 129 777 209 APPIAN'S
800 141 1067 209 ROMAN
1093 141 1396 212 HISTORY

233 277 501 343 τέσσαρες,
554 277 886 335 ἀπώλλυντο,
936 278 1023 328 καὶ
1083 278 1250 341 ἄλλης
1297 279 1464 330 πέντε.
1561 281 1648 331 καὶ

232 353 347 418 περὶ
375 358 463 415 τῆς
490 352 693 406 πόλεως
726 354 882 415 αὐτῆς
909 354 1170 407 πολλάκις
1207 354 1534 413 ἐκινδύνευον,
1561 356 1648 406 καὶ

230 426 376 491 λιμοί
412 449 467 477 τε
503 428 591 477 καὶ
627 429 802 492 λοιμοὶ
840 432 1077 495 συνεχεῖς
1115 429 1203 479 καὶ
1252 431 1481 488 στάσεις,
1524 431 1648 495 ὁμοῦ

231 503 404 552 πάντα
454 504 822 560 ἐπιπίπτοντα,
861 505 953 553 οὐκ
996 503 1266 566 ἀπέστησε
1313 510 1402 568 τῆς
1444 511 1645 572 φιλοτι-

230 577 365 641 μίας,
393 579 483 631 ἕως
511 579 845 633 ἑπτακοσίοις
871 579 1010 629 ἔτεσι
1037 579 1455 634 κακοπαθοῦντές
1483 603 1536 631 τε
1563 584 1646 633 καὶ

231 652 602 707 κινδυνεύοντες
651 654 983 720 ἀγχωμάλως
1044 653 1136 717 τὴν
1196 655 1366 721 ἀρχὴν
1425 657 1474 711 ἐς
1533 657 1649 708 τόδε

234 728 531 794 προήγαγον
580 727 667 778 καὶ
715 733 806 791 τῆς
863 728 1106 796 εὐτυχίας
1156 730 1350 780 ὤναντο
1413 730 1495 781 διὰ
1557 733 1649 797 τὴν

229 805 529 863 εὐβουλίαν.

303 885 380 929 12.
421 880 526 929 Καὶ
564 879 685 930 τάδε
722 879 917 930 πολλοὶ
942 880 1032 945 μὲν
1059 880 1328 944 Ἑλλήνων
1365 883 1561 934 πολλοὶ
1597 884 1649 934 δὲ

228 955 497 1016 Ῥωμαίων
536 954 894 1020 συνέγραψαν,
944 955 1031 1005 καὶ
1068 955 1212 1005 ἔστιν
1248 957 1278 1018 ἡ
1317 955 1521 1023 ἱστορία
1559 964 1648 1021 τῆς

231 1023 607 1084 Μακεδονικῆς,
645 1022 894 1087 μεγίστης
934 1023 993 1085 δὴ
1031 1026 1131 1073 τῶν
1168 1024 1430 1089 προτέρων
1478 1026 1635 1089 οὔσης

230 1091 369 1141 πολὺ
416 1091 616 1156 μείζων.
690 1091 813 1141 ἀλλ'
863 1092 1248 1159 ἐντυγχάνοντά
1293 1114 1372 1157 με,
1422 1094 1509 1145 καὶ
1557 1095 1649 1158 τὴν

230 1159 415 1227 ἀρετὴν
464 1161 633 1210 αὐτῶν
681 1162 861 1222 ἐντελῆ
912 1161 1029 1210 καθ'
1072 1161 1295 1210 ἕκαστον
1337 1162 1478 1217 ἔθνος
1524 1163 1649 1215 ἰδεῖν

231 1228 493 1284 ἐθέλοντα,
556 1227 813 1294 ἀπέφερεν
872 1230 901 1290 ἡ
974 1229 1149 1295 γραφὴ
1208 1231 1471 1285 πολλάκις
1543 1233 1648 1283 ἀπὸ

232 1295 570 1364 Καρχηδόνος
620 1298 707 1347 ἐπὶ
772 1297 993 1365 Ἴβηρας
1041 1298 1128 1347 καὶ
1190 1300 1246 1362 ἐξ
1303 1298 1525 1364 Ἰβήρων
1563 1302 1649 1351 ἐπὶ

230 1364 475 1418 Σικελίαν
501 1365 532 1428 ἢ
566 1364 894 1416 Μακεδονίαν
931 1367 961 1429 ἢ
1000 1366 1086 1416 ἐπὶ
1123 1368 1411 1433 πρεσβείας
1449 1369 1480 1430 ἢ
1517 1392 1645 1434 συμ-

229 1433 425 1501 μαχίας
475 1436 523 1487 ἐς
572 1434 716 1484 ἄλλα
766 1434 885 1497 ἔθνη
934 1434 1223 1499 γενομένας,
1273 1435 1364 1486 εἶτ'
1412 1438 1557 1492 αὖθις
1600 1440 1648 1492 ἐς

232 1501 548 1571 Καρχηδόνα
585 1504 770 1567 ἀνῆγεν
801 1503 832 1566 ἢ
872 1502 1117 1554 Σικελίαν
1154 1503 1331 1569 ὥσπερ
1368 1505 1646 1570 ἀλώμενον,

230 1572 315 1621 καὶ
344 1571 508 1621 πάλιν
532 1573 588 1622 ἐκ
614 1572 810 1622 τούτων
834 1572 1033 1621 ἀτελῶν
1060 1572 1135 1622 ἔτι
1161 1573 1322 1622 ὄντων
1355 1574 1646 1642 μετέφερεν,

231 1640 322 1695 ἕως
371 1640 429 1690 οὗ
478 1639 543 1690 τὰ
589 1639 716 1705 μέρη
765 1641 1062 1705 συνήγαγον
1111 1642 1330 1708 ἐμαυτῷ,
1372 1641 1553 1697 ὁσάκις
1600 1645 1648 1698 ἐς

230 1708 479 1761 Σικελίαν
528 1708 884 1773 ἐστράτευσαν
932 1709 962 1772 ἢ
1002 1708 1371 1775 ἐπρέσβευσαν
1407 1711 1437 1773 ἢ
1478 1709 1649 1762 ὁτιοῦν

230 1777 462 1843 ἔπραξαν
500 1779 548 1831 ἐς
585 1776 843 1834 Σικελίαν,
870 1777 1026 1844 μέχρι
1064 1778 1460 1841 κατεστήσαντο
1487 1780 1648 1843 αὐτὴν

230 1846 279 1900 ἐς
299 1845 386 1895 τὸν
412 1844 609 1911 κόσμον
635 1845 723 1895 τὸν
748 1844 1001 1912 παρόντα,
1030 1845 1212 1900 ὁσάκις
1247 1868 1302 1897 τε
1339 1848 1403 1897 αὖ
1430 1851 1643 1916 Kαρχη-

231 1913 413 1968 δονίοις
440 1914 775 1979 ἐπολέμησαν
800 1914 831 1977 ἢ
857 1912 1188 1972 ἐσπείσαντο,
1214 1915 1246 1978 ἢ
1283 1917 1648 1981 ἐπρέσβευσαν

230 1984 278 2037 ἐς
316 1983 501 2037 αὐτοὺς
537 1983 568 2046 ἢ
607 1982 892 2050 πρεσβείας
931 1982 1167 2048 ἐδέξαντο
1190 1984 1331 2043 παρ'
1367 1983 1580 2042 ἐκείνων,
1614 1987 1644 2049 ἢ

230 2051 456 2119 ἔδρασαν
482 2050 652 2102 ὁτιοῦν
675 2052 707 2114 ἢ
733 2052 927 2102 ἔπαθον
953 2051 1081 2114 πρὸς
1105 2052 1289 2109 αὐτῶν,
1318 2053 1407 2106 ἕως
1436 2056 1645 2120 Kαρχη-

232 2119 354 2170 δονα
381 2119 737 2185 κατέσκαψαν
763 2121 851 2170 καὶ
878 2119 937 2170 τὸ
963 2120 1178 2181 Λιβύων
1206 2121 1346 2175 ἔθνος
1383 2122 1644 2186 προσέλα-

229 2192 342 2249 βον,
397 2188 484 2238 καὶ
531 2189 679 2242 αὖθις
720 2189 921 2255 ᾤκισαν
963 2188 1113 2238 αὐτοὶ
1175 2188 1506 2256 Καρχηδόνα,
1558 2191 1645 2241 καὶ

231 2257 435 2318 Λιβύην
460 2256 795 2319 κατέστησαν
820 2257 867 2311 ἐς
894 2256 958 2307 τὰ
985 2261 1071 2306 νῦν
1097 2258 1236 2307 ὄντα.
1307 2258 1394 2307 καὶ
1420 2257 1535 2308 τόδε
1559 2281 1645 2321 μοι

231 2326 347 2376 κατ'
385 2326 526 2379 ἔθνος
565 2325 788 2375 ἕκαστον
824 2326 1081 2393 ἐπράχθη,
1120 2325 1424 2392 βουλομένῳ
1476 2326 1541 2377 τὰ
1596 2329 1644 2382 ἐς

232 2395 482 2447 ἑκάστους
508 2394 633 2459 ἔργα
657 2393 925 2457 Ῥωμαίων
950 2395 1288 2459 καταμαθεῖν,
1319 2394 1398 2445 ἵνα
1427 2394 1518 2457 τὴν
1544 2398 1644 2445 τῶν

236 2487 290 2530 18
