1747 2693
500 112 822 183 APPIAN'S
845 116 1109 183 ROMAN
1129 112 1464 187 HISTORY

272 251 429 302 ἐθνῶν
483 250 757 301 ἀσθένειαν
816 251 846 313 ἢ
912 250 1223 317 φερεπονίαν
1284 251 1372 301 καὶ
1432 250 1526 313 τὴν
1589 254 1689 301 τῶν

272 324 496 376 ἑλόντων
554 324 742 392 ἀρετὴν
800 325 831 388 ἢ
883 324 1143 393 εὐτυχίαν,
1190 325 1222 389 ἢ
1273 327 1318 376 εἴ
1340 346 1390 375 τι
1437 326 1504 376 αὖ
1553 326 1689 376 ἄλλο

272 399 581 467 συγκύρημα
608 399 919 467 συνηνέχθη,
947 400 1317 464 καταμάθοιμι.

342 481 420 525 13.
461 473 700 539 Νομίσας
727 474 770 525 δ'
801 475 864 525 ἄν
889 497 1004 526 τινα
1040 475 1128 525 καὶ
1166 474 1332 525 ἄλλον
1358 476 1518 530 οὕτως
1545 476 1686 525 ἐθελ-

271 553 398 611 ἠσαι
432 550 616 612 μαθεῖν
655 547 720 598 τὰ
754 548 1038 614 Ῥωμαίων,
1072 550 1362 617 συγγράφω
1395 550 1527 601 κατ'
1552 551 1691 604 ἔθνος

272 624 507 674 ἕκαστον·
556 624 659 674 ὅσα
696 622 749 674 δὲ
797 625 850 674 ἐν
897 624 1042 690 μέσῳ
1091 624 1219 691 πρὸς
1268 625 1467 691 ἑτέρους
1515 626 1691 679 αὐτοῖς

272 698 486 762 ἐγένετο,
535 697 718 763 ἐξαίρω
770 699 856 749 καὶ
906 702 954 754 ἐς
1004 698 1069 749 τὰ
1118 698 1319 750 ἐκείνων
1366 700 1691 765 μετατίθημι.

273 773 389 828 τοὺς
429 772 478 823 δὲ
506 773 725 841 χρόνους
752 773 836 823 ἐπὶ
872 773 965 838 μὲν
1001 778 1138 824 πᾶσι
1174 774 1429 839 περισσὸν
1465 775 1693 839 ἡγούμην

272 848 595 913 καταλέγειν,
635 848 721 899 ἐπὶ
771 848 821 898 δὲ
872 852 973 899 τῶν
1022 850 1455 917 ἐπιφανεστάτων
1492 852 1546 900 ἐκ
1584 850 1690 900 δια-

273 923 537 988 στήματος
565 923 866 987 ὑπομνήσω.
941 923 1028 974 καὶ
1055 923 1119 974 τὰ
1157 923 1386 989 ὀνόματα
1422 922 1693 989 Ῥωμαίοις

276 999 443 1048 πάλαι
489 998 580 1063 μὲν
636 999 699 1060 ἦν
760 999 824 1055 ἕν,
888 1000 1068 1065 ὥσπερ
1128 999 1419 1064 ἀνθρώποις
1477 1000 1692 1057 ἅπασιν,

272 1073 493 1139 ἑκάστῳ,
513 1072 645 1137 μετὰ
662 1072 715 1123 δὲ
736 1072 966 1137 ἐγένοντο
994 1072 1098 1123 δύο·
1127 1074 1214 1124 καὶ
1240 1075 1299 1124 οὐ
1325 1073 1492 1129 πολὺς
1512 1075 1695 1143 χρόνος

275 1149 329 1213 ἐξ
362 1149 421 1198 οὗ
458 1149 545 1199 καὶ
583 1147 754 1213 τρίτον
790 1147 987 1215 ἤρξατό
1044 1170 1182 1199 τισιν
1226 1151 1274 1204 ἐς
1313 1148 1597 1214 ἐπίγνωσιν
1640 1151 1696 1200 ἐκ

273 1223 473 1278 πάθους
518 1223 547 1287 ἢ
599 1224 782 1290 ἀρετῆς
819 1222 1220 1290 προστίθεσθαι,
1273 1224 1411 1275 καθὰ
1459 1225 1547 1275 καὶ
1596 1228 1695 1275 τῶν

274 1298 546 1359 Ἑλλήνων
571 1298 710 1348 τισὶν
747 1298 834 1348 ἐπὶ
872 1298 935 1348 τὰ
962 1297 1190 1363 ὀνόματα
1216 1300 1352 1362 ἦσαν
1377 1299 1694 1363 ἐπικλήσεις.

274 1373 372 1439 ἐγὼ
400 1373 454 1423 δὲ
479 1374 594 1424 ἔστι
619 1373 711 1438 μὲν
729 1373 863 1423 ὅπου
883 1374 971 1423 καὶ
993 1374 1204 1424 πόντων
1224 1376 1592 1440 ἐπιμνήσομαι,
1610 1375 1697 1425 καὶ

272 1450 511 1512 μάλιστα
562 1449 648 1499 ἐπὶ
697 1452 798 1499 τῶν
847 1449 1127 1515 ἐπιφανῶν,
1180 1452 1227 1505 ἐς
1277 1450 1543 1517 γνώρισμα
1596 1454 1697 1500 τῶν

275 1523 487 1591 ἀνδρῶν·
517 1524 583 1575 τὰ
604 1523 657 1574 δὲ
681 1524 865 1575 πολλὰ
884 1525 974 1574 καὶ
995 1525 1207 1579 τούτους
1233 1525 1321 1575 καὶ
1347 1525 1465 1580 τοὺς
1484 1526 1695 1582 ἄλλους,

275 1599 307 1648 ἃ
334 1602 632 1665 κυριώτατα
660 1601 925 1663 ἡγοῦνται,
952 1599 1381 1667 προσαγορεύσω.

348 1681 425 1724 14.
466 1677 633 1742 Τριῶν
694 1674 746 1724 δὲ
793 1674 1007 1736 βίβλων
1068 1675 1239 1725 οὐσῶν
1288 1675 1343 1725 αἳ
1393 1674 1458 1726 τὰ
1508 1677 1557 1731 ἐς
1606 1675 1696 1739 τὴν

275 1748 510 1800 Ἰταλίαν
549 1751 673 1800 ὄντα
713 1750 889 1805 αὐτοῖς
928 1749 1113 1801 πολλὰ
1156 1750 1497 1816 πεπραγμένα
1539 1752 1694 1801 συνά-

277 1846 448 1889 γουσι,
500 1824 591 1880 τὰς
640 1825 731 1890 μὲν
781 1829 914 1893 τρεῖς
963 1825 1183 1891 ἡγητέον
1225 1825 1351 1876 εἶναι
1401 1826 1697 1891 Ῥωμαϊκῶν

295 1901 561 1958 Ἰταλικάς,
603 1900 687 1951 διὰ
737 1901 789 1951 δὲ
826 1901 1029 1964 πλῆθος
1068 1902 1217 1967 ἔργον
1255 1901 1537 1968 διῄρηνται.
1611 1902 1696 1951 καὶ

277 1976 525 2038 δηλοῦσιν
562 1977 591 2037 ἡ
630 1976 723 2040 μὲν
769 1976 952 2042 πρώτη
1003 1975 1069 2026 τὰ
1110 1979 1210 2026 τῶν
1248 1975 1521 2038 βασιλέων
1564 1976 1697 2027 ἑπτὰ

276 2050 557 2115 γενομένων
607 2051 748 2117 ἔργα,
795 2053 977 2118 ἐφεξῆς
1019 2051 1229 2101 ἅπαντα
1270 2050 1347 2117 ἐφ'
1376 2052 1585 2108 ἑαυτῶν,
1633 2052 1697 2106 ὡς

278 2125 505 2190 ἐγένετο·
559 2127 646 2176 καὶ
694 2126 860 2188 αὐτὴν
904 2127 1175 2193 ἐπιγράφω
1220 2124 1521 2190 Ῥωμαϊκῶν
1557 2128 1695 2187 βασ-

278 2201 466 2263 ιλικήν.
540 2203 571 2265 ἡ
623 2200 662 2251 δ'
702 2202 816 2266 ἑξῆς
867 2200 932 2252 τὰ
980 2203 1029 2256 ἐς
1078 2201 1170 2264 τὴν
1227 2201 1400 2263 ἄλλην
1447 2199 1696 2258 Ἰταλίαν,

277 2274 438 2343 χωρίς
464 2297 523 2339 γε
551 2281 639 2340 τῆς
677 2276 821 2342 παρὰ
861 2276 949 2326 τὸν
986 2276 1186 2326 κόλπον
1225 2275 1312 2326 τὸν
1337 2274 1532 2326 Ἰόνιον·
1572 2277 1621 2330 ἐς
1647 2275 1700 2326 δὲ

248 2344 583 2429 σύγ‘ρισιν
617 2356 707 2415 τῆς
768 2350 1023 2417 προτέρας
1083 2351 1173 2414 ἥδε
1222 2350 1434 2411 λέγεται
1494 2353 1524 2415 ἡ
1585 2351 1699 2417 ἑξῆς

282 2463 339 2492 20
