1747 2693
496 151 822 229 APPIAN'S
841 151 1093 235 ROMAN
1122 158 1425 232 HISTORY

254 291 551 356 Ῥωμαϊκῶν
577 291 827 354 Ἰταλική.
905 300 1185 358 τελευταίῳ
1223 293 1275 343 δὲ
1313 293 1459 350 ἔθνει,
1491 291 1669 344 Σαυνι-

256 381 383 417 ταις,
411 360 460 409 οἳ
483 359 629 426 παρὰ
655 359 744 409 τὸν
768 359 947 409 Ἰόνιον
978 361 1218 427 ᾤκηνται,
1245 361 1456 427 μεγάλῳ
1495 383 1549 411 τε
1586 362 1672 413 καὶ

255 431 479 495 χαλεπῷ
519 427 835 491 ὀγδοήκοντα
873 429 1014 479 ἔτεσι
1051 430 1479 491 συνεπλάκησαν,
1518 430 1673 497 μέχρι

256 496 342 545 καὶ
364 495 565 552 τούσδε,
596 497 681 545 καὶ
709 497 810 546 ὅσα
838 495 1025 562 σφίσιν
1052 497 1200 561 ἐγγὺς
1228 498 1346 559 ἔθνη
1374 499 1671 567 συνεμάχει,

256 564 340 613 καὶ
366 563 638 626 Ἕλληνας
663 565 780 614 ὅσοι
820 565 920 614 ὑπὸ
960 564 1051 627 τὴν
1090 564 1320 615 Ἰταλίαν
1357 565 1503 623 εἰσίν,
1543 567 1669 629 ὑπη-

255 633 492 696 γάγοντο·
533 633 619 681 καὶ
646 633 791 682 ἔστιν
814 633 918 695 ἥδε,
947 637 1048 682 τῶν
1084 633 1347 700 προτέρων
1373 636 1420 687 ἐς
1459 635 1669 701 σύγκρι-

255 722 355 757 σιν,
383 701 680 764 Ῥωμαϊκῶν
706 697 1001 764 Σαυνιτική.
1078 701 1142 751 τὰ
1182 701 1233 751 δὲ
1269 703 1449 759 λοιπά,
1478 702 1673 753 τούτων

256 769 450 829 ἑκάστη
513 769 649 818 κατὰ
707 768 867 833 λόγον
926 770 1320 835 ἐπιγράφονται,
1374 770 1673 835 Ῥωμαϊκῶν

257 837 489 900 Κελτική
538 859 592 887 τε
628 838 717 887 καὶ
753 834 997 900 Σικελικὴ
1035 838 1122 888 καὶ
1157 837 1395 903 Ἰβηρικὴ
1434 840 1520 889 καὶ
1554 838 1668 889 Ἀν-

255 905 467 968 νιβαϊκὴ
505 905 594 955 καὶ
633 905 1038 973 Καρχηδονιακὴ
1089 907 1174 956 καὶ
1214 907 1547 971 Μακεδονικὴ
1585 908 1669 958 καὶ

256 975 437 1038 ἐφεξῆς
489 972 684 1038 ὁμοίως.
770 974 1017 1025 τέτακται
1068 974 1106 1023 δ'
1156 976 1328 1025 αὐτῶν
1376 976 1516 1037 ἄλλη
1563 975 1671 1040 μετ'

256 1042 426 1103 ἄλλην
452 1043 517 1095 ὡς
556 1042 761 1108 ἑκάστῳ
787 1042 1001 1109 πολέμῳ
1028 1042 1119 1105 τὴν
1155 1043 1323 1110 ἀρχὴν
1360 1043 1459 1109 πρὸ
1499 1044 1671 1111 ἑτέρου

254 1112 444 1171 λαβεῖν
469 1110 766 1167 συνέπεσεν,
794 1111 835 1160 εἰ
864 1111 949 1161 καὶ
987 1110 1043 1161 τὸ
1083 1111 1230 1165 τέλος
1268 1116 1338 1177 τῷ
1377 1113 1507 1162 ἔθνει
1542 1113 1671 1177 μετὰ

255 1177 436 1228 πολλὰ
476 1180 623 1245 ἕτερα
660 1179 947 1243 γεγένηται.
1020 1180 1122 1229 ὅσα
1162 1179 1202 1228 δ'
1240 1180 1389 1230 αὐτοὶ
1423 1180 1669 1244 Ῥωμαῖοι

256 1246 385 1313 πρὸς
429 1247 697 1310 ἀλλήλους
740 1249 1074 1298 ἐστασίασάν
1114 1270 1168 1298 τε
1207 1249 1293 1298 καὶ
1338 1248 1671 1314 ἐπολέμησαν

256 1315 499 1381 ἐμφύλια,
526 1315 865 1383 φοβερώτερα
892 1315 1049 1383 σφίσι
1077 1321 1241 1367 ταῦτα
1267 1318 1505 1381 μάλιστα
1530 1317 1668 1382 γενό-

254 1405 396 1445 μενα,
423 1385 471 1437 ἐς
508 1384 625 1438 τοὺς
663 1385 988 1450 στρατηγοὺς
1026 1388 1128 1435 τῶν
1153 1386 1393 1435 στάσεων
1419 1385 1670 1452 διῄρηται,

257 1451 321 1501 τὰ
345 1452 436 1516 μὲν
462 1453 510 1506 ἐς
536 1451 745 1514 Μάριόν
771 1474 825 1503 τε
850 1453 937 1503 καὶ
963 1449 1191 1511 Σύλλαν,
1214 1453 1279 1504 τὰ
1307 1453 1347 1503 δ'
1374 1455 1423 1508 ἐς
1450 1453 1667 1518 Πομπή-

257 1519 333 1569 ιόν
359 1542 413 1570 τε
439 1520 526 1570 καὶ
552 1519 816 1587 Καίσαρα,
845 1522 907 1571 τὰ
936 1521 978 1570 δ'
1016 1523 1064 1576 ἐς
1088 1521 1363 1572 Ἀντώνιόν
1391 1544 1445 1572 τε
1471 1523 1558 1573 καὶ
1584 1523 1671 1573 τὸν

257 1590 427 1654 ἕτερον
478 1588 741 1655 Καίσαρα,
794 1589 882 1640 τὸν
931 1586 1205 1651 Σεβαστὸν
1255 1590 1489 1653 ἐπίκλην,
1539 1591 1668 1659 πρὸς

255 1658 373 1710 τοὺς
401 1656 743 1724 ἀνδροφόνους
781 1663 871 1708 τοῦ
908 1658 1161 1726 προτέρου
1203 1658 1487 1726 Καίσαρος,
1527 1659 1592 1709 τὰ
1630 1658 1669 1709 δ'

256 1727 303 1780 ἐς
341 1725 625 1788 ἀλλήλους,
662 1729 833 1777 αὐτῶν
867 1726 1146 1777 Ἀντωνίου
1187 1749 1240 1777 τε
1277 1728 1363 1778 καὶ
1404 1727 1670 1794 Καίσαρος

256 1795 677 1845 στασιασάντων.
753 1796 791 1861 ᾧ
829 1795 927 1845 τινὶ
964 1794 1245 1862 τελευταίῳ
1283 1799 1384 1846 τῶν
1408 1796 1669 1862 ἐμφυλίων

256 1863 363 1912 ὄντι
390 1862 475 1912 καὶ
502 1865 770 1927 Αἴγυπτος
798 1863 899 1913 ὑπὸ
935 1863 1216 1929 Ῥωμαίους
1243 1865 1443 1929 ἐγένετο
1480 1864 1567 1915 καὶ
1604 1865 1670 1915 τὰ

253 1930 520 1995 Ῥωμαίων
545 1933 592 1986 ἐς
617 1931 906 1999 μοναρχίαν
931 1933 1223 1999 περιῆλθεν.

332 2005 405 2048 15.
443 1997 565 2049 Ὡδε
588 2000 680 2064 μὲν
712 2001 759 2055 ἐς
795 2000 1025 2061 βίβλους
1052 2002 1251 2051 ἕκαστα
1291 2004 1390 2051 τῶν
1427 2001 1598 2059 ἐθνῶν,
1637 2002 1669 2065 ἢ

257 2068 305 2121 ἐς
332 2068 657 2132 στρατηγοὺς
684 2069 746 2118 τὰ
774 2069 1017 2135 ἐμφύλια,
1047 2068 1305 2135 διῄρηται·
1345 2072 1374 2133 ἡ
1402 2069 1454 2119 δὲ
1493 2077 1665 2120 τελευ-

255 2135 375 2185 ταία
415 2136 503 2186 καὶ
542 2136 634 2199 τὴν
689 2137 944 2203 στρατιὰν
989 2138 1158 2187 αὐτῶν
1206 2139 1335 2200 ὅσην
1382 2138 1610 2204 ἔχουσιν,
1635 2139 1667 2202 ἢ

254 2203 516 2269 πρόσοδον
540 2206 602 2267 ἢν
627 2210 948 2270 καρποῦνται
985 2207 1100 2255 καθ'
1127 2207 1348 2256 ἕκαστον
1373 2207 1529 2263 ἔθνος,
1555 2207 1586 2270 ἢ
1625 2210 1671 2258 εἰ

255 2293 303 2321 τι
345 2273 868 2338 προσαναλίσκουσιν
908 2277 956 2329 ἐς
1002 2274 1092 2329 τὰς
1134 2274 1380 2330 ἐπινείους
1425 2276 1665 2341 φρουράς,

254 2341 355 2390 ὅσα
402 2363 456 2390 τε
501 2342 877 2409 τοιουτότροπα
924 2343 1082 2399 ἄλλα,
1128 2343 1385 2404 ἐπιδείξει.
1460 2342 1666 2410 ἁρμόζει

255 2407 306 2458 δὲ
333 2409 437 2459 ἀπὸ
464 2414 555 2460 τοῦ
579 2410 754 2473 γένους
792 2411 1053 2476 ἄρξασθαι
1080 2411 1168 2461 τὸν
1204 2412 1322 2477 περί
1360 2415 1448 2475 τῆς
1483 2412 1666 2478 ἀρετῆς

257 2514 310 2543 22
