1747 2693
483 158 793 235 APPIAN'S
816 161 1080 232 ROMAN
1096 151 1422 232 HISTORY

240 304 411 353 αὐτῶν
436 300 829 367 συγγράφοντα.
883 298 959 355 τίς
987 299 1038 350 δὲ
1061 299 1127 349 ὢν
1143 302 1309 349 ταῦτα
1327 299 1654 366 συνέγραψα,

241 379 436 431 πολλοὶ
460 378 553 442 μὲν
580 380 734 428 ἴσασι
767 378 855 428 καὶ
891 377 1046 431 αὐτὸς
1082 376 1367 444 προέφηνα,
1395 377 1654 443 σαφέστε-

239 480 328 524 ρον
377 456 417 507 δ'
471 457 646 513 εἰπεῖν,
695 454 990 510 Ἀππιανὸς
1048 453 1435 519 Ἀλεξανδρεύς,
1485 454 1535 510 ἐς
1594 456 1657 506 τὰ

241 539 422 601 πρῶτα
458 536 596 598 ἥκων
632 536 684 584 ἐν
720 539 783 601 τῇ
820 533 1049 600 πατρίδι,
1077 533 1165 584 καὶ
1202 533 1364 587 δίκαις
1401 533 1454 583 ἐν
1487 533 1657 599 Ῥώμᾐ

242 614 630 682 συναγορεύσας
656 613 743 664 ἐπὶ
769 616 870 663 τῶν
906 611 1194 674 βασιλέων,
1219 612 1375 679 μέχρι
1410 633 1473 677 με
1510 617 1658 679 σφῶν

243 691 599 760 ἐπιτροπεύειν
646 691 893 757 ἠξίωσαν.
970 691 1057 741 καὶ
1105 692 1152 741 εἴ
1198 712 1268 756 τῳ
1319 690 1524 754 σπουδὴ
1573 692 1659 742 καὶ

242 771 307 823 τὰ
363 771 527 821 λοιπὰ
586 770 784 835 μαθεῖν,
836 770 951 821 ἔστι
1002 790 1092 835 μοι
1148 769 1238 820 καὶ
1296 769 1415 833 περὶ
1475 769 1660 821 τούτου

243 848 539 917 συγγραφή.

235 2517 317 2570 24
