1747 2693
904 697 952 743 Α

564 863 659 911 ΕΚ
708 857 849 913 ΤΗΣ
900 856 1317 911 ΒΑΣΙΛΙΚΗΣ.

926 1008 947 1052 Ι

302 1120 345 1164 1..
377 1113 631 1180 Ἂρχεται
693 1116 783 1175 τῆς
832 1110 1067 1178 ἱστορίας
1127 1110 1232 1160 ἀπὸ
1293 1109 1497 1160 Αἰνείου
1557 1114 1646 1161 τοῦ

229 1182 240 1197 ,
245 1181 490 1249 Ἀγχίσου
531 1186 621 1231 τοῦ
661 1181 892 1236 Κάπυος,
920 1179 972 1234 ὃς
1010 1182 1061 1229 ἐν
1099 1184 1168 1245 τῷ
1205 1182 1415 1245 Τρωικῷ
1452 1180 1646 1243 ἤκμαζε

231 1251 457 1316 πολέμῳ,
484 1249 614 1314 μετὰ
653 1248 706 1299 δὲ
746 1248 839 1312 τὴν
881 1249 1082 1298 ἅλωσιν
1120 1253 1210 1311 τῆς
1251 1247 1436 1313 Τροίας
1473 1248 1644 1314 ἔφυγε,

229 1320 316 1369 καὶ
361 1318 493 1383 μετὰ
530 1317 735 1384 μακρὰν
773 1318 981 1379 πλάνην
1019 1316 1271 1366 κατέπλει
1311 1317 1359 1371 ἔς
1399 1337 1513 1366 τινα
1557 1321 1645 1378 τῆς

230 1387 463 1441 Ἰταλίας
487 1386 744 1449 αἰγιαλόν,
773 1385 1039 1451 Λώρεντον
1075 1384 1497 1449 ἐπικαλούμενον,
1525 1385 1645 1434 ἔνθα

230 1456 316 1506 καὶ
353 1454 710 1522 στρατόπεδον
748 1455 907 1504 αὐτοῦ
944 1453 1215 1510 δείκνυται,
1243 1454 1331 1503 καὶ
1357 1452 1449 1516 τὴν
1485 1453 1646 1516 ἀκτὴν

230 1525 321 1575 ἀπ᾽
358 1524 551 1574 ἐκείνου
587 1522 775 1587 Τροίαν
821 1527 1091 1573 καλοῦσιν.
1163 1523 1294 1589 ἦρχε
1336 1521 1453 1571 τότε
1490 1522 1645 1582 Ἀβο-

227 1592 435 1659 ριγίνων
461 1595 561 1643 τῶν
586 1591 705 1657 τῇδε
730 1592 951 1641 Ἰταλῶν
977 1593 1177 1644 Φαῦνος
1204 1589 1228 1640 ὁ
1254 1594 1345 1640 τοῦ
1363 1591 1572 1656 Ἄρεως,
1593 1590 1644 1644 ὃς

229 1662 317 1712 καὶ
391 1660 657 1725 ζεύγνυσιν
728 1658 904 1710 Αἰνείᾳ
978 1658 1071 1722 τὴν
1153 1659 1413 1725 θυγατέρα
1487 1660 1646 1708 αὑτοῦ

228 1729 523 1786 Λαουινίαν,
549 1729 637 1779 καὶ
672 1733 768 1792 γῆν
805 1713 1014 1777 δίδωσιν
1051 1729 1107 1777 ἐκ
1143 1726 1383 1793 περιόδου
1421 1726 1646 1777 σταδίων

230 1799 594 1865 τετρακοσίων.
702 1796 727 1847 ὁ
771 1796 826 1846 δὲ
866 1795 1024 1846 πόλιν
1066 1797 1240 1845 ἔκτισε
1276 1796 1364 1846 καὶ
1412 1795 1517 1845 ἀπὸ
1557 1801 1644 1859 τῆς

228 1866 469 1931 γυναικὸς
518 1865 793 1915 Λαουίνιον
841 1864 1166 1926 ἐπωνόμασε.
1239 1863 1393 1930 τρίτῳ
1443 1864 1496 1913 δὲ
1543 1864 1644 1914 ἔτει

229 1939 319 1985 τοῦ
345 1934 554 1985 Φαύνου
579 1934 989 1997 τελευτήσαντος
1016 1932 1282 1999 ἐκδέχεται
1308 1932 1399 1996 τὴν
1426 1931 1595 1999 ἀρχὴν
1619 1932 1642 1982 ὁ

229 2002 434 2058 Αἰνείας
459 2001 594 2053 κατὰ
621 2002 679 2053 τὸ
706 2002 874 2066 κῆδος,
902 2002 989 2051 καὶ
1026 2000 1143 2055 τοὺς
1170 2001 1503 2066 Ἀβοριγίνας
1540 2001 1643 2051 ἀπὸ

230 2076 321 2122 τοῦ
369 2071 623 2134 κηδεστοῦ
673 2070 900 2121 Λατίνου
950 2070 1160 2120 Φαύνου
1219 2068 1473 2123 Λατίνους
1522 2070 1644 2119 ἐπω-

230 2140 438 2205 νόμασε.
512 2139 667 2205 τρίτῳ
706 2139 758 2189 δὲ
797 2139 899 2189 ἔτει
936 2139 1101 2188 πάλιν
1138 2137 1222 2187 διὰ
1247 2136 1527 2187 Λαουινίαν
1552 2137 1644 2200 τὴν

227 2212 449 2274 γυναῖκα
488 2208 587 2258 ὑπὸ
614 2207 937 2257 Ῥουτούλων
973 2211 1073 2256 τῶν
1106 2209 1391 2273 Τυρρηνῶν,
1418 2227 1641 2272 προμνη-

229 2278 538 2327 στευθεῖσαν
557 2277 728 2326 αὐτῶν
753 2279 823 2342 τῷ
848 2277 1085 2337 βασιλεῖ,
1104 2276 1385 2339 ἀναιρεῖται
1410 2275 1644 2336 πολέμου

228 2345 363 2411 νόμῳ
434 2344 459 2395 ὁ
531 2344 752 2402 Αἰνείας,
824 2344 911 2394 καὶ
982 2343 1075 2407 τὴν
1146 2342 1315 2409 ἀρχὴν
1384 2342 1643 2407 διεδέξατο

228 2413 517 2480 Εὐρυλέων,
545 2414 821 2466 Ἀσκάνιος
857 2411 1276 2477 μετονομασθείς,
1314 2411 1365 2464 ὃς
1402 2411 1641 2475 ἐγεννήθη

231 2505 287 2549 28
