1747 2693
319 151 635 216 APPIAN'S
654 154 916 212 ROMAN
945 151 1274 219 HISTORY,
1283 158 1493 212 BOOK
1512 151 1554 216 I

222 288 292 351 τῷ
523 287 581 334 ἐκ
320 283 877 356 Αἰνείᾳ ἐκ Κρεούσης
904 289 991 348 τῆς
1019 285 1276 350 Πριάμου,
1305 289 1394 348 τῆς
1419 285 1473 334 ἐν
1497 282 1638 350 Ἰλίῳ

222 354 491 418 γενομένης
517 356 657 419 αὐτῷ
683 352 940 418 γυναικός.
1013 352 1063 402 οἱ
1088 353 1140 402 δὲ
1165 355 1222 402 ἐκ
1248 357 1337 416 τῆς
1363 353 1639 407 Λαουινίας

222 424 501 472 Ἀσκάνιον
547 424 687 488 αὐτῷ
726 420 1030 486 γεννηθῆναί
1073 426 1223 487 φασι,
1267 422 1355 472 τὸν
1398 421 1640 488 διάδοχον

222 497 311 555 τῆς
337 492 517 558 ἀρχῆς.

293 566 337 609 2.
375 558 659 609 Ἀσκανίου
707 557 760 608 δὲ
810 558 1221 622 τελευτήσαντος
1262 558 1362 609 ἔτει
1411 557 1638 624 τετάρτῳ

221 628 352 693 μετὰ
394 627 486 691 τὴν
520 629 730 690 Ἄλβης
771 628 961 677 οἴκισιν
998 627 1108 692 (καὶ
1143 626 1244 691 γὰρ
1282 627 1430 681 οὗτος
1465 626 1640 676 ἔκτισε

223 696 396 753 πόλιν,
419 697 634 758 Ἄλβην
675 697 922 751 καλέσας,
962 695 1049 745 καὶ
1087 694 1193 745 ἀπὸ
1231 693 1510 745 Λαουινίου
1552 694 1640 745 τὸν

228 765 355 815 λαὸν
393 764 701 832 μετῴκισεν)
738 763 1005 831 ἐκδέχεται
1043 762 1135 827 τὴν
1173 763 1342 830 ἀρχὴν
1386 761 1638 816 Σίλουιος.

229 834 309 883 καὶ
365 833 609 886 Σιλουίου
666 832 831 883 παῖδα
891 832 1099 882 Αἰνείαν
1159 830 1399 884 Σίλουιόν
1458 836 1638 897 φασιν,

227 899 427 951 Αἰνείου
474 901 527 951 δὲ
577 905 803 951 Λατῖνον
851 896 1106 956 Σίλουιον,
1167 904 1258 950 τοῦ
1318 899 1371 950 δὲ
1432 900 1637 956 Κάπυν,

224 970 442 1025 Κάπυος
513 969 565 1020 δὲ
639 971 884 1019 Κάπετον
944 968 1204 1032 γενέσθαι,
1268 968 1514 1019 Καπέτου
1585 968 1640 1018 δὲ

222 1040 507 1105 Τιβερῖνον,
551 1042 643 1088 τοῦ
692 1038 745 1088 δὲ
786 1036 1106 1103 Ἀγρίππαν,
1139 1040 1231 1087 τοῦ
1268 1036 1319 1086 δὲ
1354 1035 1637 1102 Ῥωμύλον.

223 1107 311 1157 καὶ
352 1105 497 1157 τόνδε
534 1107 628 1171 μὲν
669 1106 936 1168 βληθῆναι
975 1109 1218 1171 κεραυνῷ˙
1292 1105 1351 1155 οὗ
1398 1105 1640 1169 γενέσθαι

223 1174 390 1226 παῖδα
415 1166 779 1241 Ἀουεντῖνον,
801 1173 1123 1224 Ἀουεντίνου
1160 1173 1212 1223 δὲ
1249 1172 1461 1239 Πρόκαν
1503 1173 1639 1237 γενέ-

223 1245 365 1294 σθαι.
441 1244 529 1294 καὶ
565 1247 702 1293 πᾶσι
727 1243 781 1293 δὲ
807 1242 895 1293 τὸν
920 1242 1161 1295 Σίλουιον
1198 1242 1465 1303 ἐπώνυμον
1492 1241 1637 1292 εἶναι.

221 1316 292 1378 τῷ
319 1312 372 1362 δὲ
398 1311 583 1382 Πρόκᾳ
608 1310 696 1362 δύο
723 1310 997 1375 ἐγενέσθην
1024 1309 1137 1367 υἱοί,
1163 1309 1521 1378 πρεσβύτερος
1549 1310 1640 1375 μὲν

222 1380 484 1446 Νεμέτωρ,
528 1380 769 1447 νεώτερος
818 1380 870 1430 δὲ
919 1380 1213 1442 Ἀμούλιος.
1285 1378 1546 1441 λαβόντος
1586 1378 1640 1430 δὲ

222 1454 313 1500 τοῦ
341 1448 706 1515 πρεσβυτέρου
744 1447 891 1514 παρὰ
934 1452 1025 1498 τοῦ
1061 1447 1259 1514 πατρὸς
1297 1450 1640 1502 τελευτῶντος

221 1516 315 1581 τὴν
357 1517 541 1584 ἀρχήν,
586 1516 611 1567 ὁ
652 1517 893 1583 νεώτερος
932 1518 1082 1582 ὕβρει
1126 1517 1212 1567 καὶ
1247 1514 1345 1586 βίᾳ
1380 1515 1640 1584 κατέσχεν

221 1585 555 1653 ἀφελόμενος.
642 1586 729 1636 καὶ
777 1585 866 1636 τὸν
913 1585 1006 1649 μὲν
1052 1585 1221 1635 παῖδα
1270 1588 1363 1635 τοῦ
1410 1585 1639 1651 ἀδελφοῦ

215 1653 471 1719 Ἔγεστον
497 1653 697 1711 κτείνει,
725 1652 818 1717 τὴν
856 1653 1115 1719 θυγατέρα
1143 1653 1197 1703 δὲ
1219 1652 1369 1703 Ῥέαν
1392 1651 1640 1707 Σιλουίαν

220 1722 423 1789 ἱέρειαν,
451 1723 533 1773 ἵνα
560 1723 719 1778 ἄπαις
743 1721 993 1789 διαμείνῃ,
1017 1721 1319 1783 καθίστησι˙
1357 1721 1446 1772 τὸν
1464 1721 1637 1784 μέντοι

221 1791 489 1857 Νεμέτορα
515 1797 605 1855 τῆς
631 1792 700 1846 εἰς
727 1790 784 1841 τὸ
811 1795 963 1855 σῶμα
1000 1791 1289 1853 ἐπιβουλῆς
1313 1792 1344 1854 ἡ
1370 1792 1471 1841 τῶν
1500 1790 1638 1854 ἠθῶν

220 1861 386 1925 ἐξεῖλε
427 1859 659 1927 πραότης
697 1860 785 1910 καὶ
827 1862 857 1919 ἡ
901 1859 1079 1922 πολλὴ
1117 1857 1382 1910 ἐπιείκεια.
1457 1858 1580 1908 ἀλλ᾽
1605 1860 1636 1921 ἡ

219 1927 436 1981 Σιλουία
485 1929 601 1979 ἔκυε
648 1927 794 1995 παρὰ
842 1927 929 1978 τὸν
978 1927 1147 1992 νόμον.
1249 1928 1336 1977 καὶ
1396 1926 1488 1990 τὴν
1545 1926 1638 1991 μὲν

220 1996 496 2061 Ἀμούλιος
558 1997 643 2047 ἐπὶ
704 1997 924 2047 κολάσει
986 1995 1370 2060 συνελάμβανε,
1431 1994 1519 2046 δύο
1583 1996 1636 2045 δὲ

218 2065 385 2116 παῖδα
390 2088 412 2120 ς
450 2068 506 2116 ἐκ
542 2066 701 2129 τῆσδε
737 2064 1037 2129 γενομένους
1073 2063 1316 2129 ποιμέσιν
1341 2063 1540 2120 ἔδωκεν,
1569 2063 1637 2119 εἰς

218 2133 307 2184 τὸν
326 2133 558 2197 πλησίον
582 2133 819 2198 ποταμὸν
843 2135 1097 2198 ἐμβαλεῖν
1121 2132 1186 2182 τὰ
1209 2131 1398 2199 βρέφη˙
1438 2132 1637 2199 Θύβρις

218 2204 279 2266 ἦν
315 2203 475 2266 ὄνομα
512 2207 582 2268 τῷ
619 2206 854 2268 ποταμῷ,
878 2201 1074 2266 Ῥῶμος
1100 2201 1153 2251 δὲ
1177 2201 1267 2251 καὶ
1291 2200 1553 2265 Ῥωμύλος
1589 2201 1638 2251 οἱ

217 2271 414 2328 παῖδες,
440 2272 497 2336 ἐξ
519 2270 724 2321 Αἰνείου
749 2271 988 2325 ἕλκοντες
1013 2268 1267 2334 μητρόθεν
1291 2269 1348 2319 τὸ
1373 2269 1533 2333 γένος˙
1577 2269 1635 2319 τὸ

215 2337 317 2402 γὰρ
353 2343 445 2389 τοῦ
480 2339 671 2405 φύντος
708 2338 917 2402 ἄδηλον.
990 2343 1129 2388 Phot.
1168 2342 1394 2387 Biblioth.
1428 2358 1471 2401 p.
1507 2343 1526 2386 1
1540 2343 1566 2386 6
1604 2342 1635 2386 b

219 2414 246 2455 4
273 2412 424 2458 Bekk.

218 2513 277 2556 30
