1747 2693
306 148 625 229 APPIAN'S
648 154 903 222 ROMAN
932 158 1258 222 HISTORY,
1283 158 1477 225 BOOK
1503 151 1551 222 I

898 327 945 370 II

278 429 342 478 Ὁ
383 428 476 493 μὲν
533 432 737 495 πρῶτος
794 430 946 494 τόμος
1005 434 1106 481 τῶν
1166 432 1300 483 ἑπτὰ
1346 433 1631 493 βασιλέων,

210 497 496 561 Ῥωμύλου,
538 501 724 559 Νουμᾶ
764 500 1087 563 Πομπιλίου,
1120 501 1318 564 Ἄγκου
1351 501 1630 550 Ὁστιλίου

213 566 299 616 καὶ
339 566 541 630 Ἄγκου
590 566 765 632 ἑτέρου
808 572 899 617 τοῦ
951 568 1036 617 καὶ
1086 568 1346 634 Μαρκίου,
1390 570 1632 634 ἐπιγόνου

212 637 412 699 Νουμᾶ,
438 634 738 698 Ταρκυνίου,
766 631 1008 700 Σερουίου
1034 637 1280 694 Τυλλίου,
1307 637 1395 687 καὶ
1432 640 1628 704 Ταρκυ-

213 701 322 753 νίου
365 702 586 753 Λευκίου
636 707 729 754 τοῦ
776 704 1078 770 Ταρκυνίου,
1122 704 1317 756 τούτων
1356 709 1457 756 τῶν
1497 706 1630 756 ἑπτὰ

213 772 338 837 ἔργα
387 793 443 821 τε
491 771 578 821 καὶ
626 773 840 838 πράξεις
888 772 1131 840 περιέχει.
1227 773 1295 823 ὧν
1344 773 1369 824 ὁ
1429 778 1630 839 πρῶτος

211 839 429 901 κτίστης
454 861 510 890 τε
532 839 731 903 Ῥώμης
758 841 846 890 καὶ
871 841 1104 905 οἰκιστὴς
1129 842 1364 906 γεγονώς,
1393 842 1549 908 ἄρξας
1577 864 1632 893 τε

212 912 475 974 πατρικῶς
505 913 711 972 μᾶλλον
752 910 783 972 ἢ
820 914 1148 975 τυραννικῶς,
1175 911 1309 973 ὅμως
1347 912 1573 978 ἐσφάγη,
1599 911 1631 973 ἢ

212 978 277 1032 ὡς
303 976 461 1026 ἄλλοι
500 976 679 1043 φασίν,
707 978 990 1043 ἠφανίσθη.
1067 978 1090 1027 ὁ
1130 979 1181 1029 δὲ
1220 979 1449 1045 δεύτερος
1487 979 1629 1030 οὐδὲν

212 1048 369 1107 ἧττον
415 1046 834 1107 βεβασιλευκώς,
885 1046 926 1097 εἰ
987 1046 1058 1111 μὴ
1118 1047 1205 1097 καὶ
1264 1052 1485 1112 μᾶλλον,
1544 1048 1631 1098 τὸν

212 1116 397 1165 ἑαυτοῦ
444 1114 565 1175 βίον
613 1114 919 1176 ἐτελεύτησε
970 1116 1251 1177 ζήσας . . .
1291 1115 1315 1165 ὁ
1362 1117 1413 1166 δὲ
1461 1116 1631 1183 τρίτος

212 1183 546 1249 ἐκεραυνώθη.
642 1182 779 1249 νόσῳ
840 1183 890 1233 δὲ
954 1183 1042 1233 τὸν
1111 1183 1233 1244 βίον
1292 1184 1316 1235 ὁ
1389 1184 1631 1251 τέταρτος

213 1253 516 1316 ὑπεξῆλθεν.
590 1251 613 1300 ὁ
643 1251 694 1301 δὲ
721 1251 957 1314 πέμπτος
989 1253 1089 1302 ὑπὸ
1116 1251 1371 1317 ποιμένων
1409 1254 1629 1320 ἐσφάγη,

211 1321 299 1370 καὶ
325 1319 350 1370 ὁ
390 1321 533 1375 ἕκτος
561 1319 746 1385 ὁμοίως
784 1325 967 1387 σφαγῇ
1006 1320 1337 1389 κατέστρεψε
1374 1322 1462 1371 τὸν
1497 1321 1629 1382 βίον.

212 1387 237 1439 ὁ
264 1388 317 1438 δὲ
349 1388 568 1452 ἕβδομος
606 1390 693 1439 καὶ
730 1394 820 1451 τῆς
858 1389 1060 1443 πόλεως
1099 1390 1186 1439 καὶ
1223 1395 1313 1453 τῆς
1349 1389 1628 1450 βασιλείας

212 1462 527 1524 παρανομῶν
549 1459 796 1520 ἐξηλάθη˙
826 1459 883 1522 ἐξ
901 1458 960 1508 οὗ
985 1464 1074 1521 τῆς
1099 1457 1382 1519 βασιλείας
1402 1467 1629 1509 καταλυ-

212 1525 387 1588 θείσης
414 1526 481 1580 εἰς
510 1525 626 1580 τοὺς
667 1528 897 1581 ὑπάτους
931 1527 996 1577 τὰ
1032 1531 1122 1589 τῆς
1165 1528 1331 1594 ἀρχῆς
1370 1527 1631 1593 μετετέθη.

210 1599 270 1644 id.
297 1616 338 1659 p.
372 1600 390 1643 1
403 1601 429 1643 5
457 1599 486 1643 b
516 1602 540 1643 2
551 1601 593 1647 2.

881 1716 974 1788 III

278 1825 343 1874 Ἡ
406 1825 458 1874 δὲ
518 1825 607 1875 τὸν
664 1826 867 1892 πατέρα
880 1818 1235 1894 φυλάξασα
1267 1826 1633 1891 ἀποδημοῦντα

213 1895 549 1962 ὑπισχνεῖται
629 1894 799 1959 Τατίῳ
873 1895 1163 1961 προδώσειν
1235 1895 1292 1946 τὸ
1369 1896 1629 1963 φρούριον.

212 1967 339 2011 Suid.
367 1983 441 2012 vv.
467 1963 656 2017 Τάτιος
681 1974 729 2012 et
754 1965 1060 2030 φυλάξασα.

875 2105 964 2159 ΙV

282 2213 647 2265 Κελεύσαντος
699 2213 751 2263 δὲ
800 2213 993 2263 Τατίου
1051 2214 1140 2263 τὸν
1184 2215 1383 2281 χρυσὸν
1438 2216 1486 2269 ἐς
1543 2215 1634 2275 τὴν

211 2281 377 2331 παῖδα
411 2281 667 2342 ἐλίθαζον,
708 2283 826 2332 ἔστε
870 2282 1259 2349 τιτρωσκομένη
1299 2284 1632 2350 κατεχώσθη.

212 2354 340 2399 Suid.
369 2371 409 2399 v.
438 2352 651 2412 λιθάζω.

215 2515 270 2557 32
