1747 2693
290 145 606 238 APPIAN'S
629 161 890 235 ROMAN
925 158 1245 245 HISTORY,
1277 164 1470 229 BOOK
1487 164 1558 232 I

899 442 943 484 V

268 562 399 611 Ὃτι
439 561 527 612 τὸν
567 563 800 626 πόλεμον
843 564 931 613 τὸν
973 564 1101 628 πρὸς
1137 565 1403 629 Ῥωμύλον
1439 569 1627 619 Τατίου

212 641 265 690 αἱ
312 640 579 704 Ῥωμαίων
629 647 868 705 γυναῖκες
917 643 1006 693 καὶ
1057 643 1299 703 Σαβίνων
1355 647 1628 711 θυγατέρες

212 717 491 784 διῄτησαν,
517 719 671 768 αὐταὶ
699 722 767 784 τῷ
804 719 1002 786 χάρακι
1040 724 1141 771 τῶν
1175 722 1365 785 γονέων
1400 732 1625 790 προσελ-

211 797 413 854 θοῦσαι,
440 799 618 863 χεῖράς
645 819 699 847 τε
725 797 1104 865 προτείνουσαι,
1132 800 1219 850 καὶ
1243 800 1415 867 βρέφη
1442 801 1507 851 τὰ
1532 802 1627 865 ἤδη

211 874 397 940 σφίσιν
439 876 494 923 ἐκ
537 879 639 925 τῶν
687 876 884 941 ἀνδρῶν
920 876 1165 941 γενόμενα
1203 879 1629 940 ἐπιδεικνύουσαι,

210 954 296 1003 καὶ
334 957 439 1007 τοῖς
477 953 698 1019 ἀνδράσι
728 958 1090 1021 μαρτυροῦσαι
1126 956 1282 1020 μηδὲν
1321 959 1629 1024 ὑβριστικὸν

209 1032 257 1085 ἐς
282 1031 441 1086 αὐτὰς
467 1033 731 1098 ἁμαρτεῖν.
805 1032 1005 1083 ἐδέοντό
1032 1055 1087 1083 τε
1106 1036 1296 1095 λαβεῖν
1317 1035 1431 1085 τινὰ
1457 1037 1629 1087 οἶκτον

209 1110 325 1163 τοὺς
351 1109 608 1169 Σαβίνους
643 1113 793 1176 σφῶν
820 1132 875 1161 τε
913 1112 1082 1162 αὐτῶν
1118 1113 1207 1162 καὶ
1245 1113 1507 1174 κηδεστῶν
1541 1116 1627 1166 καὶ

208 1186 430 1251 ἐκγόνων
455 1188 542 1237 καὶ
569 1188 878 1255 θυγατέρων,
908 1190 995 1239 καὶ
1024 1188 1321 1256 φείσασθαι
1348 1198 1627 1257 συγγενοῦς

206 1266 294 1316 καὶ
340 1270 529 1331 μιαροῦ
575 1266 825 1331 πολέμου,
866 1268 896 1330 ἢ
942 1268 1152 1334 πρώτας
1194 1270 1397 1319 ἀνελεῖν
1438 1270 1494 1320 αἳ
1535 1271 1628 1333 τὴν

206 1343 378 1393 αἰτίαν
404 1345 590 1411 ἔχουσι
615 1349 708 1395 τοῦ
734 1345 983 1410 πολέμου.
1061 1347 1109 1396 οἱ
1136 1346 1188 1396 δὲ
1226 1351 1327 1397 τῶν
1354 1369 1407 1398 τε
1437 1349 1602 1413 παρόν
1609 1385 1623 1390 .

208 1444 307 1472 τῶν
341 1422 534 1491 ἀπορίᾳ
577 1423 664 1473 καὶ
699 1425 855 1489 οἴκτῳ
887 1428 987 1474 τῶν
1023 1428 1291 1489 γυναικῶν,
1334 1428 1622 1491 συγγιγνώ-

210 1522 419 1555 σκοντες
467 1501 564 1563 ἤδη
611 1500 681 1565 μὴ
731 1503 847 1552 καθ᾽
910 1504 1063 1569 ὕβριν
1124 1503 1401 1571 εἰργάσθαι
1460 1510 1626 1556 ταῦτα

221 1579 486 1643 Ρωμαίους
535 1580 660 1629 ἀλλ᾽
710 1580 809 1630 ὑπὸ
858 1580 1049 1647 χρείας,
1099 1582 1147 1635 ἐς
1195 1581 1286 1637 τὰς
1335 1582 1625 1649 διαλλαγὰς

206 1656 469 1707 ἐνεδίδουν.
531 1659 616 1708 καὶ
679 1659 1020 1714 συνελθόντες
1085 1660 1349 1724 Ῥωμύλος
1409 1683 1464 1712 τε
1538 1664 1625 1713 καὶ

205 1736 391 1790 Τάτιος
428 1736 476 1789 ἐς
513 1735 605 1798 τὴν
631 1737 689 1802 ἐξ
711 1737 903 1787 ἐκείνου
929 1737 1067 1802 ἱερὰν
1091 1738 1364 1803 γενομένην
1398 1739 1514 1790 ὁδὸν
1540 1742 1624 1791 ἐπὶ

206 1813 381 1865 τοῖσδε
418 1815 737 1878 συνέβησαν,
771 1816 1077 1876 βασιλεύειν
1112 1817 1202 1881 μὲν
1242 1818 1411 1884 ἄμφω,
1437 1819 1625 1870 Τάτιόν

205 1913 258 1941 τε
284 1893 368 1942 καὶ
395 1891 677 1957 Ῥωμύλον,
704 1893 964 1955 Σαβίνους
990 1895 1043 1945 δὲ
1070 1895 1186 1948 τοὺς
1215 1895 1329 1946 τότε
1356 1899 1425 1962 τῷ
1452 1898 1623 1964 Τατίῳ

203 1971 713 2036 συστρατεύσαντας,
733 1972 820 2022 καὶ
846 1974 893 2022 εἴ
916 1995 1046 2027 τινες
1073 1972 1228 2023 ἄλλοι
1258 1978 1357 2024 τῶν
1385 1974 1623 2035 Σαβίνων

202 2048 438 2109 ἐθέλοιεν,
466 2050 514 2104 ἐς
541 2049 599 2100 τὸ
623 2050 634 2067 '
641 2053 890 2116 Ρωμαίων
914 2051 1296 2113 μετοικίζεσθαι
1321 2053 1401 2102 ἐπ᾽
1422 2056 1510 2119 ἴσῃ
1535 2055 1621 2105 καὶ

203 2125 367 2196 ὁμοίᾳ.
460 2133 523 2178 U.
575 2130 623 2193 (i.
669 2148 707 2179 e.
759 2134 923 2179 Ursin.
971 2135 1137 2180 Select.
1181 2135 1240 2180 de
1281 2135 1618 2197 legationibus)

201 2225 242 2267 p.
275 2211 386 2255 334.

200 2496 258 2539 34
