1747 2693
287 145 600 232 APPIAN'S
632 154 887 225 ROMAN
916 151 1241 229 HISTORY,
1267 154 1470 232 BOOK
1500 154 1545 222 I

871 329 968 373 XII

264 432 394 485 Ὃτι
469 433 753 498 Ταρκύνιος
825 427 1084 492 Σαβίνους
1156 431 1292 481 κατὰ
1361 430 1628 493 Ῥωμαίων

210 502 421 569 ἠρέθιζε.
474 501 737 555 Κλαύδιος
763 499 829 558 δέ,
858 500 986 566 ἀνὴρ
1013 495 1237 560 Σαβῖνος
1264 501 1319 549 ἐκ
1346 500 1629 565 Ῥηγίλλου

209 570 411 623 πόλεως
456 569 684 626 δυνατός,
724 569 815 618 οὐκ
864 570 944 618 εἴα
993 569 1110 622 τοὺς
1159 564 1415 627 Σαβίνους
1462 590 1627 634 παρα-

211 639 468 695 σπονδεῖν,
525 639 615 692 ἕως
676 636 965 703 κρινόμενος
1024 636 1111 687 ἐπὶ
1171 636 1297 702 τῷδε
1344 637 1532 704 ἔφυγεν
1579 639 1628 691 ἐς

208 707 410 770 Ῥώμην
456 706 587 770 μετὰ
635 709 900 769 συγγενῶν
949 704 1037 755 καὶ
1086 703 1252 770 φίλων
1295 704 1383 755 καὶ
1431 704 1631 756 δούλων

209 774 674 843 πεντακισχιλίων.
750 775 823 827 οἷς
872 777 987 823 πᾶσ
992 795 1008 822 ι
1055 773 1068 791 '
1073 775 1305 835 Ῥωμαῖοι
1354 773 1533 839 χώραν
1581 775 1631 828 ἐς

210 843 374 898 οἰκίας
412 843 600 893 ἔδοσαν
642 842 727 893 καὶ
762 846 859 905 γῆν
899 843 947 896 ἐς
985 841 1254 906 γεωργίαν,
1296 841 1382 891 καὶ
1408 840 1631 897 πολίτας

210 913 398 963 ἔθεντο.
473 912 561 961 τὸν
600 912 651 959 δὲ
691 909 957 960 Κλαύδιον
983 910 1070 960 καὶ
1097 912 1144 963 ἐς
1172 909 1230 959 τὸ
1255 912 1631 972 βουλευτήριον

212 979 510 1044 κατέλεξαν,
530 978 959 1043 ἀποδεικνύμενον
979 978 1107 1043 ἔργα
1121 977 1343 1044 λαμπρὰ
1368 978 1503 1028 κατὰ
1530 982 1630 1029 τῶν

211 1048 465 1106 Σαβίνων˙
494 1048 581 1097 καὶ
608 1047 779 1113 φυλὴν
806 1046 1071 1109 ἐπώνυμον
1095 1048 1256 1096 αὐτοῦ
1281 1046 1629 1109 κατέστησαν.

210 1123 368 1167 Vales.
398 1123 620 1180 Excerpt.
650 1137 707 1165 ex
734 1120 975 1165 collectan.
1006 1120 1166 1164 Const.
1196 1119 1370 1178 Porph.
1397 1136 1439 1179 p.
1471 1121 1581 1165 546.

846 1277 993 1335 XIII

280 1392 497 1439 Λατῖνοι
569 1387 842 1437 ἔνσπονδοι
902 1384 1172 1449 Ῥωμαίοις
1245 1386 1383 1439 ὄντες
1448 1386 1629 1453 ἐστρά-

212 1479 358 1508 τευον
383 1457 463 1507 ἐπ᾽
490 1455 794 1508 αὐτούς . . .
824 1454 871 1503 οἱ
896 1453 949 1503 δὲ
988 1458 1034 1502 Λ
1039 1457 1206 1503 ατῖνοι
1232 1454 1537 1517 ἐγκλήματα
1563 1455 1631 1509 εἰς

213 1525 495 1591 Ῥωμαίους
544 1526 813 1575 ἐποιοῦντο
851 1522 944 1586 τήν
981 1544 1036 1572 τε
1073 1521 1296 1588 πάρεσιν
1333 1524 1503 1573 αὐτῶν
1538 1523 1631 1584 τὴν

115 1636 121 1640 .
213 1595 299 1645 ἐπὶ
325 1598 466 1659 σφᾶς
491 1594 641 1646 ὄντας
679 1590 987 1646 ἐνσπόνδους
1021 1590 1108 1641 καὶ
1145 1594 1425 1656 συγγενεῖς.
1497 1595 1627 1641 Suid.

214 1685 241 1711 v
246 1684 286 1713 v.
316 1661 595 1716 ἔνσπονδος
628 1671 677 1710 et
713 1660 949 1726 πάρεσις.

220 2490 276 2547 38
