1747 2693
290 138 622 245 APPIAN'S
635 145 893 235 ROMAN
916 148 1254 238 HISTORY,
1270 154 1477 225 BOOK
1503 154 1567 229 II

915 331 953 373 V

294 449 336 495 1.
358 444 490 494 Ὃτι
540 446 630 493 τοῦ
688 445 933 507 Μαρκίου
989 441 1397 507 φυγαδευθέντος
1447 440 1535 490 καὶ
1593 441 1639 494 ἐς

226 520 599 570 Οὐολούσκους
648 515 1039 582 καταφυγόντος
1076 516 1163 565 καὶ
1199 515 1333 565 κατὰ
1375 515 1641 579 Ῥωμαίων

226 594 700 661 ἐκστρατεύσαντος
773 592 859 641 καὶ
931 591 1328 656 τεσσαράκοντα
1399 591 1642 644 σταδίους

225 670 556 737 ἀποσχόντος
605 666 709 718 ἀπὸ
753 671 844 716 τοῦ
893 666 1077 719 ἄστεος
1126 666 1215 715 καὶ
1263 665 1638 730 στρατοπεδεύ-

226 767 430 802 σαντος,
458 744 482 793 ὁ
510 745 664 807 δῆμος
690 741 894 804 ἠπείλει
923 744 983 805 τῇ
1010 742 1184 805 βουλῇ
1221 740 1553 806 παραδώσειν
1577 741 1642 791 τὰ

227 820 374 888 τείχη
411 824 518 873 τοῖς
561 816 844 881 πολεμίοις,
884 816 924 866 εἰ
964 815 1035 879 μὴ
1073 815 1489 882 πρεσβεύσοιντο
1524 817 1643 883 περὶ

228 896 529 959 διαλλαγῶν
597 893 724 959 πρὸς
798 891 1054 957 Μάρκιον.
1127 893 1157 953 ἡ
1219 891 1271 940 δὲ
1331 890 1480 951 μόλις
1540 892 1641 956 ἐξέ-

227 976 439 1037 πεμψεν
499 968 883 1034 αὐτοκράτορας
937 967 1135 1028 εἰρήνης
1194 966 1311 1028 πέρι
1371 965 1642 1030 Ῥωμαίοις

228 1038 545 1106 πρεπούσης,
599 1037 647 1087 οἳ
694 1035 1037 1098 προελθόντες
1086 1036 1135 1088 ἐς
1185 1034 1241 1083 τὸ
1291 1035 1643 1085 Οὐολούσκων

230 1107 585 1175 στρατόπεδον
626 1103 849 1171 Μαρκίῳ
885 1102 1017 1166 μετὰ
1056 1102 1410 1152 Οὐολούσκων
1447 1105 1641 1169 ἀκροω-

228 1177 360 1243 μένῳ
431 1175 738 1240 προύτειναν
808 1171 1099 1234 ἀμνηστίαν
1160 1172 1245 1221 καὶ
1306 1171 1540 1229 κάθοδον,
1602 1173 1644 1222 εἰ

232 1244 519 1295 καταλύσει
570 1243 658 1292 τὸν
712 1241 956 1304 πόλεμον,
1012 1245 1102 1302 τῆς
1151 1261 1207 1289 τε
1242 1242 1443 1303 βουλῆς
1491 1240 1644 1291 αὐτὸν

231 1313 616 1379 ὑπεμίμνησκον
642 1313 705 1364 ὡς
731 1312 829 1376 οὐχ
856 1308 1185 1375 ἁμαρτούσης
1211 1309 1260 1361 ἐς
1285 1307 1456 1358 αὐτόν.
1530 1308 1554 1359 ὁ
1592 1310 1642 1359 δὲ

230 1381 411 1433 πολλὰ
450 1384 541 1431 τοῦ
580 1381 740 1444 δήμου
777 1378 1143 1441 κατηγορήσας
1178 1377 1296 1443 περὶ
1321 1376 1389 1427 ὧν
1416 1379 1464 1431 ἐς
1488 1378 1645 1428 αὐτὸν

230 1452 318 1502 καὶ
369 1449 741 1501 Οὐολούσκους
789 1447 1225 1511 ἐξημαρτήκεσαν,
1290 1446 1644 1510 ἐπηγγέλλετο

231 1521 364 1585 ὅμως
404 1517 775 1570 Οὐολούσκους
813 1516 986 1568 αὐτοῖς
1036 1514 1351 1578 διαλλάξειν,
1394 1514 1455 1563 ἂν
1491 1516 1554 1575 ἥν
1590 1537 1644 1565 τε

230 1594 326 1653 γῆν
351 1589 536 1655 ἔχουσι
564 1583 917 1635 Οὐολούσκων
944 1584 1030 1633 καὶ
1052 1582 1143 1636 τὰς
1177 1581 1358 1636 πόλεις
1392 1583 1643 1639 ἀποδῶσι,

233 1660 319 1708 καὶ
344 1656 668 1719 ποιήσωνται
694 1653 917 1706 πολίτας
944 1651 1121 1717 ὥσπερ
1142 1651 1407 1705 Λατίνους.
1484 1653 1574 1706 ἕως
1602 1651 1640 1701 δ᾽

233 1727 293 1775 ἂν
319 1726 484 1792 ἔχωσι
512 1723 576 1772 τὰ
603 1726 703 1773 τῶν
729 1720 1057 1787 κρατούντων
1082 1719 1130 1769 οἱ
1167 1719 1517 1785 κρατούμενοι,
1546 1722 1646 1787 οὐχ

233 1793 353 1860 ὁρᾶν
411 1793 540 1847 τίνες
599 1792 775 1844 αὐτοῖς
835 1790 1043 1839 ἔσονται
1103 1787 1383 1843 διαλύσεις.
1481 1793 1645 1839 ταῦτα

231 1861 568 1927 μετοίσοντας
595 1860 792 1910 ἀπέλυε
819 1858 936 1913 τοὺς
961 1856 1228 1923 πρέσβεις,
1255 1857 1343 1907 καὶ
1369 1858 1646 1922 τριάκοντα

232 1931 421 1998 ἡμέρας
470 1931 519 1984 ἐς
568 1928 660 1992 τὴν
708 1927 906 1991 σκέψιν
955 1925 1135 1975 ἐδίδου.
1210 1925 1423 1989 τραπεὶς
1471 1925 1512 1975 δ᾽
1562 1926 1647 1977 ἐπὶ

234 2000 351 2054 τοὺς
413 1998 609 2052 ἄλλους
696 1995 950 2047 Λατίνους
1026 1993 1159 2044 ἑπτὰ
1221 1993 1400 2047 πόλεις
1477 1996 1648 2044 αὐτῶν

233 2069 339 2118 εἷλε
387 2071 500 2121 ταῖς
548 2066 827 2132 τριάκοντα
871 2064 1096 2129 ἡμέραις,
1140 2062 1225 2112 καὶ
1266 2063 1386 2124 ἧκεν
1429 2063 1515 2113 ἐπὶ
1557 2062 1646 2116 τὰς

233 2136 551 2203 ἀποκρίσεις.

304 2211 345 2254 2.
386 2204 456 2253 Οἱ
483 2203 536 2253 δὲ
561 2200 921 2266 ἀπεκρίναντο,
948 2199 1035 2250 ἐὰν
1061 2200 1117 2249 ἐκ
1143 2203 1232 2262 τῆς
1255 2197 1520 2262 Ῥωμαίων
1555 2203 1648 2263 γῆς

234 2273 485 2338 ἀπαγάγῃ
531 2271 619 2321 τὸν
669 2268 911 2335 στρατόν,
957 2268 1190 2334 πέμψειν
1226 2265 1343 2319 τοὺς
1393 2266 1649 2327 συνθησο-

233 2341 411 2406 μένους
438 2341 577 2405 αὐτῷ
609 2339 674 2389 τὰ
699 2338 985 2405 πρέποντα.
1057 2336 1225 2386 πάλιν
1250 2333 1289 2382 δ᾽
1315 2331 1650 2390 ἀντειπόντος

234 2411 465 2473 ἔπεμπον
515 2407 714 2473 ἑτέρους
757 2406 878 2457 δέκα
933 2404 1265 2467 δεησομένους
1315 2405 1476 2472 μηδὲν
1527 2405 1650 2458 ἀνά-

234 2516 294 2557 44
