1747 2693
300 148 625 222 APPIAN'S
641 148 900 225 ROMAN
922 151 1264 222 HISTORY,
1283 148 1477 216 BOOK
1509 145 1570 222 II

231 289 337 349 ξιον
385 289 551 336 ποιεῖν
600 289 689 347 τῆς
738 283 1002 351 πατρίδος,
1047 283 1161 348 μηδ᾽
1206 284 1260 347 ἐξ
1297 284 1644 347 ἐπιτάγματος

229 360 352 411 ἀλλ᾽
414 359 680 413 ἑκουσίους
742 360 828 408 ἐᾶν
886 358 1158 423 γίγνεσθαι
1219 358 1309 410 τὰς
1369 358 1644 420 συνθήκας,

229 434 527 500 αἰδούμενόν
553 455 608 485 τε
633 433 726 497 τὴν
761 433 989 499 πατρίδα
995 474 1003 489 ,
1032 434 1119 482 καὶ
1147 432 1203 482 τὸ
1243 437 1342 482 τῶν
1380 432 1647 498 προγόνων

230 510 430 575 ἀξίωμα
467 512 696 572 τιμῶντα
733 512 835 559 τῶν
874 509 922 563 ἐς
961 508 1117 558 αὐτὸν
1158 510 1257 575 οὐχ
1298 507 1644 574 ἁμαρτόντων.

232 586 257 637 ὁ
307 586 359 636 δὲ
398 589 649 635 τοσοῦτον
692 584 868 638 αὐτοῖς
905 582 1236 647 ἀπεκρίνατο,
1278 586 1430 648 τριῶν
1468 583 1647 631 ἄλλων

233 664 429 727 ἡμερῶν
453 661 596 722 ἥκειν
620 658 1076 722 βουλευσαμένους
1109 679 1158 707 τι
1196 659 1433 707 κάλλιον.
1475 659 1521 707 οἱ
1559 658 1648 721 μὲν

233 735 294 800 δὴ
356 735 473 790 τοὺς
536 734 695 799 ἱερέας
757 733 1003 798 ἔπεμπον,
1055 737 1167 788 ταῖς
1224 734 1382 799 ἱεραῖς
1432 734 1649 795 ἐσθῆσιν

232 808 595 872 ἐσταλμένους,
648 808 813 858 ταὐτὰ
862 812 954 858 τοῦ
1002 807 1244 874 Μαρκίου
1295 808 1646 871 δεησομένους˙

233 884 258 936 ὁ
286 884 338 935 δὲ
365 884 450 934 καὶ
478 883 678 936 τούτοις
706 883 801 949 ἔφη
830 883 930 933 δεῖν
956 884 985 946 ἢ
1027 883 1092 932 τὰ
1118 882 1429 944 κελευόμενα
1467 887 1647 939 ποιεῖν,

232 960 263 1023 ἢ
324 959 440 1021 μηδ᾽
501 960 568 1008 αὖ
627 959 964 1023 ἀφικνεῖσθαι
1030 957 1157 1025 πρὸς
1219 956 1392 1008 αὐτόν.
1468 959 1515 1012 ἐς
1565 959 1651 1007 οὖν

232 1033 543 1101 πολιορκίαν
580 1033 914 1090 καθίσταντο,
960 1034 1047 1083 καὶ
1085 1033 1143 1083 τὸ
1180 1039 1353 1100 τεῖχος
1393 1033 1651 1098 ἐπλήρουν

233 1109 395 1160 λίθων
420 1110 507 1160 καὶ
531 1111 707 1170 βελῶν
733 1110 797 1163 ὡς
823 1108 1017 1157 ἄνωθεν
1038 1107 1376 1172 ἀμυνούμενοι
1395 1108 1649 1173 Μάρκιον.

305 1192 346 1235 3.
388 1183 659 1250 Οὐαλερία
691 1183 731 1233 δ᾽
763 1185 792 1245 ἡ
826 1183 1146 1233 Ποπλικόλα
1174 1184 1405 1248 θυγάτηρ
1443 1182 1651 1237 πολλὰς

236 1259 459 1326 ἀγομένη
483 1264 732 1324 γυναῖκας
759 1258 847 1309 ἐπί
871 1279 926 1308 τε
951 1258 1043 1321 τὴν
1067 1257 1264 1323 μητέρα
1291 1262 1383 1308 τοῦ
1409 1257 1651 1323 Μαρκίου

237 1333 555 1400 Οὐετουρίαν
593 1334 683 1383 καὶ
727 1333 812 1383 ἐπὶ
861 1333 953 1394 τὴν
1001 1336 1223 1396 γυναῖκα
1273 1332 1650 1396 Οὐολουμνίαν,

235 1412 457 1475 πένθιμα
502 1408 847 1477 ἠμφιεσμέναι
886 1412 1074 1465 πᾶσαι,
1103 1408 1191 1458 καὶ
1216 1406 1281 1456 τὰ
1317 1406 1503 1457 παιδία
1540 1412 1652 1461 ταῖς

238 1485 457 1540 ἱκεσίαις
508 1484 868 1551 ἐπιφέρουσαι,
922 1484 1247 1547 συνεξελθεῖν
1294 1483 1477 1536 αὑταῖς
1524 1482 1652 1549 πρὸς

237 1562 480 1627 Μάρκιον
516 1558 692 1622 ἠξίουν
729 1559 907 1615 αὐτάς,
947 1558 1035 1608 καὶ
1078 1557 1319 1621 δεηθῆναι
1362 1557 1653 1624 φείσασθαι

237 1640 388 1704 σφῶν
412 1657 467 1686 τε
491 1636 663 1685 αὐτῶν
689 1634 776 1684 καὶ
802 1639 892 1696 τῆς
917 1632 1184 1699 πατρίδος.
1256 1633 1313 1683 αἱ
1337 1634 1428 1696 μὲν
1465 1632 1525 1694 δὴ
1564 1637 1653 1695 τῆς

235 1715 435 1775 βουλῆς
463 1709 842 1776 ἐπιτρεπούσης
880 1708 1112 1773 ἐξῄεσαν,
1137 1707 1290 1771 μόναι
1325 1712 1576 1771 γυναῖκες,
1604 1710 1652 1763 ἐς

237 1782 438 1849 ἐχθρῶν
486 1778 857 1844 στρατόπεδον˙
920 1776 944 1827 ὁ
990 1777 1039 1827 δὲ
1091 1777 1329 1843 Μάρκιος
1378 1776 1651 1840 θαυμάζων

237 1855 327 1911 τῆς
354 1846 629 1912 εὐτολμίας
666 1848 758 1908 τὴν
784 1846 955 1902 πόλιν,
982 1846 1065 1895 οἷα
1101 1843 1366 1909 Ῥωμαίων
1405 1845 1518 1895 ἐστὶ
1564 1845 1653 1894 καὶ

238 1918 303 1969 τὰ
326 1916 530 1981 γύναια,
557 1914 904 1982 προσιούσαις
931 1913 1154 1977 ἀπήντα,
1181 1913 1270 1963 καὶ
1295 1912 1386 1967 τὰς
1423 1912 1652 1979 ῥάβδους

237 1985 450 2051 καθῄρει
477 1984 564 2034 καὶ
589 1987 706 2038 τοὺς
732 1983 984 2037 πελέκεας
1011 1982 1094 2033 διὰ
1121 1981 1213 2045 τὴν
1247 1981 1458 2047 μητέρα,
1486 2002 1649 2047 προσ-

239 2054 444 2121 δραμών
470 2074 523 2103 τε
564 2054 845 2116 ἠσπάζετο,
872 2051 959 2101 καὶ
999 2052 1120 2115 ἦγεν
1163 2050 1248 2100 ἐπὶ
1291 2051 1348 2099 τὸ
1391 2049 1652 2115 συνέδριον

238 2126 339 2173 τῶν
399 2121 766 2177 Οὐολούσκων,
818 2120 907 2170 καὶ
967 2120 1139 2183 λέγειν
1187 2118 1457 2168 ἐκέλευσεν
1516 2119 1543 2168 ὅ
1603 2140 1652 2168 τι

237 2191 434 2258 χρῄζοι.

308 2268 350 2308 4.
389 2258 455 2308 Ἡ
501 2258 551 2308 δὲ
598 2257 977 2322 συνηδικῆσθαι
1013 2257 1105 2321 μὲν
1142 2254 1519 2321 ἐξελαυνομένῳ
1564 2260 1652 2318 τῆς

238 2328 455 2384 πόλεως,
494 2327 660 2391 μήτηρ
700 2328 848 2384 οὖσα,
888 2327 999 2392 ἔφη,
1040 2324 1162 2391 ὁρᾶν
1211 2323 1249 2373 δ᾽
1294 2324 1373 2373 ὅτι
1408 2322 1652 2387 Ῥωμαῖοι

238 2395 418 2446 πολλὰ
466 2397 594 2461 πρὸς
642 2396 804 2445 αὐτοῦ
856 2393 1183 2445 πεπόνθασιν
1233 2391 1329 2455 ἤδη
1379 2392 1467 2441 καὶ
1515 2390 1653 2441 τίσιν

241 2489 297 2545 46
