1747 2693
306 132 625 216 APPIAN'S
645 135 909 212 ROMAN
922 135 1254 219 HISTORY,
1287 145 1493 222 BOOK
1509 145 1587 212 II

759 277 779 296 '

235 274 414 325 ἔτισαν
486 276 679 339 ἱκανήν,
747 299 815 327 ὧν
891 279 1041 345 χώρα
1118 302 1173 330 τε
1253 283 1483 345 τοσαύτη
1553 284 1647 335 διέ-

235 356 465 423 φθαρται
505 359 594 408 καὶ
632 358 811 413 πόλεις
849 361 1171 412 ἀπολώλασι
1207 364 1425 421 πολλαί,
1463 366 1551 417 καὶ
1590 366 1649 417 τὸ

232 437 501 502 Ῥωμαίοις
549 440 793 507 ἔσχατον,
832 448 1209 507 παρακαλοῦσι
1260 447 1345 496 καὶ
1398 448 1649 513 πρέσβεις

232 519 528 583 πέμπουσιν
577 523 806 577 ὑπάτους
854 525 943 574 καὶ
988 525 1151 591 ἱερέας
1196 527 1283 577 καὶ
1325 528 1522 594 μητέρα
1564 530 1650 580 καὶ

232 605 466 665 γυναῖκα,
517 604 574 653 τό
624 625 679 653 τε
727 604 952 669 ἀδίκημα
1014 606 1190 657 ἰῶνται
1251 609 1513 680 ἀμνηστίᾳ
1561 612 1649 661 καὶ

231 683 446 750 καθόδῳ.
520 685 636 736 ‘σὺ
663 686 716 736 δὲ
741 687 810 751 μὴ
855 689 1048 755 ἀνιάτῳ
1086 695 1229 756 κακῷ
1274 691 1331 741 τὸ
1371 693 1532 743 κακὸν
1572 693 1648 750 ἰῶ,

230 766 357 830 μηδὲ
399 773 691 834 συμφοραῖς
734 769 983 836 ἐπιχείρει
1022 777 1216 827 κοιναῖς
1260 774 1419 823 αὐτοῦ
1461 796 1516 825 τε
1553 778 1649 823 σοῦ

231 849 319 898 καὶ
345 852 444 898 τῶν
479 850 830 901 ἀδικούντων.
903 857 998 902 ποῖ
1026 853 1194 919 φέρων
1221 857 1379 909 οἴσεις
1412 856 1469 906 τὸ
1506 860 1647 922 πῦρ;

229 929 358 991 μετὰ
396 931 488 995 τὴν
520 932 697 998 χώραν
731 934 816 983 ἐπὶ
848 933 940 998 τὴν
974 935 1161 993 πόλιν;
1204 936 1335 1000 μετὰ
1372 937 1464 1000 τὴν
1495 939 1649 988 πόλιν

230 1011 315 1061 ἐπὶ
341 1011 432 1075 τὴν
458 1012 636 1062 ἑστίαν
664 1014 755 1073 τὴν
782 1014 919 1078 σήν;
957 1016 1089 1079 μετὰ
1128 1016 1218 1079 τὴν
1245 1016 1424 1068 ἑστίαν
1461 1019 1547 1069 ἐπὶ
1583 1019 1647 1069 τὰ

231 1093 368 1159 ἱερά;
397 1094 480 1148 δὸς
496 1096 668 1161 χάριν,
692 1095 729 1145 ὦ
750 1101 861 1153 παῖ,
884 1098 1040 1161 κἀμοὶ
1056 1098 1143 1148 καὶ
1164 1103 1226 1163 τῇ
1247 1099 1462 1165 πατρίδι
1478 1122 1645 1167 παρα-

228 1176 566 1231 καλούσαις.''
587 1180 615 1240 ἡ
632 1178 724 1241 μὲν
752 1178 811 1241 δὴ
840 1183 1074 1229 τοσαῦτα
1102 1180 1257 1237 εἶπεν,
1278 1181 1301 1230 ὁ
1330 1182 1381 1232 δὲ
1409 1184 1647 1249 Μάρκιος

228 1258 319 1307 οὐκ
359 1259 438 1308 εἴα
487 1259 717 1325 πατρίδα
757 1265 937 1311 καλεῖν
987 1262 1079 1323 τὴν
1117 1264 1456 1323 ἐκβαλοῦσαν
1504 1266 1648 1315 ἀλλὰ

227 1340 319 1401 τὴν
368 1340 790 1405 ὑποδεδεγμένην˙
843 1343 986 1393 οὐδὲν
1033 1343 1135 1409 γὰρ
1183 1345 1311 1395 εἶναι
1356 1345 1545 1410 φίλιον,
1587 1348 1647 1397 ἂν

227 1421 394 1488 ἀδικῇ,
423 1422 537 1472 οὐδὲ
581 1424 766 1490 ἐχθρὸν
806 1425 860 1474 εὖ
901 1429 1099 1475 ποιοῦν˙
1140 1428 1230 1476 καὶ
1270 1427 1328 1477 τὸ
1372 1431 1472 1478 τῶν
1515 1450 1646 1495 παρ-

227 1503 385 1554 όντων
421 1505 651 1555 ἐκέλευεν
689 1504 825 1571 ὁρᾶν,
853 1505 1036 1557 πίστιν
1075 1529 1129 1557 τε
1161 1507 1351 1559 δόντων
1389 1510 1530 1576 αὐτῷ
1555 1512 1644 1561 καὶ

225 1585 517 1648 λαβόντων,
546 1588 635 1637 καὶ
660 1587 884 1650 πολίτην
915 1589 1275 1653 πεποιημένων
1302 1590 1391 1640 καὶ
1418 1613 1643 1657 στρατη-

224 1667 316 1732 γὸν
364 1670 746 1735 ἀποφηνάντων
794 1671 882 1720 καὶ
944 1670 1011 1720 τὰ
1072 1671 1177 1721 ἴδια
1231 1674 1643 1740 ἐπιτρεψάντων.

225 1753 375 1817 τιμάς
425 1774 478 1803 τε
527 1754 664 1803 ὅσων
711 1752 916 1817 ἠξίωτο,
955 1755 1041 1805 καὶ
1092 1755 1273 1821 ὅρκους
1311 1757 1396 1810 οὓς
1447 1757 1645 1822 ὤμοσεν

1408 1837 1421 1857 '

225 1834 415 1891 αὐτοῖς,
450 1835 667 1900 ἐπεξῄει,
706 1837 796 1885 καὶ
834 1836 1123 1902 παρεκάλει
1162 1837 1254 1900 τὴν
1290 1859 1489 1905 μητέρα
1527 1840 1644 1894 τοὺς

224 1917 411 1970 αὐτοὺς
449 1916 657 1971 ἐκείνοις
696 1917 936 1968 τίθεσθαι
981 1918 1263 1983 πολεμίους
1304 1921 1391 1971 καὶ
1435 1920 1639 1988 φίλους.

293 2004 334 2047 5.
376 1998 441 2047 Ἡ
481 1998 533 2048 δὲ
568 1999 642 2049 ἔτι
679 1999 923 2063 λέγοντος
961 2001 1389 2064 ἀγανακτήσασα
1428 2003 1517 2053 καὶ
1551 2004 1642 2058 τὰς

221 2084 400 2146 χεῖρας
422 2082 469 2135 ἐς
491 2080 578 2130 τὸν
604 2081 817 2147 οὐρανὸν
837 2082 1168 2149 ἀνασχοῦσα,
1188 2083 1331 2137 θεοὺς
1350 2084 1642 2148 γενεθλίους

222 2163 546 2228 ἐμαρτύρατο
573 2162 661 2213 δύο
685 2164 777 2227 μὲν
802 2163 897 2227 ἤδη
925 2164 1214 2229 πρεσβείας
1244 2170 1503 2229 γυναικῶν
1536 2168 1641 2218 ἀπὸ

220 2243 417 2308 Ῥώμης
444 2245 494 2294 ἐν
529 2245 778 2308 μεγάλοις
817 2245 1078 2295 ἐστάλθαι
1114 2250 1308 2304 κακοῖς,
1337 2247 1423 2298 ἐπὶ
1448 2248 1640 2299 Τατίου

269 2351 283 2374 1
312 2351 542 2415 Suggested
563 2353 618 2402 by
638 2352 770 2391 Schw.
794 2353 837 2390 in
862 2354 925 2391 his
946 2367 1039 2404 app.
1064 2355 1156 2393 crit.
1181 2356 1344 2393 instead
1365 2357 1407 2394 of
1426 2357 1496 2395 the
1516 2357 1634 2396 MSS.

220 2404 483 2450 ἀδικουμένων.

219 2479 279 2532 48
