1747 2693
316 132 632 225 APPIAN'S
654 148 938 216 ROMAN
951 141 1290 219 HISTORY,
1309 148 1500 212 BOOK
1525 145 1600 212 II

244 281 514 343 βασιλέως
553 280 642 331 καὶ
680 282 839 330 Γαΐου
877 279 1139 347 Μαρκίου,
1167 280 1370 331 τούτοιν
1396 281 1449 331 δὲ
1473 281 1664 332 Τάτιον

244 350 350 413 μέν,
377 351 500 400 ὄντα
528 350 667 412 ξένον
694 349 783 398 καὶ
808 349 981 413 ἀληθῆ
1006 348 1273 412 πολέμιον,
1297 349 1525 399 ἐνδοῦναι
1550 353 1663 404 ταῖς

244 418 479 481 γυναιξὶν
502 417 818 481 αἰδούμενον,
846 418 1088 482 Μάρκιον
1131 417 1171 466 δ᾽
1216 419 1471 484 ὑπερορᾶν
1503 439 1662 483 πρεσ-

245 485 393 547 βείας
441 489 700 549 γυναικῶν
748 484 989 542 τοσῶνδε,
1035 484 1123 535 καὶ
1171 490 1261 548 τῆς
1308 486 1663 550 γεγαμημένης

245 556 336 604 καὶ
373 554 564 618 μητρὸς
602 554 688 604 ἐπὶ
725 553 959 607 ταύταις.
1033 553 1223 615 ''ἄλλη
1259 553 1351 617 μὲν
1386 553 1519 612 οὖν,''
1547 555 1660 620 ἔφη,

247 622 514 687 ''μηδεμία
557 622 742 688 μήτηρ,
787 623 1062 689 ἀτυχοῦσα
1107 621 1309 678 παιδός,
1350 624 1398 677 ἐς
1435 623 1664 686 ἀνάγκην

246 691 487 758 ἀφίκοιτο
536 695 859 757 προσπεσεῖν
909 692 1065 756 αὐτῷ˙
1117 690 1216 753 ἐγὼ
1267 690 1320 740 δὲ
1370 690 1459 740 καὶ
1508 694 1662 741 τοῦτο

246 759 561 831 ὑφίσταμαι˙
601 758 997 825 προκυλίσομαί
1023 757 1165 808 σου.''
1239 758 1329 809 καὶ
1352 758 1587 823 λέγουσα
1616 759 1663 813 ἐς

245 833 305 878 τὸ
331 828 521 894 ἔδαφος
549 828 735 890 ἑαυτὴν
766 826 1010 893 ἐρρίπτει.
1085 826 1109 877 ὁ
1137 826 1191 876 δὲ
1217 827 1471 893 ἐδάκρυσέ
1497 849 1551 878 τε
1576 827 1664 877 καὶ

245 896 477 958 ἀνεπήδα
504 897 593 945 καὶ
619 894 888 962 ἀντείχετο
919 897 1094 959 αὐτῆς,
1125 894 1224 945 ὑπό
1262 917 1317 946 τε
1347 900 1438 945 τοῦ
1464 896 1663 949 πάθους

247 965 553 1031 ἐξεφώνησε,
600 969 800 1032 "νικᾷς,
848 964 885 1014 ὦ
924 970 1101 1029 μῆτερ,
1140 963 1286 1013 ἀλλὰ
1322 963 1465 1026 νίκην
1503 966 1559 1028 ἐξ
1605 966 1663 1025 ἧς

245 1033 333 1084 τὸν
393 1033 501 1083 υἱὸν
561 1031 823 1087 ἀπολεῖς."
896 1037 1065 1082 ταῦτα
1125 1032 1285 1082 εἰπὼν
1343 1033 1513 1096 ἀπῆγε
1572 1038 1664 1095 τῆν

247 1101 502 1168 στρατιὰν
521 1103 583 1155 ὡς
604 1100 763 1164 λόγον
789 1101 1079 1151 ἀποδώσων
1105 1101 1465 1155 Οὐολούσκοις
1485 1101 1575 1150 καὶ
1599 1100 1663 1150 τὰ

245 1171 363 1232 ἔθνη
413 1171 779 1234 συναλλάξων˙
831 1168 981 1223 ἐλπίς
1030 1191 1085 1219 τε
1131 1170 1193 1231 ἦν
1242 1169 1321 1219 ὅτι
1371 1169 1459 1219 καὶ
1496 1173 1662 1220 ταῦτα

245 1238 415 1289 πείσει
443 1238 829 1292 Οὐολούσκους.
881 1237 1209 1295 κατελεύσθη
1241 1237 1295 1287 δὲ
1319 1237 1661 1303 φθονούμενος

245 1307 391 1373 παρὰ
416 1311 508 1357 τοῦ
534 1310 838 1372 στρατηγοῦ
873 1305 1101 1356 Ἀττίου.
1185 1311 1239 1356 U.
1267 1327 1309 1370 p.
1342 1312 1451 1356 335.

923 1595 987 1639 Vb

309 1701 373 1752 Ὁ
425 1701 480 1752 δὲ
524 1701 763 1767 Μάρκιος
817 1699 1108 1763 ἀντιλέγειν
1155 1698 1247 1762 μὲν
1295 1698 1424 1764 πρὸς
1461 1698 1576 1749 οὐδὲ
1613 1698 1663 1750 ἓν

243 1773 415 1822 αὐτῶν
442 1769 687 1821 ἐδικαίου.
760 1773 889 1818 Suid.
920 1789 961 1817 v.
992 1767 1237 1818 ἐδικαίου.

911 1916 979 1960 ἐλεεινοὶ

309 2021 558 2072 Ἑλεεινοὶ
602 2024 696 2071 τοῦ
731 2020 948 2078 πάθους,
994 2019 1286 2083 ἀξιέπαινοι
1335 2025 1425 2085 τῆς
1477 2020 1661 2085 ἀρετῆς

240 2089 514 2155 γενόμενοι.
610 2088 744 2154 μέγα
793 2088 896 2154 γὰρ
946 2093 1099 2138 τοῦτο
1159 2088 1433 2152 Ῥωμαίοις
1493 2089 1661 2142 πάθος

241 2159 441 2223 ἐγένετο
478 2158 567 2208 καὶ
602 2158 838 2221 πλήθους
873 2158 1019 2207 ἕνεκα
1054 2157 1142 2207 καὶ
1179 2157 1471 2221 ἀξιώματος
1496 2158 1659 2219 εὐγεν-

241 2232 326 2281 οῦς
381 2229 525 2277 οἴκου
577 2226 667 2276 καὶ
719 2224 1099 2290 πανωλεθρίας.
1188 2225 1276 2275 καὶ
1326 2225 1419 2287 τὴν
1468 2225 1661 2290 ἡμέραν

241 2295 529 2365 ἀποφράδα
572 2294 819 2345 τίθενται.
891 2298 1022 2344 Suid.
1060 2314 1135 2343 vv.
1189 2293 1402 2347 ἐλεεινός
1445 2304 1495 2343 et
1531 2295 1655 2343 ἀπο-

241 2366 431 2430 φράδες
457 2363 660 2429 ἡμέραι.

243 2503 301 2549 50
