1747 2693
319 135 641 225 APPIAN'S
664 138 919 229 ROMAN
951 145 1280 225 HISTORY,
1290 151 1512 216 BOOK
1519 138 1593 222 II

904 332 995 374 VII

316 449 397 512 Tῷ
439 446 491 495 δὲ
531 449 809 511 στρατηγῷ
862 443 1088 509 στρατὸς
1125 443 1186 505 ἦν
1235 442 1515 505 δυσπειθὴς
1567 442 1665 493 ὑπὸ

249 513 611 577 μνησικακίας,
674 513 996 566 ἐθελοκάκως
1064 533 1118 561 τε
1180 511 1505 575 ἠγωνίζοντο,
1576 512 1664 561 καὶ

249 584 463 650 ἔφευγον
490 582 857 645 ἐπιδησάμενοι
893 580 958 630 τὰ
997 579 1219 644 σώματα
1248 582 1311 634 ὡς
1347 579 1665 645 τετρωμένοι,

249 652 337 701 καὶ
376 651 467 705 τὰς
508 650 701 711 σκηνὰς
745 649 963 707 διέλυον,
1008 649 1097 698 καὶ
1139 650 1427 715 ἀναχωρεῖν
1470 647 1665 714 ἐπεχεί-

248 742 383 785 ρουν,
412 719 653 785 ἀπειρίαν
681 720 1051 771 ἐπικαλοῦντες
1079 721 1149 782 τῷ
1176 720 1477 783 στρατηγῷ.
1537 721 1599 766 id.
1624 737 1664 765 v.

249 789 585 843 ἐθελοκάκως.

897 1010 1015 1052 VIII

321 1131 360 1174 1.
388 1123 519 1173 Ὃτι
548 1145 772 1187 σημειων
797 1144 1079 1186 γενομενων
1106 1124 1161 1172 ἐκ
1188 1123 1309 1177 Διὸς
1343 1123 1511 1185 ἀηδῶν
1541 1122 1670 1187 μετὰ

250 1200 341 1263 τὴν
379 1198 685 1261 Οὐηιεντίας
719 1199 937 1255 ἅλωσιν,
974 1198 1020 1246 οἱ
1057 1198 1263 1262 μάντεις
1301 1198 1481 1262 ἔλεγον
1511 1200 1669 1248 ἐκλει-

248 1273 444 1340 φθῆναί
492 1296 607 1324 τινα
662 1273 790 1339 πρὸς
839 1273 1127 1333 εὐσέβειαν,
1180 1273 1268 1322 καὶ
1318 1273 1341 1323 ὁ
1396 1274 1671 1336 Κάμιλλος

250 1349 522 1413 ἀνήνεγκεν
572 1350 651 1399 ὅτι
702 1349 793 1411 τὴν
832 1348 1049 1410 δεκάτην
1087 1355 1176 1413 τῆς
1212 1348 1356 1404 λείας
1396 1350 1671 1399 ἐκλάθοιτο

250 1429 319 1491 τῷ
358 1426 456 1490 θεῷ
495 1429 565 1490 τῷ
603 1425 866 1491 χρήσαντι
901 1424 1019 1489 περὶ
1057 1430 1146 1487 τῆς
1171 1424 1353 1489 λίμνης
1381 1424 1670 1489 ἐξελέσθαι.

250 1504 278 1564 ἡ
318 1500 408 1565 μὲν
452 1501 538 1550 οὖν
581 1499 753 1563 βουλὴ
797 1500 915 1553 τοὺς
957 1499 1226 1560 λαβόντας
1267 1499 1437 1550 ὁτιοῦν
1485 1501 1540 1550 ἐκ
1584 1505 1672 1563 τῆς

252 1575 531 1639 Οὐηιέντης
558 1575 827 1625 ἐκέλευσεν
860 1575 1304 1639 ἀποτιμήσασθαι
1339 1575 1455 1625 καθ᾽
1483 1576 1671 1630 αὑτοὺς

252 1652 337 1702 καὶ
390 1652 486 1701 σὺν
536 1652 671 1717 ὅρκῳ
721 1651 779 1701 τὸ
830 1650 1047 1701 δέκατον
1095 1651 1417 1715 εἰσενεγκεῖν,
1469 1651 1569 1702 ὑπὸ
1620 1651 1672 1701 δὲ

251 1726 519 1786 εὐσεβείας
561 1728 651 1776 οὐκ
697 1726 895 1788 ὤκνησε
939 1726 1028 1776 καὶ
1070 1732 1158 1790 τῆς
1201 1731 1294 1790 γῆς
1334 1727 1429 1790 ἤδη
1469 1748 1669 1793 πεπρα-

251 1803 415 1866 μένης,
446 1804 509 1857 ὡς
535 1802 793 1868 λαφύρου,
825 1801 882 1851 τὸ
910 1801 1124 1852 δέκατον
1151 1803 1431 1852 ἀναθεῖναι.
1472 1802 1669 1869 κρατήρ

252 1900 305 1929 τε
344 1877 449 1928 ἀπὸ
490 1877 647 1928 τῶνδε
691 1881 791 1927 τῶν
832 1877 1119 1944 χρημάτων
1162 1879 1212 1927 ἐν
1252 1881 1475 1943 Δελφοῖς
1508 1878 1671 1928 ἔκειτο

250 1953 471 2019 χρύσεος
511 1953 595 2003 ἐπὶ
632 1958 838 2019 χαλκῆς
875 1953 1085 2013 βάσεως
1112 1953 1161 2002 ἐν
1197 1957 1266 2018 τῷ
1292 1951 1560 2017 Ῥωμαίων
1584 1953 1673 2003 καὶ

253 2032 663 2090 Μασσαλιητῶν
706 2029 969 2094 θησαυρῷ,
1010 2028 1165 2094 μέχρι
1208 2027 1295 2078 τὸν
1333 2028 1423 2092 μὲν
1472 2028 1671 2095 χρυσὸν

252 2104 576 2171 Ὀνόμαρχος
603 2106 653 2153 ἐν
681 2108 750 2169 τῷ
792 2106 1012 2169 Φωκικῷ
1039 2102 1252 2169 πολέμῳ
1295 2103 1669 2170 κατεχώνευσε,

253 2185 416 2231 κεῖται
443 2180 484 2229 δ᾽
512 2183 541 2243 ἡ
568 2181 743 2239 βάσις.

324 2263 363 2304 2.
404 2254 573 2305 Αὐτὸν
605 2254 658 2304 δὲ
698 2254 975 2316 Κάμιλλον
1006 2255 1056 2303 ἐν
1088 2258 1157 2319 τῷ
1189 2253 1331 2318 δήμῳ
1366 2275 1441 2308 τις
1469 2253 1671 2303 ἐδιωκεν

254 2326 317 2378 ὡς
366 2326 533 2373 αἴτιον
591 2322 841 2387 γεγονότα
899 2328 960 2388 τῇ
1020 2322 1171 2372 πόλει
1235 2323 1525 2387 φασμάτων
1584 2323 1671 2372 καὶ

254 2393 479 2458 τεράτων
517 2394 785 2459 χαλεπῶν,
838 2392 925 2440 καὶ
970 2390 993 2439 ὁ
1039 2391 1192 2455 δῆμος
1234 2392 1289 2441 ἐκ
1327 2394 1536 2441 πολλοῦ
1583 2391 1670 2441 τὸν

254 2497 310 2541 52
