1747 2693
296 138 622 222 APPIAN'S
638 148 903 219 ROMAN
922 151 1261 232 HISTORY,
1280 145 1470 232 BOOK
1500 151 1570 222 II

222 280 382 348 ἄνδρα
455 282 910 349 ἀποστρεφόμενος
995 285 1247 351 ἐζημίωσε
1319 289 1639 353 πεντήκοντα

220 350 481 416 μυριάσιν,
541 352 632 401 οὐκ
699 353 1041 409 ἐπικλασθεὶς
1090 355 1193 405 οὐδ᾽
1254 357 1334 406 ὅτι
1387 358 1490 425 πρὸ
1550 365 1639 422 τῆς

224 417 363 481 δίκης
386 419 527 484 αὐτῷ
553 423 677 474 παῖς
703 421 976 484 ἐτεθνήκει.
1051 422 1118 472 τὰ
1153 423 1244 487 μὲν
1270 425 1358 475 οὖν
1390 427 1637 492 χρήματα

221 485 269 535 οἱ
323 485 467 552 φίλοι
529 487 947 553 συνεισήνεγκαν,
1005 489 1086 540 ἵνα
1145 492 1215 555 μὴ
1261 494 1535 559 ὑβρισθείη
1579 496 1638 546 τὸ

221 558 373 618 σῶμα
421 559 514 605 τοῦ
566 555 864 620 Καμίλλου˙
917 557 1071 613 αὐτὸς
1113 559 1166 610 δὲ
1218 562 1537 627 βαρυθυμῶν
1590 566 1638 619 ἐς

221 622 314 686 τὴν
351 623 643 689 Ἀρδεατῶν
685 625 843 674 πόλιν
879 626 1193 693 μετῴκησεν,
1235 631 1505 695 εὐξάμενος
1545 631 1639 695 τὴν

219 690 523 758 Ἀχίλλειον
546 692 720 759 εὐχήν,
748 694 1070 757 ἐπιποθῆσαι
1110 696 1395 761 Ῥωμαίους
1431 700 1633 764 Κάμιλ-

217 766 313 809 λον
338 761 390 810 ἐν
414 765 592 827 καιρῷ.
667 761 754 811 καὶ
779 762 1079 825 ἀπήντησεν
1119 766 1259 830 αὐτῷ
1301 767 1386 817 καὶ
1425 766 1541 818 τόδε
1578 770 1636 819 οὐ

218 827 359 878 πολὺ
398 829 631 896 ὕστερον˙
676 833 890 880 Κελτῶν
932 831 1034 898 γὰρ
1077 832 1169 896 τὴν
1206 833 1363 884 πόλιν
1400 844 1632 887 καταλα-

216 894 420 956 βόντων
470 895 493 945 ὁ
544 896 699 961 δῆμος
761 899 844 948 ἐπὶ
908 900 1186 963 Κάμιλλον
1239 902 1501 969 κατέφυγε
1550 906 1635 956 καὶ

217 964 496 1031 δικτάτορα
543 966 691 1020 αὖθις
740 965 924 1026 εἵλετο,
976 970 1041 1023 ὡς
1092 971 1142 1019 ἐν
1190 975 1304 1025 ταῖς
1354 974 1634 1028 Κελτικαῖς

216 1034 440 1099 πράξεσι
465 1034 881 1100 συγγέγραπται.
955 1041 1061 1085 Val.
1091 1059 1133 1101 p.
1165 1044 1275 1088 546.

884 1205 953 1249 ΙΧ

268 1301 398 1354 Ὃτι
448 1306 665 1371 Μάρκος
715 1306 963 1362 Μάλλιος
1029 1308 1351 1377 εὐπατρίδης,
1416 1314 1633 1363 Κελτῶν

211 1370 537 1423 ἐπελθόντων
586 1379 647 1440 τῇ
706 1374 717 1391 '
723 1375 891 1441 Ῥώμῃ,
945 1375 1139 1439 ταύτην
1195 1378 1486 1445 περιέσωσε
1545 1382 1631 1432 καὶ

211 1445 371 1505 τιμῶν
395 1441 655 1506 μεγίστων
692 1444 900 1508 ἠξιώθη.
976 1446 1193 1513 ὕστερον
1232 1446 1283 1497 δὲ
1324 1447 1631 1515 πρεσβύτην

210 1510 473 1564 πολλάκις
523 1511 928 1577 ἐστρατευμένον
986 1512 1237 1579 ἀγόμενον
1284 1516 1332 1570 ἐς
1395 1517 1631 1568 δουλείαν

211 1577 311 1627 ὑπὸ
353 1582 443 1628 τοῦ
481 1578 754 1630 δανειστοῦ
792 1580 1066 1647 γνωρίσας,
1105 1583 1341 1635 ἀπέδωκε
1380 1585 1437 1635 τὸ
1477 1586 1629 1653 χρέος

211 1646 338 1712 ὑπὲρ
386 1648 560 1705 αὐτοῦ,
607 1648 693 1698 καὶ
734 1649 820 1698 ἐπὶ
870 1649 997 1715 τῷδε
1044 1651 1422 1718 εὐφημούμενος
1464 1659 1629 1705 πᾶσιν

209 1712 347 1779 ἠφίει
374 1720 479 1769 τοῖς
507 1716 692 1766 ἑαυτοῦ
717 1717 975 1783 χρήσταις
1002 1718 1069 1769 τὰ
1094 1719 1392 1786 ὀφλήματα.
1434 1723 1628 1789 προϊὼν

211 1782 262 1832 δὲ
288 1787 349 1848 τῇ
380 1783 500 1850 δόξῃ
542 1785 630 1835 καὶ
665 1786 793 1850 ὑπὲρ
834 1786 1013 1837 ἄλλων
1051 1788 1312 1839 ἀπεδίδου.
1388 1791 1474 1841 καὶ
1511 1796 1625 1847 ταῖς

210 1850 546 1915 δημοκοπίαις
585 1853 917 1921 ἐπαιρόμενος
967 1856 1281 1914 ἐβούλευσεν
1322 1858 1419 1920 ἤδη
1460 1864 1622 1926 χρεῶν

208 1920 481 1975 ἀποκοπὰς
514 1923 703 1980 κοινάς,
741 1923 772 1984 ἢ
815 1922 903 1972 τὸν
944 1923 1103 1988 δῆμον
1139 1924 1283 1990 ἠξίου
1321 1931 1427 1982 τοῖς
1465 1928 1622 1979 δανεί-

207 2009 369 2038 σασιν
393 1989 691 2047 ἀποδοῦναι,
718 1990 809 2052 τὴν
833 1997 930 2055 γῆν
955 1994 1003 2046 ἐς
1029 1996 1181 2044 τοῦτο
1207 1993 1525 2059 ἀποδόμενον
1549 1997 1623 2048 ἔτι

207 2057 369 2106 οὖσαν
394 2056 659 2122 ἀνέμητον.
732 2064 839 2108 Val.
869 2081 910 2123 p.
941 2066 1052 2111 549.

207 2503 261 2549 54
