1747 2693
914 584 965 634 Γ'

566 776 660 823 ΕΚ
698 772 839 826 ΤΗΣ
876 771 1324 830 ΣΑΥΝΙΤΙΚΗΣ

932 924 957 969 I

303 1035 343 1080 1.
367 1028 499 1079 Ὅτι
537 1029 584 1078 οἱ
617 1028 888 1092 Ῥωμαίων
922 1029 1208 1095 στρατηγοὶ
1246 1031 1531 1097 Κορνήλιος
1566 1033 1649 1082 καὶ

233 1108 524 1172 Κορουῖνος,
576 1105 661 1154 καὶ
711 1103 895 1157 Δέκιος
944 1102 1182 1167 δημότης,
1222 1100 1476 1159 Σαυνίτας
1513 1106 1648 1170 νική-

231 1201 415 1234 σαντες
456 1179 710 1229 ὑπέλιπον
752 1181 1063 1242 Καμπανοῖς
1107 1178 1351 1245 φύλακας
1390 1179 1519 1247 πρὸς
1556 1182 1649 1237 τὰς

229 1251 495 1309 Σαυνιτῶν
510 1253 801 1320 ἐπιδρομάς.
829 1254 877 1303 οἱ
897 1253 949 1303 δὲ
970 1253 1201 1321 φύλακες
1219 1253 1322 1305 οἵδε
1341 1258 1650 1321 Καμπανοῖς

230 1328 586 1396 ἁβροδιαίτοις
626 1329 712 1379 καὶ
749 1328 1100 1379 πολυτελέσιν
1137 1329 1254 1379 οὖσι
1297 1335 1651 1387 κοινωνοῦντες

231 1404 525 1471 ἐφθείροντο
553 1403 645 1458 τὰς
669 1403 890 1469 γνώμας,
919 1404 1003 1454 καὶ
1046 1404 1293 1471 ἐφθόνουν
1330 1405 1398 1455 ὧν
1436 1405 1650 1473 ἔχουσιν

229 1481 455 1544 ἀγαθῶν,
484 1480 634 1529 αὐτοὶ
669 1478 935 1543 πενόμενοι
960 1479 1048 1530 καὶ
1072 1479 1139 1529 τὰ
1162 1480 1295 1547 χρέα
1335 1480 1551 1537 δεδιότες
1585 1483 1650 1533 τὰ

231 1557 281 1606 ἐν
304 1553 492 1619 Ῥώμῃ.
567 1554 715 1609 τέλος
742 1554 793 1604 δὲ
820 1553 1170 1615 ἐπεβούλευον
1196 1554 1312 1609 τοὺς
1339 1555 1509 1620 ξένους
1536 1558 1648 1607 ἑαυ-

230 1633 331 1681 τῶν
355 1627 623 1683 ἀνελόντες
651 1628 863 1680 ἕκαστοι
899 1628 994 1693 τὴν
1028 1629 1336 1695 περιουσίαν
1360 1637 1652 1700 κατασχεῖν

230 1705 317 1755 καὶ
344 1704 436 1759 τὰς
460 1708 711 1769 γυναῖκας
738 1705 786 1759 ἐς
824 1705 989 1770 γάμον
1025 1704 1487 1771 προσαγαγέσθαι.
1561 1708 1650 1759 καὶ

231 1779 373 1846 τάχα
424 1779 485 1830 ἂν
535 1779 770 1846 ἔπραξαν
819 1779 1047 1847 αἰσχρὸν
1094 1780 1227 1830 οὕτω
1270 1779 1449 1845 μύσος,
1501 1782 1542 1832 εἰ
1578 1783 1648 1848 μὴ

230 1854 549 1919 Μάμερκος,1
599 1855 769 1921 ἕτερος
837 1853 1105 1919 Ῥωμαίων
1179 1855 1490 1921 στρατηγός,
1563 1859 1647 1909 ἐπὶ

229 1927 483 1982 Σαυνίτας
504 1926 691 1978 ὁδεύων
711 1928 866 1993 ἔμαθε
892 1928 949 1979 τὸ
968 1929 1240 1993 βούλευμα
1262 1933 1363 1979 τῶν
1380 1932 1646 1997 φυλάκων,

229 1996 317 2046 καὶ
364 1996 660 2063 ἐπικρύψας
708 1997 826 2051 τοὺς
872 1997 965 2062 μὲν
1016 1999 1186 2049 αὐτῶν
1246 1999 1507 2062 ἐξώπλισε
1560 2001 1650 2051 καὶ

229 2066 425 2131 ἀφῆκεν
480 2065 563 2114 οἷα
616 2065 953 2130 κεκμηκότας,
1002 2066 1121 2121 τοὺς
1171 2066 1223 2116 δὲ
1277 2068 1647 2136 πονηροτέρους

230 2132 501 2183 ἐκέλευσεν
535 2135 583 2188 ἐς
607 2133 807 2199 Ῥώμην
846 2133 933 2185 ἐπί
963 2156 1077 2185 τινα
1108 2134 1291 2202 χρείαν
1329 2135 1644 2200 ἐπείγεσθαι,

227 2200 511 2269 χιλίαρχόν
537 2223 592 2252 τε
615 2203 791 2257 αὐτοῖς
818 2202 1167 2270 συνέπεμψεν,
1187 2204 1224 2270 ᾧ
1242 2205 1413 2270 εἴρητο
1439 2206 1647 2272 ἀφανῶς

228 2270 417 2324 αὐτοὺς
465 2271 778 2338 φυλάσσειν.
853 2272 1085 2338 ἑκάτεροι
1134 2271 1173 2321 δ᾽
1215 2272 1521 2323 ὑπώπτευον
1560 2296 1644 2339 με-

280 2396 387 2434 1 An
407 2410 521 2435 error
540 2398 604 2436 for
624 2398 789 2443 Μάρκιος
809 2416 843 2432 =
863 2398 907 2438 C.
933 2399 1115 2438 Marcius
1135 2400 1320 2447 Rutilus,
1342 2414 1449 2439 cons.
1475 2403 1549 2440 342
1568 2413 1642 2442 B.C.

231 2474 287 2529 58
