<?xml version="1.0" encoding="UTF-8"?>
<PcGts xmlns="http://schema.primaresearch.org/PAGE/gts/pagecontent/2013-07-15" xmlns:xsi="http://www.w3.org/2001/XMLSchema-instance" xsi:schemaLocation="http://schema.primaresearch.org/PAGE/gts/pagecontent/2013-07-15 http://schema.primaresearch.org/PAGE/gts/pagecontent/2013-07-15/pagecontent.xsd">
	<Metadata>
	<Creator></Creator>
	<Created>2014-06-11T02:41:03</Created>
	<LastChange>2014-06-11T13:42:32</LastChange></Metadata>
	<Page imageFilename="0076.jpg" imageWidth="1747" imageHeight="2693">
	<TextRegion id="r1" type="paragraph">
	<Coords points="83,309 90,2625 1677,2622 1677,261 1587,77 174,83 77,258"/>
	<TextLine id="r302">
	<Coords points="267,135 267,254 1606,254 1606,135"/>
	<Word id="r303">
	<Coords points="277,154 277,245 612,245 612,154"/>
	<TextEquiv>
	<Unicode>APPIAN'S</Unicode></TextEquiv></Word>
	<Word id="r304">
	<Coords points="622,154 622,241 900,241 900,154"/>
	<TextEquiv>
	<Unicode>ROMAN</Unicode></TextEquiv></Word>
	<Word id="r305">
	<Coords points="919,154 919,235 1251,235 1251,154"/>
	<TextEquiv>
	<Unicode>HISTORY,</Unicode></TextEquiv></Word>
	<Word id="r306">
	<Coords points="1264,164 1264,235 1470,235 1470,164"/>
	<TextEquiv>
	<Unicode>BOOK</Unicode></TextEquiv></Word>
	<Word id="r307">
	<Coords points="1493,161 1493,229 1587,229 1587,161"/>
	<TextEquiv>
	<Unicode>III</Unicode></TextEquiv></Word>
	<TextEquiv>
	<Unicode>APPIAN'S ROMAN HISTORY, BOOK III</Unicode></TextEquiv></TextLine>
	<TextLine id="r36">
	<Coords points="1082,297 1084,297 1084,298 1085,298 1085,318 1233,318 1233,300 1234,300 1234,299 1235,299 1235,298 1309,298 1309,297 1310,297 1310,296 1314,296 1314,297 1315,297 1315,318 1532,318 1532,310 1533,310 1533,306 1534,306 1534,304 1535,304 1535,301 1536,301 1536,300 1537,300 1537,299 1538,299 1538,297 1539,297 1539,296 1542,296 1542,297 1543,297 1543,299 1544,299 1544,319 1639,319 1639,320 1640,320 1640,321 1641,321 1641,344 1640,344 1640,345 1639,345 1639,346 1605,346 1605,347 1601,347 1601,346 1431,346 1431,347 1430,347 1430,346 1273,346 1273,347 1271,347 1271,353 1270,353 1270,360 1269,360 1269,362 1268,362 1268,363 1266,363 1266,362 1265,362 1265,346 1140,346 1140,349 1139,349 1139,353 1138,353 1138,357 1137,357 1137,358 1136,358 1136,359 1133,359 1133,358 1132,358 1132,347 970,347 970,351 969,351 969,357 968,357 968,360 967,360 967,363 966,363 966,364 931,364 931,347 780,347 780,348 769,348 769,349 768,349 768,357 767,357 767,364 766,364 766,365 761,365 761,349 635,349 635,350 502,350 502,352 501,352 501,354 500,354 500,355 499,355 499,356 498,356 498,357 495,357 495,358 492,358 492,352 291,352 291,353 290,353 290,358 289,358 289,362 288,362 288,363 287,363 287,364 286,364 286,365 232,365 232,366 230,366 230,365 229,365 229,355 230,355 230,352 231,352 231,348 232,348 232,344 233,344 233,340 234,340 234,336 235,336 235,331 236,331 236,329 237,329 237,328 238,328 238,326 256,326 256,325 270,325 270,324 336,324 336,313 337,313 337,310 338,310 338,308 339,308 339,307 343,307 343,306 419,306 419,305 421,305 421,304 422,304 422,303 426,303 426,304 427,304 427,305 428,305 428,306 429,306 429,307 430,307 430,308 431,308 431,322 616,322 616,321 626,321 626,302 627,302 627,301 628,301 628,300 631,300 631,301 632,301 632,302 633,302 633,303 634,303 634,305 635,305 635,306 636,306 636,309 637,309 637,311 638,311 638,313 639,313 639,315 640,315 640,317 641,317 641,322 747,322 747,321 750,321 750,320 795,320 795,300 796,300 796,299 887,299 887,300 888,300 888,301 889,301 889,309 890,309 890,319 1072,319 1072,313 1073,313 1073,311 1074,311 1074,308 1075,308 1075,305 1076,305 1076,302 1077,302 1077,300 1078,300 1078,298 1079,298 1079,297 1082,297 1082,296"/>
	<Word id="r227">
	<Coords points="426,303 426,304 427,304 427,305 428,305 428,306 429,306 429,307 430,307 430,308 431,308 431,322 483,322 483,323 484,323 484,338 486,338 486,339 487,339 487,341 501,341 501,342 502,342 502,344 503,344 503,350 502,350 502,352 501,352 501,354 500,354 500,355 499,355 499,356 498,356 498,357 495,357 495,358 492,358 492,352 291,352 291,353 290,353 290,358 289,358 289,362 288,362 288,363 287,363 287,364 286,364 286,365 232,365 232,366 230,366 230,365 229,365 229,355 230,355 230,352 231,352 231,348 232,348 232,344 233,344 233,340 234,340 234,336 235,336 235,331 236,331 236,329 237,329 237,328 238,328 238,326 256,326 256,325 270,325 270,324 336,324 336,313 337,313 337,310 338,310 338,308 339,308 339,307 343,307 343,306 419,306 419,305 421,305 421,304 422,304 422,303"/>
	<TextEquiv>
	<Unicode>μηνῦσθαι,</Unicode></TextEquiv></Word>
	<Word id="r228">
	<Coords points="631,300 631,301 632,301 632,302 633,302 633,303 634,303 634,305 635,305 635,306 636,306 636,309 637,309 637,311 638,311 638,313 639,313 639,315 640,315 640,317 641,317 641,337 644,337 644,338 645,338 644,338 644,341 643,341 643,343 642,343 642,345 641,345 641,346 640,346 640,347 639,347 639,348 638,348 638,349 635,349 635,350 558,350 558,349 557,349 557,347 556,347 556,346 557,346 557,343 558,343 558,340 559,340 559,338 560,338 560,334 561,334 561,331 562,331 562,328 563,328 563,325 564,325 564,324 565,324 565,323 568,323 568,322 616,322 616,321 626,321 626,302 627,302 627,301 628,301 628,300"/>
	<TextEquiv>
	<Unicode>καὶ</Unicode></TextEquiv></Word>
	<Word id="r229">
	<Coords points="800,299 800,300 801,300 801,301 802,301 802,303 803,303 803,306 804,306 804,309 805,309 805,311 806,311 806,314 807,314 807,336 811,336 811,340 810,340 810,342 809,342 809,343 808,343 808,345 807,345 807,346 805,346 805,347 780,347 780,348 769,348 769,349 768,349 768,357 767,357 767,364 766,364 766,365 761,365 761,349 700,349 700,348 699,348 699,335 694,335 694,334 693,334 693,327 694,327 694,325 695,325 695,324 696,324 696,323 698,323 698,322 747,322 747,321 750,321 750,320 795,320 795,300 796,300 796,299"/>
	<TextEquiv>
	<Unicode>περὶ</Unicode></TextEquiv></Word>
	<Word id="r230">
	<Coords points="1082,297 1084,297 1084,298 1085,298 1085,318 1175,318 1175,319 1176,319 1176,320 1177,320 1177,322 1178,322 1177,322 1177,327 1176,327 1176,329 1175,329 1175,331 1174,331 1174,332 1173,332 1173,333 1172,333 1172,335 1171,335 1171,336 1170,336 1170,337 1169,337 1169,338 1168,338 1168,339 1167,339 1167,340 1165,340 1165,341 1164,341 1164,342 1162,342 1162,343 1160,343 1160,344 1157,344 1157,345 1155,345 1155,346 1140,346 1140,349 1139,349 1139,353 1138,353 1138,357 1137,357 1137,358 1136,358 1136,359 1133,359 1133,358 1132,358 1132,347 970,347 970,351 969,351 969,357 968,357 968,360 967,360 967,363 966,363 966,364 931,364 931,347 898,347 898,346 860,346 860,345 859,345 859,317 851,317 851,316 850,316 850,315 849,315 849,301 851,301 851,300 879,300 879,299 887,299 887,300 888,300 888,301 889,301 889,309 890,309 890,319 1072,319 1072,313 1073,313 1073,311 1074,311 1074,308 1075,308 1075,305 1076,305 1076,302 1077,302 1077,300 1078,300 1078,298 1079,298 1079,297 1082,297 1082,296"/>
	<TextEquiv>
	<Unicode>Ταρρακίνην</Unicode></TextEquiv></Word>
	<Word id="r231">
	<Coords points="1314,296 1314,297 1315,297 1315,318 1532,318 1532,310 1533,310 1533,306 1534,306 1534,304 1535,304 1535,301 1536,301 1536,300 1537,300 1537,299 1538,299 1538,297 1539,297 1539,296 1542,296 1542,297 1543,297 1543,299 1544,299 1543,299 1543,302 1542,302 1542,337 1541,337 1541,340 1540,340 1540,341 1539,341 1539,343 1538,343 1538,344 1536,344 1536,345 1533,345 1533,346 1431,346 1431,347 1430,347 1430,346 1273,346 1273,347 1271,347 1271,353 1270,353 1270,360 1269,360 1269,362 1268,362 1268,363 1266,363 1266,362 1265,362 1265,346 1227,346 1227,345 1222,345 1222,344 1221,344 1221,343 1220,343 1220,342 1219,342 1219,339 1218,339 1218,336 1219,336 1219,331 1220,331 1220,330 1221,330 1221,329 1222,329 1222,327 1223,327 1223,326 1224,326 1224,324 1226,324 1226,323 1227,323 1227,322 1228,322 1228,321 1231,321 1231,320 1233,320 1233,300 1234,300 1234,299 1235,299 1235,298 1309,298 1309,297 1310,297 1310,296"/>
	<TextEquiv>
	<Unicode>ἀφίστανταί</Unicode></TextEquiv></Word>
	<Word id="r232">
	<Coords points="1639,319 1639,320 1640,320 1640,321 1641,321 1641,344 1640,344 1640,345 1639,345 1639,346 1605,346 1605,347 1601,347 1601,345 1600,345 1600,331 1592,331 1592,329 1591,329 1591,325 1592,325 1592,323 1593,323 1593,321 1596,321 1596,320 1638,320 1638,319"/>
	<TextEquiv>
	<Unicode>τε</Unicode></TextEquiv></Word>
	<TextEquiv>
	<Unicode>μηνῦσθαι, καὶ περὶ Ταρρακίνην ἀφίστανταί τε</Unicode></TextEquiv></TextLine>
	<TextLine id="r3">
	<Coords points="1272,365 1273,365 1273,366 1275,366 1275,386 1296,386 1296,387 1406,387 1406,386 1462,386 1462,368 1464,368 1464,367 1469,367 1469,368 1470,368 1470,369 1471,369 1471,372 1472,372 1472,387 1602,387 1602,377 1603,377 1603,374 1604,374 1604,372 1605,372 1605,371 1607,371 1607,370 1611,370 1611,369 1613,369 1613,370 1617,370 1617,371 1618,371 1618,372 1619,372 1619,373 1620,373 1620,375 1621,375 1621,388 1636,388 1636,389 1639,389 1639,390 1641,390 1641,391 1642,391 1642,392 1643,392 1643,397 1639,397 1639,414 1638,414 1638,416 1637,416 1637,417 1636,417 1636,418 1634,418 1634,419 1630,419 1630,415 1550,415 1550,414 1328,414 1328,418 1327,418 1327,423 1326,423 1326,425 1325,425 1325,427 1324,427 1324,428 1322,428 1322,429 1277,429 1277,430 1275,430 1275,429 1274,429 1274,414 1152,414 1152,415 1020,415 1020,416 941,416 941,417 940,417 940,418 938,418 938,419 933,419 933,418 932,418 932,416 781,416 781,417 661,417 661,418 660,418 660,420 659,420 659,421 658,421 658,422 657,422 657,423 655,423 655,424 652,424 652,425 584,425 584,427 583,427 583,430 582,430 582,431 581,431 581,432 580,432 580,433 579,433 579,434 576,434 576,435 515,435 515,434 514,434 514,419 396,419 396,428 395,428 395,429 394,429 394,431 393,431 393,433 392,433 392,434 391,434 391,435 390,435 390,436 387,436 387,437 358,437 358,421 240,421 240,420 239,420 239,419 238,419 238,405 231,405 231,404 230,404 230,398 231,398 231,396 232,396 232,395 234,395 234,394 273,394 273,393 297,393 297,381 298,381 298,379 299,379 299,378 300,378 300,377 301,377 301,376 302,376 302,375 311,375 311,376 314,376 314,378 315,378 315,380 316,380 316,391 419,391 419,378 420,378 420,377 501,377 501,376 502,376 502,375 503,375 503,374 504,374 504,372 505,372 505,371 506,371 506,370 509,370 509,371 510,371 510,389 583,389 583,390 764,390 764,389 773,389 773,368 774,368 774,367 905,367 905,366 1059,366 1059,367 1271,367 1271,366 1272,366"/>
	<Word id="r64">
	<Coords points="311,375 311,376 314,376 314,378 315,378 315,380 316,380 316,393 318,393 318,394 319,394 319,403 318,403 318,407 317,407 317,409 316,409 316,410 315,410 315,412 314,412 314,413 313,413 313,415 311,415 311,417 310,417 310,418 307,418 307,419 305,419 305,420 274,420 274,421 240,421 240,420 239,420 239,419 238,419 238,405 231,405 231,404 230,404 230,398 231,398 231,396 232,396 232,395 234,395 234,394 273,394 273,393 297,393 297,381 298,381 298,379 299,379 299,378 300,378 300,377 301,377 301,376 302,376 302,375"/>
	<TextEquiv>
	<Unicode>τοῦ</Unicode></TextEquiv></Word>
	<Word id="r65">
	<Coords points="509,370 509,371 510,371 510,389 583,389 583,390 644,390 644,391 646,391 646,392 647,392 647,407 658,407 658,408 659,408 659,409 660,409 660,410 661,410 661,412 662,412 662,415 661,415 661,418 660,418 660,420 659,420 659,421 658,421 658,422 657,422 657,423 655,423 655,424 652,424 652,425 584,425 584,427 583,427 583,430 582,430 582,431 581,431 581,432 580,432 580,433 579,433 579,434 576,434 576,435 515,435 515,434 514,434 514,419 396,419 396,428 395,428 395,429 394,429 394,431 393,431 393,433 392,433 392,434 391,434 391,435 390,435 390,436 387,436 387,437 358,437 358,400 359,400 359,398 360,398 360,397 361,397 361,396 362,396 362,395 363,395 363,394 364,394 364,393 366,393 366,392 394,392 394,391 419,391 419,378 420,378 420,377 501,377 501,376 502,376 502,375 503,375 503,374 504,374 504,372 505,372 505,371 506,371 506,370"/>
	<TextEquiv>
	<Unicode>χιλιάρχου,</Unicode></TextEquiv></Word>
	<Word id="r66">
	<Coords points="775,367 775,368 777,368 777,369 778,369 778,370 779,370 779,372 780,372 780,374 781,374 781,376 782,376 782,378 783,378 783,381 784,381 784,384 785,384 785,404 789,404 789,407 788,407 788,409 787,409 787,411 786,411 786,413 785,413 785,415 783,415 783,416 781,416 781,417 706,417 706,416 705,416 705,411 706,411 706,409 707,409 707,405 708,405 708,403 709,403 709,400 710,400 710,394 711,394 711,392 712,392 712,391 713,391 713,390 764,390 764,389 773,389 773,368 774,368 774,367"/>
	<TextEquiv>
	<Unicode>καὶ</Unicode></TextEquiv></Word>
	<Word id="r67">
	<Coords points="908,366 908,367 909,367 909,368 910,368 910,370 911,370 911,374 912,374 912,377 913,377 913,380 914,380 914,387 938,387 938,388 940,388 940,389 944,389 944,390 946,390 946,391 947,391 947,392 948,392 948,396 947,396 947,397 943,397 943,415 942,415 942,416 941,416 941,417 940,417 940,418 938,418 938,419 933,419 933,418 932,418 932,416 842,416 842,415 841,415 841,414 840,414 840,400 832,400 832,399 831,399 831,397 830,397 830,395 831,395 831,392 832,392 832,391 833,391 833,390 835,390 835,389 850,389 850,388 904,388 904,367 905,367 905,366"/>
	<TextEquiv>
	<Unicode>τοὺς</Unicode></TextEquiv></Word>
	<Word id="r68">
	<Coords points="1059,366 1059,367 1060,367 1060,368 1061,368 1061,370 1062,370 1062,371 1063,371 1063,374 1064,374 1064,376 1065,376 1065,378 1066,378 1066,380 1067,380 1067,383 1068,383 1068,403 1072,403 1072,406 1071,406 1071,407 1070,407 1070,409 1069,409 1069,411 1068,411 1068,412 1067,412 1067,413 1066,413 1066,414 1065,414 1065,415 1020,415 1020,416 1019,416 1019,415 999,415 999,414 994,414 994,413 992,413 992,412 990,412 990,411 989,411 989,410 988,410 988,408 987,408 987,406 986,406 986,401 987,401 987,398 988,398 988,396 989,396 989,394 990,394 990,393 991,393 991,392 992,392 992,391 993,391 993,390 994,390 994,389 996,389 996,388 997,388 997,370 998,370 998,368 999,368 999,367 1000,367 1000,366"/>
	<TextEquiv>
	<Unicode>ἐπὶ</Unicode></TextEquiv></Word>
	<Word id="r69">
	<Coords points="1164,368 1164,369 1167,369 1167,370 1169,370 1169,371 1170,371 1170,372 1171,372 1171,373 1172,373 1172,375 1173,375 1173,387 1208,387 1208,388 1209,388 1209,389 1210,389 1210,395 1209,395 1209,397 1208,397 1208,399 1207,399 1207,401 1206,401 1206,402 1205,402 1205,403 1204,403 1204,404 1203,404 1203,405 1202,405 1202,407 1200,407 1200,408 1199,408 1199,409 1197,409 1197,410 1196,410 1196,411 1194,411 1194,412 1192,412 1192,413 1190,413 1190,414 1152,414 1152,415 1120,415 1120,414 1119,414 1119,412 1118,412 1118,399 1111,399 1111,398 1110,398 1110,394 1109,394 1109,393 1110,393 1110,390 1112,390 1112,389 1114,389 1114,388 1120,388 1120,387 1153,387 1153,376 1154,376 1154,374 1155,374 1155,371 1156,371 1156,370 1158,370 1158,369 1161,369 1161,368"/>
	<TextEquiv>
	<Unicode>τῶν</Unicode></TextEquiv></Word>
	<Word id="r70">
	<Coords points="1273,365 1273,366 1275,366 1275,386 1296,386 1296,387 1406,387 1406,386 1408,386 1408,387 1409,387 1409,397 1408,397 1408,399 1407,399 1407,401 1406,401 1406,402 1405,402 1405,403 1404,403 1404,404 1403,404 1403,405 1402,405 1402,406 1401,406 1401,407 1400,407 1400,408 1399,408 1399,409 1397,409 1397,410 1395,410 1395,411 1394,411 1394,412 1392,412 1392,413 1390,413 1390,414 1328,414 1328,418 1327,418 1327,423 1326,423 1326,425 1325,425 1325,427 1324,427 1324,428 1322,428 1322,429 1277,429 1277,430 1275,430 1275,429 1274,429 1274,414 1259,414 1259,413 1256,413 1256,412 1254,412 1254,411 1253,411 1253,410 1252,410 1252,409 1251,409 1251,407 1250,407 1250,399 1251,399 1251,396 1252,396 1252,394 1254,394 1254,380 1255,380 1255,379 1256,379 1256,368 1258,368 1258,367 1271,367 1271,366 1272,366 1272,365"/>
	<TextEquiv>
	<Unicode>ἔργων</Unicode></TextEquiv></Word>
	<Word id="r71">
	<Coords points="1469,367 1469,368 1470,368 1470,369 1471,369 1471,372 1472,372 1472,387 1499,387 1499,388 1500,388 1500,390 1501,390 1501,394 1500,394 1500,397 1499,397 1499,398 1498,398 1498,400 1497,400 1497,402 1496,402 1496,403 1495,403 1495,404 1494,404 1494,405 1493,405 1493,406 1492,406 1492,407 1490,407 1490,409 1489,409 1489,410 1487,410 1487,411 1485,411 1485,412 1484,412 1484,413 1481,413 1481,414 1457,414 1457,413 1455,413 1455,412 1454,412 1454,411 1452,411 1452,409 1451,409 1451,408 1450,408 1450,405 1449,405 1449,400 1450,400 1450,397 1451,397 1451,396 1452,396 1452,395 1453,395 1453,393 1454,393 1454,392 1455,392 1455,391 1456,391 1456,390 1458,390 1458,389 1460,389 1460,388 1462,388 1462,368 1464,368 1464,367"/>
	<TextEquiv>
	<Unicode>ἐν</Unicode></TextEquiv></Word>
	<Word id="r72">
	<Coords points="1613,369 1613,370 1617,370 1617,371 1618,371 1618,372 1619,372 1619,373 1620,373 1620,375 1621,375 1621,388 1636,388 1636,389 1639,389 1639,390 1641,390 1641,391 1642,391 1642,392 1643,392 1643,397 1639,397 1639,414 1638,414 1638,416 1637,416 1637,417 1636,417 1636,418 1634,418 1634,419 1630,419 1630,415 1550,415 1550,414 1548,414 1548,399 1540,399 1540,397 1539,397 1539,391 1540,391 1540,390 1541,390 1541,389 1542,389 1542,388 1543,388 1543,387 1602,387 1602,377 1603,377 1603,374 1604,374 1604,372 1605,372 1605,371 1607,371 1607,370 1611,370 1611,369"/>
	<TextEquiv>
	<Unicode>τοῖς</Unicode></TextEquiv></Word>
	<TextEquiv>
	<Unicode>τοῦ χιλιάρχου, καὶ τοὺς ἐπὶ τῶν ἔργων ἐν τοῖς</Unicode></TextEquiv></TextLine>
	<TextLine id="r4">
	<Coords points="1248,432 1248,433 1350,433 1350,432 1354,432 1354,433 1355,433 1355,455 1597,455 1597,438 1598,438 1598,437 1600,437 1600,436 1606,436 1606,437 1607,437 1607,456 1635,456 1635,457 1639,457 1639,458 1640,458 1640,459 1641,459 1641,460 1642,460 1642,461 1643,461 1643,464 1644,464 1643,464 1643,465 1642,465 1642,466 1639,466 1639,481 1638,481 1638,484 1637,484 1637,485 1636,485 1636,486 1634,486 1634,487 1631,487 1631,488 1631,487 1528,487 1528,488 1528,487 1526,487 1526,483 1433,483 1433,482 1280,482 1280,483 1076,483 1076,486 1075,486 1075,487 1074,487 1074,488 1073,488 1073,489 1072,489 1072,490 1070,490 1070,491 1067,491 1067,492 1066,492 1066,491 1065,491 1065,487 1046,487 1046,486 1045,486 1045,483 921,483 921,484 714,484 714,486 713,486 713,487 712,487 712,488 711,488 711,489 708,489 708,490 705,490 705,486 549,486 549,489 548,489 548,492 547,492 547,496 546,496 546,500 545,500 545,501 542,501 542,500 541,500 541,487 398,487 398,488 397,488 397,489 396,489 396,490 395,490 395,491 393,491 393,492 305,492 305,495 304,495 304,499 303,499 303,504 301,504 301,505 300,505 300,504 299,504 299,503 278,503 278,502 276,502 276,500 275,500 275,488 234,488 234,487 231,487 231,485 230,485 230,484 229,484 229,477 230,477 230,474 231,474 231,472 232,472 232,471 233,471 233,469 234,469 234,468 235,468 235,467 236,467 236,466 237,466 237,465 239,465 239,464 242,464 242,463 244,463 244,443 245,443 245,442 246,442 246,441 251,441 251,442 252,442 252,443 253,443 253,445 254,445 254,460 362,460 362,449 363,449 363,447 364,447 364,445 366,445 366,444 368,444 368,443 436,443 436,441 437,441 437,440 438,440 438,438 440,438 440,437 496,437 496,438 600,438 600,437 603,437 603,438 604,438 604,458 758,458 758,438 759,438 759,437 865,437 865,436 866,436 866,435 867,435 867,434 869,434 869,433 871,433 871,456 1028,456 1028,455 1178,455 1178,434 1179,434 1179,433 1244,433 1244,432"/>
	<Word id="r73">
	<Coords points="251,441 251,442 252,442 252,443 253,443 253,445 254,445 254,460 362,460 362,449 363,449 363,447 364,447 364,445 366,445 366,444 368,444 368,443 375,443 375,444 376,444 376,445 377,445 377,446 379,446 379,448 380,448 380,460 394,460 394,461 398,461 398,462 400,462 400,463 401,463 401,464 402,464 402,465 403,465 403,469 402,469 402,470 399,470 399,487 398,487 398,488 397,488 397,489 396,489 396,490 395,490 395,491 393,491 393,492 305,492 305,495 304,495 304,499 303,499 303,504 301,504 301,505 300,505 300,504 299,504 299,503 278,503 278,502 276,502 276,500 275,500 275,488 234,488 234,487 231,487 231,485 230,485 230,484 229,484 229,477 230,477 230,474 231,474 231,472 232,472 232,471 233,471 233,469 234,469 234,468 235,468 235,467 236,467 236,466 237,466 237,465 239,465 239,464 242,464 242,463 244,463 244,443 245,443 245,442 246,442 246,441"/>
	<TextEquiv>
	<Unicode>ἀγροῖς</Unicode></TextEquiv></Word>
	<Word id="r74">
	<Coords points="496,437 496,438 600,438 600,437 603,437 603,438 604,438 604,458 712,458 712,459 715,459 715,460 716,460 716,461 717,461 717,462 718,462 718,463 719,463 719,467 718,467 718,468 715,468 715,484 714,484 714,486 713,486 713,487 712,487 712,488 711,488 711,489 708,489 708,490 705,490 705,486 549,486 549,489 548,489 548,492 547,492 547,496 546,496 546,500 545,500 545,501 542,501 542,500 541,500 541,487 470,487 470,486 437,486 437,485 435,485 435,484 434,484 434,483 433,483 433,482 432,482 432,481 431,481 431,476 430,476 430,473 431,473 431,469 432,469 432,468 433,468 433,466 435,466 435,464 436,464 436,441 437,441 437,440 438,440 438,438 440,438 440,437"/>
	<TextEquiv>
	<Unicode>δεδεμένους</Unicode></TextEquiv></Word>
	<Word id="r75">
	<Coords points="871,433 871,456 1028,456 1028,455 1052,455 1052,456 1055,456 1055,457 1057,457 1057,458 1058,458 1058,459 1059,459 1059,460 1060,460 1060,475 1074,475 1074,476 1075,476 1075,477 1076,477 1076,479 1077,479 1077,481 1076,481 1076,486 1075,486 1075,487 1074,487 1074,488 1073,488 1073,489 1072,489 1072,490 1070,490 1070,491 1067,491 1067,492 1066,492 1066,491 1065,491 1065,487 1046,487 1046,486 1045,486 1045,483 921,483 921,484 753,484 753,483 751,483 751,482 750,482 750,481 749,481 749,480 748,480 748,479 747,479 747,476 746,476 746,470 747,470 747,468 748,468 748,465 749,465 749,464 750,464 750,462 752,462 752,460 754,460 754,459 755,459 755,458 758,458 758,438 759,438 759,437 865,437 865,436 866,436 866,435 867,435 867,434 869,434 869,433"/>
	<TextEquiv>
	<Unicode>ἐκλύσαντες,</Unicode></TextEquiv></Word>
	<Word id="r76">
	<Coords points="1181,433 1181,434 1183,434 1183,436 1184,436 1184,438 1185,438 1185,441 1186,441 1186,442 1187,442 1187,444 1188,444 1188,446 1189,446 1189,449 1190,449 1190,470 1193,470 1193,471 1194,471 1194,473 1193,473 1193,476 1192,476 1192,477 1191,477 1191,479 1190,479 1190,480 1189,480 1189,481 1188,481 1188,482 1186,482 1186,483 1106,483 1106,482 1105,482 1105,481 1104,481 1104,480 1105,480 1105,477 1106,477 1106,475 1107,475 1107,472 1108,472 1108,470 1109,470 1109,466 1110,466 1110,464 1111,464 1111,461 1112,461 1112,458 1113,458 1113,457 1114,457 1114,456 1151,456 1151,455 1178,455 1178,434 1179,434 1179,433"/>
	<TextEquiv>
	<Unicode>καὶ</Unicode></TextEquiv></Word>
	<Word id="r77">
	<Coords points="1248,432 1248,433 1350,433 1350,432 1354,432 1354,433 1355,433 1355,455 1532,455 1532,456 1535,456 1535,457 1537,457 1537,458 1539,458 1539,459 1540,459 1540,460 1541,460 1541,461 1542,461 1542,464 1541,464 1541,466 1539,466 1539,467 1537,467 1537,481 1536,481 1536,482 1535,482 1535,485 1534,485 1534,486 1532,486 1532,487 1528,487 1528,488 1528,487 1526,487 1526,483 1433,483 1433,482 1280,482 1280,483 1262,483 1262,482 1234,482 1234,481 1232,481 1232,480 1231,480 1231,479 1230,479 1230,478 1229,478 1229,477 1228,477 1228,474 1227,474 1227,468 1228,468 1228,465 1229,465 1229,464 1230,464 1230,461 1231,461 1231,460 1232,460 1232,459 1233,459 1233,458 1234,458 1234,457 1235,457 1235,456 1239,456 1239,438 1240,438 1240,435 1241,435 1241,434 1242,434 1242,433 1244,433 1244,432"/>
	<TextEquiv>
	<Unicode>ὁπλίσαντες</Unicode></TextEquiv></Word>
	<Word id="r78">
	<Coords points="1606,436 1606,437 1607,437 1607,456 1635,456 1635,457 1639,457 1639,458 1640,458 1640,459 1641,459 1641,460 1642,460 1642,461 1643,461 1643,464 1644,464 1643,464 1643,465 1642,465 1642,466 1639,466 1639,481 1638,481 1638,484 1637,484 1637,485 1636,485 1636,486 1634,486 1634,487 1631,487 1631,488 1631,487 1630,487 1630,486 1629,486 1629,482 1585,482 1585,481 1583,481 1583,480 1582,480 1582,479 1581,479 1581,477 1580,477 1580,473 1579,473 1579,470 1580,470 1580,466 1581,466 1581,464 1582,464 1582,463 1583,463 1583,462 1584,462 1584,460 1585,460 1585,459 1586,459 1586,458 1588,458 1588,457 1592,457 1592,456 1597,456 1597,438 1598,438 1598,437 1600,437 1600,436"/>
	<TextEquiv>
	<Unicode>ὡς</Unicode></TextEquiv></Word>
	<TextEquiv>
	<Unicode>ἀγροῖς δεδεμένους ἐκλύσαντες, καὶ ὁπλίσαντες ὡς</Unicode></TextEquiv></TextLine>
	<TextLine id="r5">
	<Coords points="1222,500 1222,501 1223,501 1223,505 1393,505 1393,504 1394,504 1394,502 1396,502 1396,501 1401,501 1401,502 1403,502 1403,503 1405,503 1405,504 1406,504 1406,505 1407,505 1407,506 1409,506 1409,508 1410,508 1410,509 1411,509 1411,510 1412,510 1412,512 1413,512 1413,523 1531,523 1531,515 1532,515 1532,514 1533,514 1533,512 1534,512 1534,510 1535,510 1535,509 1536,509 1536,507 1537,507 1537,505 1538,505 1538,504 1539,504 1539,502 1541,502 1541,501 1543,501 1543,503 1544,503 1544,524 1640,524 1640,540 1645,540 1645,542 1644,542 1644,544 1643,544 1643,546 1642,546 1642,547 1641,547 1641,548 1640,548 1640,549 1639,549 1639,550 1638,550 1638,551 1552,551 1552,557 1551,557 1551,565 1550,565 1550,567 1549,567 1549,568 1546,568 1546,566 1477,566 1477,565 1476,565 1476,551 1422,551 1422,550 1311,550 1311,551 1235,551 1235,552 1234,552 1234,556 1233,556 1233,561 1232,561 1232,563 1231,563 1231,564 1228,564 1228,563 1227,563 1227,551 1105,551 1105,554 1104,554 1104,558 1103,558 1103,562 1102,562 1102,563 1101,563 1101,564 1046,564 1046,565 1044,565 1044,566 1042,566 1042,565 1041,565 1041,551 874,551 874,553 873,553 873,554 872,554 872,555 871,555 871,556 866,556 866,557 866,556 864,556 864,551 759,551 759,552 758,552 758,553 754,553 754,554 574,554 574,556 573,556 573,560 572,560 572,563 571,563 571,566 570,566 570,567 566,567 566,566 565,566 565,563 476,563 476,562 475,562 475,556 322,556 322,557 244,557 244,558 238,558 238,557 235,557 235,556 233,556 233,555 232,555 232,554 231,554 231,552 230,552 230,543 231,543 231,541 232,541 232,538 233,538 233,537 234,537 234,536 235,536 235,535 236,535 236,534 237,534 237,533 238,533 238,532 240,532 240,531 241,531 241,513 242,513 242,512 243,512 243,511 244,511 244,510 262,510 262,509 263,509 263,508 310,508 310,507 312,507 312,508 313,508 313,529 457,529 457,528 558,528 558,521 559,521 559,510 560,510 560,509 573,509 573,507 574,507 574,506 578,506 578,513 592,513 592,514 594,514 594,515 595,515 595,517 597,517 597,518 599,518 599,520 600,520 600,521 601,521 601,523 602,523 602,525 603,525 603,527 716,527 716,526 840,526 840,525 843,525 843,524 844,524 844,504 848,504 848,503 1031,503 1031,504 1032,504 1032,524 1137,524 1137,523 1213,523 1213,504 1214,504 1214,502 1215,502 1215,501 1217,501 1217,500"/>
	<Word id="r79">
	<Coords points="312,507 312,508 313,508 313,529 457,529 457,528 462,528 462,529 465,529 465,530 467,530 467,531 468,531 468,533 469,533 469,536 470,536 470,538 471,538 471,546 482,546 482,547 484,547 484,548 485,548 485,550 486,550 486,554 485,554 485,557 484,557 484,558 483,558 483,560 482,560 482,561 481,561 481,562 477,562 477,563 476,563 476,562 475,562 475,556 322,556 322,557 244,557 244,558 238,558 238,557 235,557 235,556 233,556 233,555 232,555 232,554 231,554 231,552 230,552 230,543 231,543 231,541 232,541 232,538 233,538 233,537 234,537 234,536 235,536 235,535 236,535 236,534 237,534 237,533 238,533 238,532 240,532 240,531 241,531 241,513 242,513 242,512 243,512 243,511 244,511 244,510 262,510 262,509 263,509 263,508 310,508 310,507"/>
	<TextEquiv>
	<Unicode>ἐδύναντο,</Unicode></TextEquiv></Word>
	<Word id="r80">
	<Coords points="574,506 578,506 578,513 592,513 592,514 594,514 594,515 595,515 595,517 597,517 597,518 599,518 599,520 600,520 600,521 601,521 601,523 602,523 602,525 603,525 603,527 716,527 716,526 775,526 775,528 776,528 776,530 777,530 777,534 776,534 776,537 775,537 775,539 774,539 774,540 773,540 773,541 772,541 772,543 771,543 771,544 770,544 770,545 769,545 769,546 768,546 768,547 767,547 767,548 765,548 765,549 764,549 764,550 762,550 762,551 759,551 759,552 758,552 758,553 754,553 754,554 574,554 574,556 573,556 573,560 572,560 572,563 571,563 571,566 570,566 570,567 566,567 566,566 565,566 565,552 553,552 553,537 549,537 549,536 548,536 548,534 549,534 549,533 550,533 550,531 551,531 551,530 552,530 552,529 553,529 553,528 558,528 558,521 559,521 559,510 560,510 560,509 573,509 573,507 574,507"/>
	<TextEquiv>
	<Unicode>ἤλαυνον</Unicode></TextEquiv></Word>
	<Word id="r82">
	<Coords points="848,504 852,504 852,505 853,505 853,507 854,507 854,524 871,524 871,525 873,525 873,526 875,526 875,527 877,527 877,528 878,528 878,529 879,529 879,534 877,534 877,535 875,535 875,551 874,551 874,553 873,553 873,554 872,554 872,555 871,555 871,556 866,556 866,557 866,556 864,556 864,551 840,551 840,550 837,550 837,549 836,549 836,548 835,548 835,547 834,547 834,546 833,546 833,544 832,544 832,537 833,537 833,534 834,534 834,533 835,533 835,530 836,530 836,529 837,529 837,528 838,528 838,527 839,527 839,526 840,526 840,525 843,525 843,524 844,524 844,504 848,504 848,503"/>
	<TextEquiv>
	<Unicode>ἐς</Unicode></TextEquiv></Word>
	<Word id="r83">
	<Coords points="1031,503 1031,504 1032,504 1032,524 1137,524 1137,523 1138,523 1138,524 1139,524 1139,526 1140,526 1140,530 1141,530 1141,531 1140,531 1140,534 1139,534 1139,537 1138,537 1138,538 1137,538 1137,539 1136,539 1136,540 1135,540 1135,541 1134,541 1134,542 1133,542 1133,543 1132,543 1132,544 1131,544 1131,545 1130,545 1130,546 1129,546 1129,547 1127,547 1127,548 1126,548 1126,549 1124,549 1124,550 1122,550 1122,551 1105,551 1105,554 1104,554 1104,558 1103,558 1103,562 1102,562 1102,563 1101,563 1101,564 1046,564 1046,565 1044,565 1044,566 1042,566 1042,565 1041,565 1041,551 958,551 958,519 945,519 945,518 944,518 944,517 942,517 942,515 941,515 941,512 940,512 941,512 941,508 942,508 942,506 943,506 943,505 945,505 945,504 946,504 946,503"/>
	<TextEquiv>
	<Unicode>Ῥώμην</Unicode></TextEquiv></Word>
	<Word id="r84">
	<Coords points="1222,500 1222,501 1223,501 1223,505 1318,505 1318,506 1319,506 1319,507 1320,507 1320,508 1321,508 1321,509 1322,509 1322,510 1323,510 1323,512 1324,512 1324,524 1325,524 1325,525 1326,525 1326,527 1327,527 1327,528 1326,528 1326,535 1325,535 1325,538 1324,538 1324,539 1323,539 1323,541 1322,541 1322,543 1321,543 1321,544 1320,544 1320,545 1319,545 1319,546 1318,546 1318,547 1317,547 1317,548 1316,548 1316,549 1315,549 1315,550 1311,550 1311,551 1235,551 1235,552 1234,552 1234,556 1233,556 1233,561 1232,561 1232,563 1231,563 1231,564 1228,564 1228,563 1227,563 1227,551 1209,551 1209,550 1206,550 1206,549 1204,549 1204,547 1203,547 1203,546 1202,546 1202,544 1201,544 1201,541 1200,541 1200,538 1201,538 1201,533 1202,533 1202,532 1203,532 1203,530 1204,530 1204,528 1206,528 1206,526 1208,526 1208,525 1210,525 1210,524 1213,524 1213,504 1214,504 1214,502 1215,502 1215,501 1217,501 1217,500"/>
	<TextEquiv>
	<Unicode>ὁμοῦ</Unicode></TextEquiv></Word>
	<Word id="r85">
	<Coords points="1401,501 1401,502 1403,502 1403,503 1405,503 1405,504 1406,504 1406,505 1407,505 1407,506 1409,506 1409,508 1410,508 1410,509 1411,509 1411,510 1412,510 1412,512 1413,512 1413,523 1531,523 1531,515 1532,515 1532,514 1533,514 1533,512 1534,512 1534,510 1535,510 1535,509 1536,509 1536,507 1537,507 1537,505 1538,505 1538,504 1539,504 1539,502 1541,502 1541,501 1543,501 1543,503 1544,503 1544,524 1640,524 1640,540 1645,540 1645,542 1644,542 1644,544 1643,544 1643,546 1642,546 1642,547 1641,547 1641,548 1640,548 1640,549 1639,549 1639,550 1638,550 1638,551 1552,551 1552,557 1551,557 1551,565 1550,565 1550,567 1549,567 1549,568 1546,568 1546,566 1477,566 1477,565 1476,565 1476,551 1422,551 1422,550 1396,550 1396,549 1392,549 1392,548 1391,548 1391,547 1390,547 1390,546 1389,546 1389,545 1388,545 1388,543 1387,543 1387,536 1388,536 1388,531 1389,531 1389,530 1390,530 1390,529 1391,529 1391,528 1392,528 1392,527 1393,527 1393,504 1394,504 1394,502 1396,502 1396,501"/>
	<TextEquiv>
	<Unicode>δισμύριοι</Unicode></TextEquiv></Word>
	<TextEquiv>
	<Unicode>ἐδύναντο, ἤλαυνον ἐς Ῥώμην ὁμοῦ δισμύριοι</Unicode></TextEquiv></TextLine>
	<TextLine id="r7">
	<Coords points="402,573 404,573 404,574 405,574 405,596 483,596 483,597 487,597 487,598 489,598 489,599 490,599 490,600 491,600 491,601 492,601 492,615 506,615 506,616 507,616 507,617 508,617 508,622 507,622 507,623 505,623 505,624 486,624 486,625 485,625 485,626 484,626 484,627 482,627 482,628 477,628 477,625 357,625 357,626 309,626 309,630 308,630 308,634 307,634 307,636 306,636 306,637 305,637 305,639 303,639 303,640 243,640 243,641 242,641 242,640 241,640 241,639 240,639 240,616 231,616 231,615 229,615 229,613 228,613 228,606 229,606 229,603 230,603 230,602 232,602 232,601 233,601 233,600 257,600 257,599 279,599 279,598 375,598 375,597 395,597 395,588 396,588 396,585 397,585 397,582 398,582 398,578 399,578 399,576 400,576 400,574 402,574"/>
	<Word id="r86">
	<Coords points="402,573 404,573 404,574 405,574 405,596 483,596 483,597 487,597 487,598 489,598 489,599 490,599 490,600 491,600 491,601 492,601 492,605 491,605 491,606 487,606 487,615 506,615 506,616 507,616 507,617 508,617 508,622 507,622 507,623 505,623 505,624 486,624 486,625 485,625 485,626 484,626 484,627 482,627 482,628 477,628 477,625 357,625 357,626 309,626 309,630 308,630 308,634 307,634 307,636 306,636 306,637 305,637 305,639 303,639 303,640 243,640 243,641 242,641 242,640 241,640 241,639 240,639 240,616 231,616 231,615 229,615 229,613 228,613 228,606 229,606 229,603 230,603 230,602 232,602 232,601 233,601 233,600 257,600 257,599 279,599 279,598 375,598 375,597 395,597 395,588 396,588 396,585 397,585 397,582 398,582 398,578 399,578 399,576 400,576 400,574 402,574"/>
	<TextEquiv>
	<Unicode>γεγονότες.</Unicode></TextEquiv></Word>
	<TextEquiv>
	<Unicode>γεγονότες.</Unicode></TextEquiv></TextLine>
	<TextLine id="r8">
	<Coords points="1509,638 1509,639 1510,639 1510,660 1605,660 1605,661 1607,661 1607,662 1643,662 1643,663 1644,663 1644,668 1643,668 1643,672 1642,672 1642,674 1641,674 1641,676 1640,676 1640,677 1639,677 1639,678 1638,678 1638,679 1637,679 1637,680 1636,680 1636,681 1635,681 1635,683 1633,683 1633,684 1631,684 1631,685 1629,685 1629,686 1628,686 1628,687 1625,687 1625,688 1483,688 1483,696 1482,696 1482,698 1481,698 1481,700 1479,700 1479,701 1478,701 1478,703 1476,703 1476,704 1445,704 1445,688 1299,688 1299,689 1298,689 1298,690 1297,690 1297,691 1295,691 1295,692 1193,692 1193,697 1192,697 1192,699 1191,699 1191,702 1190,702 1190,703 1188,703 1188,702 1187,702 1187,693 1063,693 1063,698 1062,698 1062,702 1061,702 1061,704 1060,704 1060,705 1058,705 1058,704 1057,704 1057,703 993,703 993,702 976,702 976,701 975,701 975,690 757,690 757,691 550,691 550,692 459,692 459,693 457,693 457,692 341,692 341,693 305,693 305,692 304,692 304,663 305,663 305,659 306,659 306,657 307,657 307,656 308,656 308,654 310,654 310,653 313,653 313,652 315,652 315,651 377,651 377,649 378,649 378,648 391,648 391,647 392,647 392,645 394,645 394,644 394,645 396,645 396,646 431,646 431,647 436,647 436,648 437,648 437,650 438,650 438,652 439,652 439,664 541,664 541,648 542,648 542,645 544,645 544,643 552,643 552,644 659,644 659,643 664,643 664,644 819,644 819,643 820,643 820,642 821,642 821,640 823,640 823,639 828,639 828,640 878,640 878,641 1051,641 1051,640 1052,640 1052,639 1055,639 1055,640 1056,640 1056,660 1255,660 1255,648 1256,648 1256,646 1257,646 1257,645 1258,645 1258,644 1259,644 1259,643 1263,643 1263,642 1357,642 1357,641 1358,641 1358,640 1359,640 1359,639 1363,639 1363,640 1365,640 1365,641 1366,641 1366,642 1367,642 1367,646 1368,646 1368,660 1480,660 1480,659 1500,659 1500,649 1501,649 1501,646 1502,646 1502,643 1503,643 1503,641 1504,641 1504,639 1505,639 1505,638"/>
	<Word id="r88">
	<Coords points="317,651 317,652 322,652 322,653 324,653 324,654 325,654 325,656 326,656 326,657 327,657 327,659 328,659 328,662 329,662 329,685 341,685 341,686 343,686 343,688 344,688 344,690 343,690 343,691 342,691 342,692 341,692 341,693 305,693 305,692 304,692 304,663 305,663 305,659 306,659 306,657 307,657 307,656 308,656 308,654 310,654 310,653 313,653 313,652 315,652 315,651"/>
	<TextEquiv>
	<Unicode>2.</Unicode></TextEquiv></Word>
	<Word id="r89">
	<Coords points="394,645 396,645 396,646 431,646 431,647 436,647 436,648 437,648 437,650 438,650 438,652 439,652 439,664 491,664 491,665 492,665 492,680 496,680 496,682 497,682 496,682 496,684 495,684 495,685 494,685 494,687 493,687 493,688 492,688 492,689 491,689 491,690 490,690 490,691 488,691 488,692 459,692 459,693 457,693 457,692 401,692 401,691 400,691 400,662 378,662 378,661 377,661 377,649 378,649 378,648 391,648 391,647 392,647 392,645 394,645 394,644"/>
	<TextEquiv>
	<Unicode>Ἔτι</Unicode></TextEquiv></Word>
	<Word id="r90">
	<Coords points="552,643 552,644 573,644 573,645 574,645 574,646 575,646 575,647 576,647 576,650 577,650 577,653 576,653 576,655 575,655 575,657 574,657 574,658 571,658 571,659 563,659 563,680 562,680 562,682 561,682 561,685 560,685 560,686 559,686 559,687 558,687 558,688 557,688 557,689 556,689 556,690 554,690 554,691 550,691 550,692 548,692 548,691 545,691 545,690 542,690 542,689 540,689 540,687 539,687 539,686 538,686 538,683 537,683 537,678 538,678 538,674 539,674 539,672 540,672 540,671 541,671 541,648 542,648 542,645 544,645 544,643"/>
	<TextEquiv>
	<Unicode>δ᾽</Unicode></TextEquiv></Word>
	<Word id="r91">
	<Coords points="659,643 664,643 664,644 734,644 734,645 736,645 736,646 737,646 737,647 738,647 738,648 739,648 739,651 740,651 740,663 775,663 775,664 776,664 776,667 777,667 777,671 776,671 776,674 775,674 775,676 774,676 774,678 773,678 773,679 772,679 772,680 771,680 771,681 770,681 770,683 769,683 769,684 767,684 767,685 766,685 766,686 765,686 765,687 763,687 763,688 761,688 761,689 759,689 759,690 757,690 757,691 655,691 655,690 652,690 652,689 615,689 615,688 614,688 614,687 612,687 612,686 611,686 611,676 612,676 612,674 613,674 613,672 614,672 614,670 615,670 615,669 616,669 616,668 617,668 617,667 618,667 618,666 619,666 619,665 621,665 621,664 657,664 657,645 658,645 658,644 659,644"/>
	<TextEquiv>
	<Unicode>αὐτῶν</Unicode></TextEquiv></Word>
	<Word id="r93">
	<Coords points="828,639 828,640 878,640 878,641 879,641 879,642 880,642 880,643 881,643 881,646 882,646 882,647 883,647 883,649 884,649 884,652 885,652 885,654 886,654 886,661 921,661 921,662 922,662 922,663 923,663 923,669 922,669 922,672 921,672 921,674 920,674 920,676 919,676 919,677 918,677 918,678 917,678 917,679 916,679 916,681 914,681 914,682 913,682 913,683 912,683 912,684 911,684 911,685 909,685 909,686 907,686 907,687 905,687 905,688 903,688 903,689 877,689 877,690 815,690 815,689 813,689 813,688 811,688 811,687 810,687 810,685 809,685 809,683 808,683 808,674 809,674 809,671 810,671 810,670 811,670 811,667 812,667 812,666 813,666 813,665 815,665 815,664 816,664 816,663 819,663 819,643 820,643 820,642 821,642 821,640 823,640 823,639"/>
	<TextEquiv>
	<Unicode>ὁδὸν</Unicode></TextEquiv></Word>
	<Word id="r94">
	<Coords points="1055,639 1055,640 1056,640 1056,660 1139,660 1139,661 1143,661 1143,662 1145,662 1145,663 1146,663 1146,664 1148,664 1148,665 1149,665 1149,667 1150,667 1150,668 1149,668 1149,670 1148,670 1148,671 1145,671 1145,687 1144,687 1144,689 1143,689 1143,690 1142,690 1142,691 1140,691 1140,692 1138,692 1138,693 1063,693 1063,698 1062,698 1062,702 1061,702 1061,704 1060,704 1060,705 1058,705 1058,704 1057,704 1057,703 993,703 993,702 976,702 976,701 975,701 975,687 963,687 963,673 959,673 959,672 958,672 959,672 959,669 960,669 960,668 961,668 961,667 962,667 962,665 963,665 963,664 965,664 965,663 973,663 973,645 974,645 974,643 976,643 976,642 978,642 978,641 1051,641 1051,640 1052,640 1052,639"/>
	<TextEquiv>
	<Unicode>ἡμέρας</Unicode></TextEquiv></Word>
	<Word id="r95">
	<Coords points="1266,642 1266,643 1269,643 1269,644 1271,644 1271,646 1273,646 1273,649 1274,649 1274,661 1298,661 1298,662 1300,662 1300,663 1302,663 1302,664 1303,664 1303,666 1304,666 1304,667 1305,667 1305,668 1304,668 1304,670 1303,670 1303,671 1300,671 1300,687 1299,687 1299,689 1298,689 1298,690 1297,690 1297,691 1295,691 1295,692 1193,692 1193,697 1192,697 1192,699 1191,699 1191,702 1190,702 1190,703 1188,703 1188,702 1187,702 1187,696 1188,696 1188,693 1189,693 1189,690 1190,690 1190,687 1191,687 1191,684 1192,684 1192,681 1193,681 1193,676 1194,676 1194,674 1195,674 1195,669 1196,669 1196,666 1197,666 1197,663 1198,663 1198,662 1199,662 1199,661 1235,661 1235,660 1255,660 1255,648 1256,648 1256,646 1257,646 1257,645 1258,645 1258,644 1259,644 1259,643 1263,643 1263,642"/>
	<TextEquiv>
	<Unicode>μιᾶς</Unicode></TextEquiv></Word>
	<Word id="r96">
	<Coords points="1509,638 1509,639 1510,639 1510,660 1605,660 1605,661 1607,661 1607,662 1643,662 1643,663 1644,663 1644,668 1643,668 1643,672 1642,672 1642,674 1641,674 1641,676 1640,676 1640,677 1639,677 1639,678 1638,678 1638,679 1637,679 1637,680 1636,680 1636,681 1635,681 1635,683 1633,683 1633,684 1631,684 1631,685 1629,685 1629,686 1628,686 1628,687 1625,687 1625,688 1483,688 1483,696 1482,696 1482,698 1481,698 1481,700 1479,700 1479,701 1478,701 1478,703 1476,703 1476,704 1445,704 1445,688 1384,688 1384,687 1348,687 1348,686 1346,686 1346,685 1344,685 1344,684 1343,684 1343,681 1342,681 1342,676 1343,676 1343,672 1344,672 1344,671 1345,671 1345,670 1346,670 1346,668 1347,668 1347,667 1349,667 1349,665 1350,665 1350,664 1352,664 1352,663 1354,663 1354,662 1355,662 1355,661 1357,661 1357,641 1358,641 1358,640 1359,640 1359,639 1363,639 1363,640 1365,640 1365,641 1366,641 1366,642 1367,642 1367,646 1368,646 1368,660 1480,660 1480,659 1500,659 1500,649 1501,649 1501,646 1502,646 1502,643 1503,643 1503,641 1504,641 1504,639 1505,639 1505,638"/>
	<TextEquiv>
	<Unicode>ἀπεχόντων</Unicode></TextEquiv></Word>
	<TextEquiv>
	<Unicode>2. Ἔτι δ᾽ αὐτῶν ὁδὸν ἡμέρας μιᾶς ἀπεχόντων</Unicode></TextEquiv></TextLine>
	<TextLine id="r40">
	<Coords points="1542,707 1542,708 1543,708 1543,729 1613,729 1613,730 1635,730 1635,731 1639,731 1639,732 1641,732 1641,733 1642,733 1642,734 1643,734 1643,736 1644,736 1644,738 1643,738 1643,739 1642,739 1642,740 1639,740 1639,756 1638,756 1638,758 1637,758 1637,759 1636,759 1636,760 1635,760 1635,761 1633,761 1633,762 1630,762 1630,757 1525,757 1525,756 1266,756 1266,759 1265,759 1265,764 1264,764 1264,767 1263,767 1263,771 1262,771 1262,772 1261,772 1261,773 1260,773 1260,772 1259,772 1259,757 1127,757 1127,759 1126,759 1126,765 1125,765 1125,771 1124,771 1124,773 1123,773 1123,774 1120,774 1120,757 952,757 952,758 798,758 798,761 797,761 797,762 796,762 796,763 795,763 795,764 793,764 793,765 791,765 791,766 788,766 788,765 787,765 787,763 769,763 769,762 768,762 768,760 593,760 593,762 592,762 592,768 591,768 591,773 590,773 590,775 589,775 589,777 586,777 586,776 585,776 585,761 565,761 565,760 425,760 425,761 423,761 423,762 328,762 328,765 327,765 327,769 326,769 326,773 325,773 325,774 324,774 324,775 323,775 323,776 320,776 320,763 239,763 239,762 236,762 236,761 234,761 234,759 233,759 233,758 232,758 232,741 231,741 231,740 230,740 230,739 231,739 231,738 233,738 233,737 239,737 239,720 240,720 240,718 241,718 241,717 242,717 242,716 244,716 244,715 329,715 329,714 330,714 330,713 334,713 334,714 335,714 335,734 504,734 504,715 509,715 509,714 544,714 544,713 544,714 549,714 549,715 550,715 550,731 682,731 682,723 683,723 683,720 684,720 684,718 685,718 685,717 686,717 686,716 688,716 688,715 696,715 696,716 698,716 698,717 699,717 699,718 700,718 700,731 777,731 777,732 778,732 778,733 881,733 881,732 883,732 883,731 932,731 932,730 944,730 944,709 945,709 945,708 947,708 947,709 948,709 948,711 949,711 949,712 950,712 950,714 951,714 951,716 952,716 952,719 953,719 953,721 954,721 954,722 955,722 955,725 956,725 956,731 1072,731 1072,730 1166,730 1166,729 1306,729 1306,728 1465,728 1465,710 1466,710 1466,709 1467,709 1467,708 1468,708 1468,707"/>
	<Word id="r233">
	<Coords points="334,713 334,714 335,714 335,734 426,734 426,735 427,735 427,750 429,750 429,751 431,751 431,756 429,756 429,757 428,757 428,759 427,759 427,760 425,760 425,761 423,761 423,762 328,762 328,765 327,765 327,769 326,769 326,773 325,773 325,774 324,774 324,775 323,775 323,776 320,776 320,763 239,763 239,762 236,762 236,761 234,761 234,759 233,759 233,758 232,758 232,741 231,741 231,740 230,740 230,739 231,739 231,738 233,738 233,737 239,737 239,720 240,720 240,718 241,718 241,717 242,717 242,716 244,716 244,715 329,715 329,714 330,714 330,713"/>
	<TextEquiv>
	<Unicode>ὑπήντα</Unicode></TextEquiv></Word>
	<Word id="r234">
	<Coords points="544,714 549,714 549,715 550,715 550,731 682,731 682,723 683,723 683,720 684,720 684,718 685,718 685,717 686,717 686,716 688,716 688,715 696,715 696,716 698,716 698,717 699,717 699,718 700,718 700,731 777,731 777,732 778,732 778,733 781,733 781,734 782,734 782,735 783,735 783,736 784,736 784,749 796,749 796,750 797,750 797,751 798,751 798,753 799,753 799,758 798,758 798,761 797,761 797,762 796,762 796,763 795,763 795,764 793,764 793,765 791,765 791,766 788,766 788,765 787,765 787,763 769,763 769,762 768,762 768,760 593,760 593,762 592,762 592,768 591,768 591,773 590,773 590,775 589,775 589,777 586,777 586,776 585,776 585,761 565,761 565,760 506,760 506,759 505,759 505,716 504,716 504,715 509,715 509,714 544,714 544,713"/>
	<TextEquiv>
	<Unicode>Κορουῖνος,</Unicode></TextEquiv></Word>
	<Word id="r235">
	<Coords points="947,708 947,709 948,709 948,711 949,711 949,712 950,712 950,714 951,714 951,716 952,716 952,719 953,719 953,721 954,721 954,722 955,722 955,725 956,725 956,746 959,746 959,747 960,747 960,748 959,748 959,751 958,751 958,752 957,752 957,753 956,753 956,754 955,754 955,756 954,756 954,757 952,757 952,758 875,758 875,757 873,757 873,755 874,755 874,752 875,752 875,749 876,749 876,746 877,746 877,743 878,743 878,739 879,739 879,737 880,737 880,734 881,734 881,732 883,732 883,731 932,731 932,730 944,730 944,709 945,709 945,708"/>
	<TextEquiv>
	<Unicode>καὶ</Unicode></TextEquiv></Word>
	<Word id="r236">
	<Coords points="1542,707 1542,708 1543,708 1543,729 1613,729 1613,730 1635,730 1635,731 1639,731 1639,732 1641,732 1641,733 1642,733 1642,734 1643,734 1643,736 1644,736 1644,738 1643,738 1643,739 1642,739 1642,740 1639,740 1639,756 1638,756 1638,758 1637,758 1637,759 1636,759 1636,760 1635,760 1635,761 1633,761 1633,762 1630,762 1630,757 1525,757 1525,756 1266,756 1266,759 1265,759 1265,764 1264,764 1264,767 1263,767 1263,771 1262,771 1262,772 1261,772 1261,773 1260,773 1260,772 1259,772 1259,757 1127,757 1127,759 1126,759 1126,765 1125,765 1125,771 1124,771 1124,773 1123,773 1123,774 1120,774 1120,757 1048,757 1048,756 1047,756 1047,743 1042,743 1042,742 1041,742 1041,740 1040,740 1040,739 1041,739 1041,735 1042,735 1042,733 1043,733 1043,732 1045,732 1045,731 1072,731 1072,730 1166,730 1166,729 1306,729 1306,728 1465,728 1465,710 1466,710 1466,709 1467,709 1467,708 1468,708 1468,707"/>
	<TextEquiv>
	<Unicode>παραστρατοπεδεύσας</Unicode></TextEquiv></Word>
	<TextEquiv>
	<Unicode>ὑπήντα Κορουῖνος, καὶ παραστρατοπεδεύσας</Unicode></TextEquiv></TextLine>
	<TextLine id="r10">
	<Coords points="1267,775 1268,775 1268,776 1270,776 1270,777 1271,777 1271,778 1272,778 1272,779 1273,779 1273,781 1274,781 1274,783 1275,783 1275,796 1301,796 1301,797 1411,797 1411,788 1412,788 1412,786 1413,786 1413,784 1414,784 1414,781 1415,781 1415,780 1416,780 1416,777 1417,777 1417,776 1418,776 1418,775 1421,775 1421,776 1422,776 1422,798 1555,798 1555,797 1587,797 1587,796 1589,796 1589,797 1614,797 1614,798 1615,798 1615,809 1639,809 1639,810 1641,810 1641,811 1640,811 1640,812 1639,812 1639,816 1619,816 1619,817 1618,817 1618,819 1617,819 1617,820 1616,820 1616,821 1615,821 1615,822 1614,822 1614,823 1613,823 1613,824 1611,824 1611,825 1576,825 1576,827 1575,827 1575,835 1574,835 1574,839 1573,839 1573,840 1572,840 1572,841 1569,841 1569,839 1568,839 1568,825 1434,825 1434,827 1433,827 1433,828 1432,828 1432,829 1431,829 1431,830 1429,830 1429,831 1346,831 1346,832 1345,832 1345,836 1344,836 1344,838 1343,838 1343,839 1286,839 1286,840 1285,840 1285,841 1284,841 1284,840 1282,840 1282,837 1266,837 1266,836 1265,836 1265,826 1168,826 1168,825 1021,825 1021,826 1020,826 1020,831 1019,831 1019,835 1018,835 1018,836 1017,836 1017,837 1016,837 1016,836 1015,836 1015,835 1014,835 1014,826 840,826 840,827 839,827 839,829 838,829 838,830 836,830 836,831 832,831 832,832 832,831 831,831 831,828 583,828 583,829 571,829 571,834 570,834 570,842 569,842 569,845 568,845 568,846 566,846 566,847 566,846 565,846 565,845 564,845 564,828 459,828 459,829 458,829 458,831 456,831 456,833 453,833 453,834 449,834 449,833 448,833 448,831 369,831 369,830 367,830 367,828 265,828 265,829 263,829 263,830 260,830 260,831 256,831 256,832 240,832 240,831 236,831 236,830 235,830 235,829 233,829 233,828 232,828 232,827 231,827 231,825 230,825 230,817 231,817 231,814 232,814 232,812 233,812 233,811 234,811 234,810 235,810 235,809 236,809 236,808 237,808 237,807 238,807 238,806 240,806 240,805 242,805 242,786 243,786 243,785 245,785 245,784 248,784 248,785 250,785 250,786 251,786 251,788 252,788 252,804 366,804 366,803 420,803 420,792 421,792 421,789 422,789 422,788 423,788 423,787 424,787 424,786 426,786 426,785 431,785 431,786 435,786 435,787 436,787 436,788 437,788 437,789 438,789 438,802 544,802 544,785 545,785 545,784 557,784 557,782 558,782 558,781 561,781 561,782 562,782 562,801 670,801 670,800 802,800 802,789 803,789 803,787 804,787 804,784 805,784 805,783 806,783 806,782 811,782 811,781 910,781 910,780 911,780 911,779 912,779 912,777 914,777 914,776 916,776 916,777 918,777 918,778 919,778 919,779 920,779 920,780 1036,780 1036,779 1039,779 1039,778 1040,778 1040,777 1041,777 1041,778 1046,778 1046,779 1146,779 1146,780 1150,780 1150,781 1152,781 1152,782 1153,782 1153,787 1154,787 1154,798 1265,798 1265,777 1266,777 1266,776 1267,776"/>
	<Word id="r97">
	<Coords points="248,784 248,785 250,785 250,786 251,786 251,788 252,788 252,804 278,804 278,805 279,805 279,813 278,813 278,815 277,815 277,818 276,818 276,819 275,819 275,820 274,820 274,821 273,821 273,822 272,822 272,823 271,823 271,824 270,824 270,825 269,825 269,826 268,826 268,827 266,827 266,828 265,828 265,829 263,829 263,830 260,830 260,831 256,831 256,832 240,832 240,831 236,831 236,830 235,830 235,829 233,829 233,828 232,828 232,827 231,827 231,825 230,825 230,817 231,817 231,814 232,814 232,812 233,812 233,811 234,811 234,810 235,810 235,809 236,809 236,808 237,808 237,807 238,807 238,806 240,806 240,805 242,805 242,786 243,786 243,785 245,785 245,784"/>
	<TextEquiv>
	<Unicode>ἐν</Unicode></TextEquiv></Word>
	<Word id="r98">
	<Coords points="431,785 431,786 435,786 435,787 436,787 436,788 437,788 437,789 438,789 438,802 456,802 456,803 458,803 458,804 460,804 460,805 461,805 461,806 463,806 463,808 464,808 463,808 463,811 462,811 462,812 460,812 460,827 459,827 459,829 458,829 458,831 456,831 456,833 453,833 453,834 449,834 449,833 448,833 448,831 369,831 369,830 367,830 367,828 366,828 366,815 358,815 358,813 357,813 357,809 358,809 358,806 360,806 360,805 361,805 361,804 366,804 366,803 420,803 420,792 421,792 421,789 422,789 422,788 423,788 423,787 424,787 424,786 426,786 426,785"/>
	<TextEquiv>
	<Unicode>τοῖς</Unicode></TextEquiv></Word>
	<Word id="r99">
	<Coords points="561,781 561,782 562,782 562,801 670,801 670,800 674,800 674,801 675,801 675,816 678,816 678,817 679,817 679,821 678,821 678,822 677,822 677,823 676,823 676,824 675,824 675,825 674,825 674,826 673,826 673,827 671,827 671,828 583,828 583,829 571,829 571,834 570,834 570,842 569,842 569,845 568,845 568,846 566,846 566,847 566,846 565,846 565,845 564,845 564,828 544,828 544,827 542,827 542,826 540,826 540,825 539,825 539,824 538,824 538,823 537,823 537,821 536,821 536,814 537,814 537,811 538,811 538,808 539,808 539,807 540,807 540,806 541,806 541,805 542,805 542,804 543,804 543,803 544,803 544,785 545,785 545,784 557,784 557,782 558,782 558,781"/>
	<TextEquiv>
	<Unicode>ὄρεσι</Unicode></TextEquiv></Word>
	<Word id="r100">
	<Coords points="812,781 812,782 817,782 817,783 818,783 818,784 819,784 819,785 820,785 820,786 821,786 821,789 822,789 822,800 838,800 838,801 840,801 840,802 842,802 842,803 843,803 843,804 844,804 844,805 845,805 845,807 846,807 845,807 845,809 844,809 844,810 841,810 841,824 840,824 840,827 839,827 839,829 838,829 838,830 836,830 836,831 832,831 832,832 832,831 831,831 831,828 752,828 752,827 751,827 751,826 750,826 750,812 742,812 742,811 741,811 741,805 742,805 742,803 743,803 743,802 746,802 746,801 750,801 750,800 802,800 802,789 803,789 803,787 804,787 804,784 805,784 805,783 806,783 806,782 811,782 811,781"/>
	<TextEquiv>
	<Unicode>τοῖς</Unicode></TextEquiv></Word>
	<Word id="r101">
	<Coords points="914,776 916,776 916,777 918,777 918,778 919,778 919,779 920,779 920,780 1036,780 1036,779 1039,779 1039,778 1040,778 1040,777 1041,777 1041,778 1046,778 1046,779 1146,779 1146,780 1150,780 1150,781 1152,781 1152,782 1153,782 1153,787 1154,787 1154,798 1189,798 1189,799 1190,799 1190,805 1189,805 1189,809 1188,809 1188,811 1187,811 1187,812 1186,812 1186,813 1185,813 1185,815 1184,815 1184,816 1183,816 1183,817 1182,817 1182,818 1180,818 1180,819 1179,819 1179,820 1178,820 1178,821 1177,821 1177,822 1175,822 1175,823 1173,823 1173,824 1171,824 1171,825 1168,825 1168,826 1168,825 1021,825 1021,826 1020,826 1020,831 1019,831 1019,835 1018,835 1018,836 1017,836 1017,837 1016,837 1016,836 1015,836 1015,835 1014,835 1014,826 928,826 928,825 926,825 926,823 927,823 927,822 931,822 931,821 933,821 933,819 934,819 934,817 935,817 935,815 936,815 936,812 937,812 937,809 938,809 938,808 939,808 939,805 940,805 940,802 941,802 941,798 942,798 942,796 943,796 943,793 913,793 913,792 912,792 912,783 911,783 911,781 910,781 910,780 911,780 911,779 912,779 912,777 914,777"/>
	<TextEquiv>
	<Unicode>Ἀλβανῶν</Unicode></TextEquiv></Word>
	<Word id="r104">
	<Coords points="1268,775 1268,776 1270,776 1270,777 1271,777 1271,778 1272,778 1272,779 1273,779 1273,781 1274,781 1274,783 1275,783 1275,796 1301,796 1301,797 1411,797 1411,788 1412,788 1412,786 1413,786 1413,784 1414,784 1414,781 1415,781 1415,780 1416,780 1416,777 1417,777 1417,776 1418,776 1418,775 1421,775 1421,776 1422,776 1422,815 1433,815 1433,816 1435,816 1435,819 1436,819 1436,822 1435,822 1435,825 1434,825 1434,827 1433,827 1433,828 1432,828 1432,829 1431,829 1431,830 1429,830 1429,831 1346,831 1346,832 1345,832 1345,836 1344,836 1344,838 1343,838 1343,839 1286,839 1286,840 1285,840 1285,841 1284,841 1284,840 1282,840 1282,837 1266,837 1266,836 1265,836 1265,822 1252,822 1252,808 1249,808 1249,804 1250,804 1250,803 1251,803 1251,802 1252,802 1252,800 1254,800 1254,799 1256,799 1256,798 1265,798 1265,777 1266,777 1266,776 1267,776 1267,775"/>
	<TextEquiv>
	<Unicode>ἠρεμεί,</Unicode></TextEquiv></Word>
	<Word id="r105">
	<Coords points="1587,796 1589,796 1589,797 1614,797 1614,798 1615,798 1615,809 1639,809 1639,810 1641,810 1641,811 1640,811 1640,812 1639,812 1639,816 1619,816 1619,817 1618,817 1618,819 1617,819 1617,820 1616,820 1616,821 1615,821 1615,822 1614,822 1614,823 1613,823 1613,824 1611,824 1611,825 1576,825 1576,827 1575,827 1575,835 1574,835 1574,839 1573,839 1573,840 1572,840 1572,841 1569,841 1569,839 1568,839 1568,825 1508,825 1508,824 1507,824 1507,810 1501,810 1501,806 1500,806 1500,804 1501,804 1501,802 1502,802 1502,801 1503,801 1503,800 1505,800 1505,799 1515,799 1515,798 1555,798 1555,797 1587,797"/>
	<TextEquiv>
	<Unicode>περι-</Unicode></TextEquiv></Word>
	<TextEquiv>
	<Unicode>ἐν τοῖς ὄρεσι τοῖς Ἀλβανῶν ἠρεμεί, περι-</Unicode></TextEquiv></TextLine>
	<TextLine id="r11">
	<Coords points="1495,843 1496,843 1496,844 1497,844 1497,866 1634,866 1634,867 1638,867 1638,868 1640,868 1640,869 1641,869 1641,873 1640,873 1640,874 1637,874 1637,894 1636,894 1636,896 1635,896 1635,897 1634,897 1634,898 1632,898 1632,899 1632,898 1630,898 1630,894 1508,894 1508,897 1507,897 1507,902 1506,902 1506,903 1505,903 1505,906 1504,906 1504,907 1389,907 1389,906 1388,906 1388,892 1275,892 1275,893 1274,893 1274,898 1273,898 1273,900 1272,900 1272,905 1271,905 1271,906 1270,906 1270,907 1190,907 1190,906 1189,906 1189,894 1001,894 1001,896 1000,896 1000,897 999,897 999,898 998,898 998,899 997,899 997,900 995,900 995,901 992,901 992,900 991,900 991,895 841,895 841,896 794,896 794,897 793,897 793,903 792,903 792,906 791,906 791,908 790,908 790,910 744,910 744,911 740,911 740,910 739,910 739,897 421,897 421,898 355,898 355,899 237,899 237,898 235,898 235,897 233,897 233,896 232,896 232,895 231,895 231,892 230,892 230,887 231,887 231,883 232,883 232,881 233,881 233,880 234,880 234,879 235,879 235,878 237,878 237,877 238,877 238,876 240,876 240,875 242,875 242,874 248,874 248,873 291,873 291,872 356,872 356,871 386,871 386,859 387,859 387,857 388,857 388,856 389,856 389,854 391,854 391,853 401,853 401,854 402,854 402,855 403,855 403,856 404,856 404,858 405,858 405,870 543,870 543,869 646,869 646,848 647,848 647,847 738,847 738,848 739,848 739,850 740,850 740,867 760,867 760,868 917,868 917,850 918,850 918,848 932,848 932,847 933,847 933,846 936,846 936,848 937,848 937,866 979,866 979,867 1081,867 1081,866 1124,866 1124,846 1125,846 1125,845 1126,845 1126,846 1128,846 1128,847 1129,847 1129,849 1130,849 1130,852 1131,852 1131,854 1132,854 1132,856 1133,856 1133,858 1134,858 1134,860 1135,860 1135,866 1241,866 1241,859 1242,859 1242,857 1243,857 1243,854 1244,854 1244,851 1245,851 1245,848 1246,848 1246,846 1247,846 1247,845 1249,845 1249,844 1251,844 1251,845 1252,845 1252,866 1386,866 1386,850 1387,850 1387,848 1388,848 1388,847 1389,847 1389,846 1493,846 1493,845 1494,845 1494,844 1495,844"/>
	<Word id="r107">
	<Coords points="401,853 401,854 402,854 402,855 403,855 403,856 404,856 404,858 405,858 405,870 440,870 440,871 442,871 442,875 443,875 443,876 442,876 442,880 441,880 441,882 440,882 440,884 439,884 439,885 438,885 438,886 437,886 437,887 436,887 436,889 435,889 435,890 433,890 433,891 431,891 431,893 429,893 429,894 428,894 428,895 426,895 426,896 424,896 424,897 421,897 421,898 355,898 355,899 237,899 237,898 235,898 235,897 233,897 233,896 232,896 232,895 231,895 231,892 230,892 230,887 231,887 231,883 232,883 232,881 233,881 233,880 234,880 234,879 235,879 235,878 237,878 237,877 238,877 238,876 240,876 240,875 242,875 242,874 248,874 248,873 291,873 291,872 356,872 356,871 386,871 386,859 387,859 387,857 388,857 388,856 389,856 389,854 391,854 391,853"/>
	<TextEquiv>
	<Unicode>σκοπῶν</Unicode></TextEquiv></Word>
	<Word id="r108">
	<Coords points="545,869 545,870 549,870 549,871 551,871 551,872 552,872 552,874 551,874 551,875 550,875 550,876 549,876 549,895 548,895 548,896 547,896 547,897 507,897 507,896 506,896 506,895 505,895 505,881 497,881 497,878 496,878 497,878 497,873 498,873 498,872 500,872 500,871 503,871 503,870 543,870 543,869"/>
	<TextEquiv>
	<Unicode>τε</Unicode></TextEquiv></Word>
	<Word id="r109">
	<Coords points="650,847 650,848 651,848 651,849 652,849 652,851 653,851 653,853 654,853 654,854 655,854 655,857 656,857 656,858 657,858 657,861 658,861 658,871 660,871 660,872 662,872 662,874 663,874 663,875 664,875 664,877 665,877 665,882 664,882 664,887 663,887 663,890 662,890 662,892 661,892 661,893 660,893 660,894 659,894 659,895 657,895 657,896 655,896 655,897 617,897 617,896 616,896 616,881 607,881 607,880 606,880 606,875 607,875 607,873 608,873 608,872 610,872 610,871 614,871 614,870 646,870 646,848 647,848 647,847"/>
	<TextEquiv>
	<Unicode>τὸ</Unicode></TextEquiv></Word>
	<Word id="r110">
	<Coords points="738,847 738,848 739,848 739,850 740,850 740,867 760,867 760,868 860,868 860,869 861,869 861,872 862,872 862,877 861,877 861,879 860,879 860,881 859,881 859,883 858,883 858,884 857,884 857,885 856,885 856,886 855,886 855,888 853,888 853,889 852,889 852,890 851,890 851,891 849,891 849,892 848,892 848,893 845,893 845,894 844,894 844,895 841,895 841,896 794,896 794,897 793,897 793,903 792,903 792,906 791,906 791,908 790,908 790,910 744,910 744,911 740,911 740,910 739,910 739,896 722,896 722,895 720,895 720,894 718,894 718,893 717,893 717,892 716,892 716,890 715,890 715,889 714,889 714,882 715,882 715,878 716,878 716,877 717,877 717,876 718,876 718,874 719,874 719,863 720,863 720,852 721,852 721,850 723,850 723,849 734,849 734,848 735,848 735,847"/>
	<TextEquiv>
	<Unicode>ἔργον</Unicode></TextEquiv></Word>
	<Word id="r111">
	<Coords points="936,846 936,848 937,848 937,866 979,866 979,867 982,867 982,868 983,868 983,884 999,884 999,885 1000,885 1000,887 1001,887 1001,891 1002,891 1002,893 1001,893 1001,896 1000,896 1000,897 999,897 999,898 998,898 998,899 997,899 997,900 995,900 995,901 992,901 992,900 991,900 991,895 921,895 921,894 918,894 918,893 916,893 916,892 915,892 915,891 914,891 914,890 913,890 913,885 912,885 912,879 913,879 913,877 914,877 914,875 915,875 915,874 916,874 916,872 917,872 917,850 918,850 918,848 932,848 932,847 933,847 933,846"/>
	<TextEquiv>
	<Unicode>ἔτι,</Unicode></TextEquiv></Word>
	<Word id="r112">
	<Coords points="1126,845 1126,846 1128,846 1128,847 1129,847 1129,849 1130,849 1130,852 1131,852 1131,854 1132,854 1132,856 1133,856 1133,858 1134,858 1134,860 1135,860 1135,882 1138,882 1138,883 1139,883 1139,885 1138,885 1138,887 1136,887 1136,889 1135,889 1135,891 1134,891 1134,892 1133,892 1133,893 1131,893 1131,894 1092,894 1092,893 1057,893 1057,892 1056,892 1056,889 1057,889 1057,886 1058,886 1058,883 1059,883 1059,880 1060,880 1060,877 1061,877 1061,875 1062,875 1062,869 1063,869 1063,868 1064,868 1064,867 1081,867 1081,866 1124,866 1124,846 1125,846 1125,845"/>
	<TextEquiv>
	<Unicode>καὶ</Unicode></TextEquiv></Word>
	<Word id="r113">
	<Coords points="1251,844 1251,845 1252,845 1252,866 1317,866 1317,881 1321,881 1321,882 1322,882 1321,882 1321,885 1320,885 1320,887 1319,887 1319,888 1318,888 1318,889 1317,889 1317,890 1315,890 1315,891 1312,891 1312,892 1275,892 1275,893 1274,893 1274,898 1273,898 1273,900 1272,900 1272,905 1271,905 1271,906 1270,906 1270,907 1190,907 1190,906 1189,906 1189,905 1190,905 1190,900 1191,900 1191,896 1192,896 1192,893 1193,893 1193,890 1194,890 1194,886 1195,886 1195,883 1196,883 1196,880 1197,880 1197,875 1198,875 1198,872 1199,872 1199,870 1200,870 1200,868 1201,868 1201,867 1219,867 1219,866 1241,866 1241,859 1242,859 1242,857 1243,857 1243,854 1244,854 1244,851 1245,851 1245,848 1246,848 1246,846 1247,846 1247,845 1249,845 1249,844"/>
	<TextEquiv>
	<Unicode>μέγα</Unicode></TextEquiv></Word>
	<Word id="r114">
	<Coords points="1496,843 1496,844 1497,844 1497,866 1634,866 1634,867 1638,867 1638,868 1640,868 1640,869 1641,869 1641,873 1640,873 1640,874 1637,874 1637,894 1636,894 1636,896 1635,896 1635,897 1634,897 1634,898 1632,898 1632,899 1632,898 1630,898 1630,894 1508,894 1508,897 1507,897 1507,902 1506,902 1506,903 1505,903 1505,906 1504,906 1504,907 1389,907 1389,906 1388,906 1388,891 1376,891 1376,877 1371,877 1371,875 1372,875 1372,873 1373,873 1373,872 1374,872 1374,870 1376,870 1376,869 1377,869 1377,868 1378,868 1378,867 1386,867 1386,850 1387,850 1387,848 1388,848 1388,847 1389,847 1389,846 1493,846 1493,845 1494,845 1494,844 1495,844 1495,843"/>
	<TextEquiv>
	<Unicode>ἡγούμενος</Unicode></TextEquiv></Word>
	<TextEquiv>
	<Unicode>σκοπῶν τε τὸ ἔργον ἔτι, καὶ μέγα ἡγούμενος</Unicode></TextEquiv></TextLine>
	<TextLine id="r13">
	<Coords points="1456,912 1458,912 1458,913 1459,913 1459,935 1636,935 1636,936 1638,936 1638,937 1639,937 1639,938 1640,938 1640,939 1641,939 1641,940 1642,940 1642,942 1643,942 1643,949 1642,949 1642,952 1641,952 1641,955 1640,955 1640,956 1639,956 1639,958 1637,958 1637,959 1636,959 1636,960 1634,960 1634,961 1631,961 1631,962 1597,962 1597,963 1482,963 1482,966 1481,966 1481,971 1480,971 1480,973 1479,973 1479,975 1405,975 1405,976 1402,976 1402,962 926,962 926,963 773,963 773,964 755,964 755,974 754,974 754,975 753,975 753,978 752,978 752,979 751,979 751,980 749,980 749,981 720,981 720,982 717,982 717,980 643,980 643,979 642,979 642,978 641,978 641,966 373,966 373,967 355,967 355,968 354,968 354,973 353,973 353,977 352,977 352,979 351,979 351,980 350,980 350,981 346,981 346,980 345,980 345,969 273,969 273,968 272,968 272,967 233,967 233,966 232,966 232,965 231,965 231,964 230,964 230,962 229,962 229,957 230,957 230,954 231,954 231,953 232,953 232,951 233,951 233,950 234,950 234,948 235,948 235,946 236,946 236,945 238,945 238,944 240,944 240,943 243,943 243,942 245,942 245,921 246,921 246,920 251,920 251,921 253,921 253,923 254,923 254,928 255,928 255,939 486,939 486,928 487,928 487,924 488,924 488,921 489,921 489,918 492,918 492,917 493,917 493,916 494,916 494,917 496,917 496,938 699,938 699,931 700,931 700,929 701,929 701,927 702,927 702,925 703,925 703,923 704,923 704,921 705,921 705,919 706,919 706,918 707,918 707,917 709,917 709,916 849,916 849,917 851,917 851,918 852,918 852,920 853,920 853,924 854,924 854,935 1078,935 1078,916 1079,916 1079,915 1081,915 1081,914 1083,914 1083,913 1181,913 1181,912 1184,912 1184,913 1213,913 1213,914 1453,914 1453,913 1454,913 1454,912 1456,912 1456,911"/>
	<Word id="r115">
	<Coords points="494,916 494,917 496,917 496,938 534,938 534,939 552,939 552,940 553,940 553,954 556,954 556,955 557,955 557,959 556,959 556,960 555,960 555,961 554,961 554,962 553,962 553,963 552,963 552,964 551,964 551,965 549,965 549,966 373,966 373,967 355,967 355,968 354,968 354,973 353,973 353,977 352,977 352,979 351,979 351,980 350,980 350,981 346,981 346,980 345,980 345,969 273,969 273,968 272,968 272,967 233,967 233,966 232,966 232,965 231,965 231,964 230,964 230,962 229,962 229,957 230,957 230,954 231,954 231,953 232,953 232,951 233,951 233,950 234,950 234,948 235,948 235,946 236,946 236,945 238,945 238,944 240,944 240,943 243,943 243,942 245,942 245,921 246,921 246,920 251,920 251,921 253,921 253,923 254,923 254,928 255,928 255,940 391,940 391,939 486,939 486,928 487,928 487,924 488,924 488,921 489,921 489,918 492,918 492,917 493,917 493,916"/>
	<TextEquiv>
	<Unicode>ἀπεγνωκόσι</Unicode></TextEquiv></Word>
	<Word id="r116">
	<Coords points="709,916 710,916 710,917 712,917 712,935 829,935 829,933 830,933 830,931 831,931 831,929 832,929 832,928 833,928 833,926 834,926 834,924 835,924 835,923 836,923 836,922 837,922 837,921 838,921 838,920 840,920 840,918 842,918 842,917 845,917 845,916 849,916 849,917 851,917 851,918 852,918 852,920 853,920 853,924 854,924 854,935 885,935 885,936 909,936 909,953 912,953 912,954 927,954 927,955 928,955 928,956 929,956 929,960 928,960 928,961 927,961 927,962 926,962 926,963 773,963 773,964 755,964 755,974 754,974 754,975 753,975 753,978 752,978 752,979 751,979 751,980 749,980 749,981 720,981 720,982 717,982 717,980 643,980 643,979 642,979 642,978 641,978 641,976 642,976 642,973 643,973 643,970 644,970 644,966 645,966 645,964 646,964 646,959 647,959 647,956 648,956 648,953 649,953 649,948 650,948 650,944 651,944 651,940 652,940 652,939 654,939 654,938 699,938 699,931 700,931 700,929 701,929 701,927 702,927 702,925 703,925 703,923 704,923 704,921 705,921 705,919 706,919 706,918 707,918 707,917 709,917"/>
	<TextEquiv>
	<Unicode>μάχεσθαι.</Unicode></TextEquiv></Word>
	<Word id="r118">
	<Coords points="1085,913 1085,914 1087,914 1087,918 1086,918 1086,919 1085,919 1085,954 1084,954 1084,955 1083,955 1083,957 1082,957 1082,958 1081,958 1081,959 1080,959 1080,961 1077,961 1077,962 1048,962 1048,961 1046,961 1046,960 1045,960 1045,959 1044,959 1044,957 1043,957 1043,956 1042,956 1042,954 1041,954 1041,948 1042,948 1042,946 1043,946 1043,943 1044,943 1044,942 1045,942 1045,941 1046,941 1046,940 1047,940 1047,939 1048,939 1048,938 1049,938 1049,937 1050,937 1050,936 1053,936 1053,935 1078,935 1078,916 1079,916 1079,915 1081,915 1081,914 1083,914 1083,913"/>
	<TextEquiv>
	<Unicode>οἱ</Unicode></TextEquiv></Word>
	<Word id="r119">
	<Coords points="1184,912 1184,913 1213,913 1213,914 1214,914 1214,915 1215,915 1215,918 1216,918 1216,922 1217,922 1217,923 1218,923 1218,924 1219,924 1219,926 1220,926 1220,927 1221,927 1221,935 1223,935 1223,936 1224,936 1224,938 1225,938 1225,939 1224,939 1224,940 1223,940 1223,941 1222,941 1222,959 1221,959 1221,960 1220,960 1220,961 1215,961 1215,962 1214,962 1214,961 1179,961 1179,960 1178,960 1178,959 1175,959 1175,957 1174,957 1174,956 1173,956 1173,954 1172,954 1172,952 1171,952 1171,946 1172,946 1172,942 1173,942 1173,941 1174,941 1174,940 1175,940 1175,939 1176,939 1176,938 1177,938 1177,916 1178,916 1178,915 1179,915 1179,913 1181,913 1181,912"/>
	<TextEquiv>
	<Unicode>δὲ</Unicode></TextEquiv></Word>
	<Word id="r120">
	<Coords points="1456,912 1458,912 1458,913 1459,913 1459,935 1636,935 1636,936 1638,936 1638,937 1639,937 1639,938 1640,938 1640,939 1641,939 1641,940 1642,940 1642,942 1643,942 1643,949 1642,949 1642,952 1641,952 1641,955 1640,955 1640,956 1639,956 1639,958 1637,958 1637,959 1636,959 1636,960 1634,960 1634,961 1631,961 1631,962 1597,962 1597,963 1597,962 1482,962 1482,966 1481,966 1481,971 1480,971 1480,973 1479,973 1479,975 1405,975 1405,976 1402,976 1402,962 1320,962 1320,961 1318,961 1318,960 1315,960 1315,959 1314,959 1314,958 1313,958 1313,957 1312,957 1312,955 1311,955 1311,953 1310,953 1310,947 1311,947 1311,945 1312,945 1312,943 1313,943 1313,941 1314,941 1314,940 1317,940 1317,939 1318,939 1318,937 1319,937 1319,936 1322,936 1322,917 1323,917 1323,916 1324,916 1324,915 1326,915 1326,914 1327,914 1327,915 1330,915 1330,916 1331,916 1331,917 1332,917 1332,934 1448,934 1448,925 1449,925 1449,923 1450,923 1450,921 1451,921 1451,917 1452,917 1452,915 1453,915 1453,913 1454,913 1454,912 1456,912 1456,911"/>
	<TextEquiv>
	<Unicode>ἐπεμίγνυντο</Unicode></TextEquiv></Word>
	<TextEquiv>
	<Unicode>ἀπεγνωκόσι μάχεσθαι. οἱ δὲ ἐπεμίγνυντο</Unicode></TextEquiv></TextLine>
	<TextLine id="r47">
	<Coords points="1316,980 1316,981 1319,981 1319,982 1364,982 1364,984 1365,984 1365,1002 1424,1002 1424,1003 1589,1003 1589,992 1590,992 1590,989 1591,989 1591,988 1592,988 1592,987 1593,987 1593,986 1594,986 1594,985 1603,985 1603,986 1605,986 1605,987 1606,987 1606,988 1607,988 1607,990 1608,990 1608,1004 1645,1004 1645,1005 1646,1005 1646,1008 1645,1008 1645,1012 1644,1012 1644,1015 1643,1015 1643,1016 1642,1016 1642,1018 1641,1018 1641,1019 1640,1019 1640,1020 1639,1020 1639,1021 1638,1021 1638,1022 1637,1022 1637,1023 1636,1023 1636,1024 1635,1024 1635,1025 1634,1025 1634,1026 1632,1026 1632,1027 1630,1027 1630,1028 1629,1028 1629,1029 1627,1029 1627,1030 1587,1030 1587,1031 1557,1031 1557,1030 1410,1030 1410,1032 1409,1032 1409,1037 1408,1037 1408,1039 1407,1039 1407,1045 1405,1045 1405,1046 1404,1046 1404,1045 1403,1045 1403,1030 1166,1030 1166,1031 1166,1030 1043,1030 1043,1032 1042,1032 1042,1039 1041,1039 1041,1042 1040,1042 1040,1044 1039,1044 1039,1045 1008,1045 1008,1046 1007,1046 1007,1047 1004,1047 1004,1045 1003,1045 1003,1031 857,1031 857,1032 725,1032 725,1033 724,1033 724,1035 723,1035 723,1036 722,1036 722,1038 721,1038 721,1039 719,1039 719,1040 716,1040 716,1041 651,1041 651,1043 650,1043 650,1047 649,1047 649,1050 647,1050 647,1051 647,1050 569,1050 569,1049 568,1049 568,1047 567,1047 567,1039 470,1039 470,1035 365,1035 365,1036 364,1036 364,1039 363,1039 363,1043 362,1043 362,1047 361,1047 361,1048 360,1048 360,1049 357,1049 357,1048 356,1048 356,1035 239,1035 239,1036 235,1036 235,1035 232,1035 232,1034 231,1034 231,1033 230,1033 230,1024 231,1024 231,1022 232,1022 232,1020 233,1020 233,1018 234,1018 234,1017 235,1017 235,1016 236,1016 236,1014 238,1014 238,1013 239,1013 239,1012 241,1012 241,1011 245,1011 245,991 246,991 246,989 251,989 251,990 252,990 252,991 253,991 253,993 254,993 254,995 362,995 362,993 363,993 363,990 364,990 364,989 365,989 365,988 366,988 366,987 367,987 367,986 369,986 369,987 370,987 370,993 379,993 379,994 382,994 382,995 384,995 384,996 385,996 385,997 386,997 386,998 387,998 387,999 388,999 388,1000 390,1000 390,1002 391,1002 391,1004 392,1004 392,1006 453,1006 453,1007 476,1007 476,1008 582,1008 582,1007 583,1007 583,1006 586,1006 586,1005 616,1005 616,999 617,999 617,997 618,997 618,995 619,995 619,993 620,993 620,991 621,991 621,990 622,990 622,989 623,989 623,987 624,987 624,985 626,985 626,984 627,984 627,985 628,985 628,987 629,987 629,989 661,989 661,990 662,990 662,1005 848,1005 848,985 849,985 849,984 924,984 924,983 925,983 925,982 951,982 951,981 955,981 955,982 957,982 957,983 959,983 959,984 960,984 960,985 961,985 961,986 962,986 962,987 963,987 963,989 964,989 964,990 965,990 965,991 966,991 966,992 967,992 967,1003 1106,1003 1106,982 1107,982 1107,981 1109,981 1109,982 1110,982 1110,983 1111,983 1111,985 1112,985 1112,987 1113,987 1113,989 1114,989 1114,992 1115,992 1115,994 1116,994 1116,996 1117,996 1117,1003 1224,1003 1224,1002 1238,1002 1238,982 1239,982 1239,981 1313,981 1313,980"/>
	<Word id="r237">
	<Coords points="369,986 369,987 370,987 370,993 379,993 379,994 382,994 382,995 384,995 384,996 385,996 385,997 386,997 386,998 387,998 387,999 388,999 388,1000 390,1000 390,1002 391,1002 391,1004 392,1004 392,1006 453,1006 453,1007 476,1007 476,1008 480,1008 480,1009 482,1009 482,1010 483,1010 483,1012 484,1012 484,1014 485,1014 485,1016 484,1016 484,1017 480,1017 480,1034 479,1034 479,1036 478,1036 478,1037 477,1037 477,1038 475,1038 475,1039 470,1039 470,1035 365,1035 365,1036 364,1036 364,1039 363,1039 363,1043 362,1043 362,1047 361,1047 361,1048 360,1048 360,1049 357,1049 357,1048 356,1048 356,1035 239,1035 239,1036 235,1036 235,1035 232,1035 232,1034 231,1034 231,1033 230,1033 230,1024 231,1024 231,1022 232,1022 232,1020 233,1020 233,1018 234,1018 234,1017 235,1017 235,1016 236,1016 236,1014 238,1014 238,1013 239,1013 239,1012 241,1012 241,1011 245,1011 245,991 246,991 246,989 251,989 251,990 252,990 252,991 253,991 253,993 254,993 254,995 362,995 362,993 363,993 363,990 364,990 364,989 365,989 365,988 366,988 366,987 367,987 367,986"/>
	<TextEquiv>
	<Unicode>ἀλλήλοις</Unicode></TextEquiv></Word>
	<Word id="r238">
	<Coords points="627,984 627,985 628,985 628,987 629,987 629,989 661,989 661,990 662,990 662,1005 704,1005 704,1006 705,1006 705,1024 722,1024 722,1025 724,1025 724,1027 725,1027 725,1033 724,1033 724,1035 723,1035 723,1036 722,1036 722,1038 721,1038 721,1039 719,1039 719,1040 716,1040 716,1041 651,1041 651,1043 650,1043 650,1047 649,1047 649,1050 647,1050 647,1051 647,1050 569,1050 569,1049 568,1049 568,1047 567,1047 567,1034 535,1034 535,1033 534,1033 534,1031 535,1031 535,1028 536,1028 536,1024 537,1024 537,1022 538,1022 538,1020 539,1020 539,1016 540,1016 540,1014 541,1014 541,1010 542,1010 542,1009 544,1009 544,1008 582,1008 582,1007 583,1007 583,1006 586,1006 586,1005 616,1005 616,999 617,999 617,997 618,997 618,995 619,995 619,993 620,993 620,991 621,991 621,990 622,990 622,989 623,989 623,987 624,987 624,985 626,985 626,984"/>
	<TextEquiv>
	<Unicode>κρύφα,</Unicode></TextEquiv></Word>
	<Word id="r239">
	<Coords points="853,984 853,986 854,986 854,988 855,988 855,991 856,991 856,992 857,992 857,995 858,995 858,997 859,997 859,999 860,999 860,1020 863,1020 863,1021 864,1021 864,1023 863,1023 863,1026 862,1026 862,1028 861,1028 861,1029 860,1029 860,1030 859,1030 859,1031 857,1031 857,1032 776,1032 776,1031 775,1031 776,1031 776,1027 777,1027 777,1024 778,1024 778,1021 779,1021 779,1017 780,1017 780,1014 781,1014 781,1012 782,1012 782,1010 783,1010 783,1008 784,1008 784,1007 785,1007 785,1006 800,1006 800,1005 848,1005 848,985 849,985 849,984"/>
	<TextEquiv>
	<Unicode>καὶ</Unicode></TextEquiv></Word>
	<Word id="r240">
	<Coords points="955,981 955,982 957,982 957,983 959,983 959,984 960,984 960,985 961,985 961,986 962,986 962,987 963,987 963,989 964,989 964,990 965,990 965,991 966,991 966,992 967,992 967,1003 1106,1003 1106,982 1107,982 1107,981 1109,981 1109,982 1110,982 1110,983 1111,983 1111,985 1112,985 1112,987 1113,987 1113,989 1114,989 1114,992 1115,992 1115,994 1116,994 1116,996 1117,996 1117,1019 1120,1019 1120,1020 1121,1020 1121,1022 1120,1022 1120,1023 1119,1023 1119,1025 1118,1025 1118,1026 1117,1026 1117,1027 1116,1027 1116,1028 1115,1028 1115,1029 1113,1029 1113,1030 1043,1030 1043,1032 1042,1032 1042,1039 1041,1039 1041,1042 1040,1042 1040,1044 1039,1044 1039,1045 1008,1045 1008,1046 1007,1046 1007,1047 1004,1047 1004,1045 1003,1045 1003,1031 918,1031 918,1030 917,1030 917,1029 916,1029 916,1028 915,1028 915,1027 914,1027 914,1026 913,1026 913,1023 912,1023 912,1020 913,1020 913,1015 914,1015 914,1013 915,1013 915,1011 916,1011 916,1010 917,1010 917,1009 918,1009 918,1008 919,1008 919,1007 920,1007 920,1006 923,1006 923,984 924,984 924,983 925,983 925,982 951,982 951,981"/>
	<TextEquiv>
	<Unicode>ὀδυρμοὶ</Unicode></TextEquiv></Word>
	<Word id="r241">
	<Coords points="1242,981 1242,982 1243,982 1243,984 1244,984 1244,986 1245,986 1245,989 1246,989 1246,990 1247,990 1247,995 1248,995 1248,996 1249,996 1249,1018 1252,1018 1252,1019 1253,1019 1253,1020 1254,1020 1254,1021 1253,1021 1253,1022 1252,1022 1252,1024 1251,1024 1251,1025 1250,1025 1250,1026 1249,1026 1249,1028 1247,1028 1247,1029 1244,1029 1244,1030 1166,1030 1166,1031 1166,1030 1165,1030 1165,1026 1166,1026 1166,1022 1167,1022 1167,1020 1168,1020 1168,1018 1169,1018 1169,1014 1170,1014 1170,1011 1171,1011 1171,1007 1172,1007 1172,1006 1173,1006 1173,1005 1174,1005 1174,1004 1189,1004 1189,1003 1224,1003 1224,1002 1238,1002 1238,982 1239,982 1239,981"/>
	<TextEquiv>
	<Unicode>καὶ</Unicode></TextEquiv></Word>
	<Word id="r242">
	<Coords points="1316,980 1316,981 1319,981 1319,982 1364,982 1364,984 1365,984 1365,1002 1424,1002 1424,1003 1497,1003 1497,1018 1501,1018 1501,1019 1502,1019 1502,1021 1501,1021 1501,1023 1500,1023 1500,1025 1499,1025 1499,1026 1498,1026 1498,1027 1497,1027 1497,1028 1495,1028 1495,1029 1491,1029 1491,1030 1410,1030 1410,1032 1409,1032 1409,1037 1408,1037 1408,1039 1407,1039 1407,1045 1405,1045 1405,1046 1404,1046 1404,1045 1403,1045 1403,1030 1341,1030 1341,1029 1311,1029 1311,1028 1309,1028 1309,1027 1307,1027 1307,1026 1306,1026 1306,1025 1305,1025 1305,1023 1304,1023 1304,1012 1305,1012 1305,1010 1306,1010 1306,1009 1307,1009 1307,1008 1308,1008 1308,1007 1309,1007 1309,983 1310,983 1310,982 1311,982 1311,981 1313,981 1313,980"/>
	<TextEquiv>
	<Unicode>δάκρυα</Unicode></TextEquiv></Word>
	<Word id="r243">
	<Coords points="1603,985 1603,986 1605,986 1605,987 1606,987 1606,988 1607,988 1607,990 1608,990 1608,1004 1645,1004 1645,1005 1646,1005 1646,1008 1645,1008 1645,1012 1644,1012 1644,1015 1643,1015 1643,1016 1642,1016 1642,1018 1641,1018 1641,1019 1640,1019 1640,1020 1639,1020 1639,1021 1638,1021 1638,1022 1637,1022 1637,1023 1636,1023 1636,1024 1635,1024 1635,1025 1634,1025 1634,1026 1632,1026 1632,1027 1630,1027 1630,1028 1629,1028 1629,1029 1627,1029 1627,1030 1587,1030 1587,1031 1557,1031 1557,1030 1556,1030 1556,1029 1555,1029 1555,1015 1547,1015 1547,1014 1546,1014 1546,1013 1545,1013 1545,1008 1546,1008 1546,1006 1547,1006 1547,1005 1549,1005 1549,1004 1589,1004 1589,992 1590,992 1590,989 1591,989 1591,988 1592,988 1592,987 1593,987 1593,986 1594,986 1594,985"/>
	<TextEquiv>
	<Unicode>τῶν</Unicode></TextEquiv></Word>
	<TextEquiv>
	<Unicode>ἀλλήλοις κρύφα, καὶ ὀδυρμοὶ καὶ δάκρυα τῶν</Unicode></TextEquiv></TextLine>
	<TextLine id="r16">
	<Coords points="1244,1048 1245,1048 1245,1049 1246,1049 1246,1050 1247,1050 1247,1057 1253,1057 1253,1058 1256,1058 1256,1059 1258,1059 1258,1060 1260,1060 1260,1061 1261,1061 1261,1062 1262,1062 1262,1063 1263,1063 1263,1065 1264,1065 1264,1066 1265,1066 1265,1068 1266,1068 1266,1070 1418,1070 1418,1054 1419,1054 1419,1053 1420,1053 1420,1052 1421,1052 1421,1051 1423,1051 1423,1050 1427,1050 1427,1051 1428,1051 1428,1053 1429,1053 1429,1071 1601,1071 1601,1063 1602,1063 1602,1060 1603,1060 1603,1058 1604,1058 1604,1057 1606,1057 1606,1056 1607,1056 1607,1055 1608,1055 1608,1054 1614,1054 1614,1055 1616,1055 1616,1056 1618,1056 1618,1057 1619,1057 1619,1059 1620,1059 1620,1063 1621,1063 1621,1072 1644,1072 1644,1074 1645,1074 1645,1081 1644,1081 1644,1083 1643,1083 1643,1085 1642,1085 1642,1087 1641,1087 1641,1089 1639,1089 1639,1091 1637,1091 1637,1092 1636,1092 1636,1093 1635,1093 1635,1094 1634,1094 1634,1095 1632,1095 1632,1096 1631,1096 1631,1097 1629,1097 1629,1098 1627,1098 1627,1099 1624,1099 1624,1100 1518,1100 1518,1103 1517,1103 1517,1107 1516,1107 1516,1113 1515,1113 1515,1115 1512,1115 1512,1114 1511,1114 1511,1113 1437,1113 1437,1112 1436,1112 1436,1103 1346,1103 1346,1102 1345,1102 1345,1098 1209,1098 1209,1099 1203,1099 1203,1100 1202,1100 1202,1103 1201,1103 1201,1113 1200,1113 1200,1114 1199,1114 1199,1116 1197,1116 1197,1115 1196,1115 1196,1099 1007,1099 1007,1100 1006,1100 1006,1101 1004,1101 1004,1102 1003,1102 1003,1103 1000,1103 1000,1104 998,1104 998,1103 997,1103 997,1100 825,1100 825,1101 751,1101 751,1102 679,1102 679,1103 678,1103 678,1104 677,1104 677,1105 676,1105 676,1106 674,1106 674,1107 669,1107 669,1102 556,1102 556,1103 543,1103 543,1107 542,1107 542,1113 541,1113 541,1116 540,1116 540,1117 536,1117 536,1116 535,1116 535,1103 367,1103 367,1104 351,1104 351,1105 253,1105 253,1106 247,1106 247,1107 246,1107 246,1113 245,1113 245,1121 244,1121 244,1122 243,1122 243,1123 242,1123 242,1122 241,1122 241,1121 240,1121 240,1104 237,1104 237,1103 235,1103 235,1102 234,1102 234,1101 233,1101 233,1099 232,1099 232,1097 231,1097 231,1094 230,1094 230,1089 231,1089 231,1086 232,1086 232,1085 233,1085 233,1083 234,1083 234,1082 235,1082 235,1081 237,1081 237,1080 239,1080 239,1079 242,1079 242,1078 249,1078 249,1066 250,1066 250,1064 251,1064 251,1062 252,1062 252,1061 255,1061 255,1062 365,1062 365,1061 366,1061 366,1059 367,1059 367,1058 368,1058 368,1057 369,1057 369,1056 372,1056 372,1057 373,1057 373,1077 527,1077 527,1061 528,1061 528,1060 529,1060 529,1059 530,1059 530,1058 531,1058 531,1057 533,1057 533,1056 534,1056 534,1055 540,1055 540,1056 736,1056 736,1055 738,1055 738,1054 742,1054 742,1055 743,1055 743,1056 744,1056 744,1057 846,1057 846,1053 847,1053 847,1052 933,1052 933,1051 934,1051 934,1050 937,1050 937,1051 938,1051 938,1072 1115,1072 1115,1071 1129,1071 1129,1051 1130,1051 1130,1050 1132,1050 1132,1051 1133,1051 1133,1052 1134,1052 1134,1053 1135,1053 1135,1054 1239,1054 1239,1053 1240,1053 1240,1051 1241,1051 1241,1050 1242,1050 1242,1049 1244,1049"/>
	<Word id="r130">
	<Coords points="372,1056 372,1057 373,1057 373,1077 477,1077 477,1078 479,1078 479,1080 480,1080 480,1083 479,1083 479,1087 478,1087 478,1089 477,1089 477,1090 476,1090 476,1091 475,1091 475,1092 474,1092 474,1093 473,1093 473,1095 471,1095 471,1097 469,1097 469,1098 468,1098 468,1099 466,1099 466,1100 464,1100 464,1101 463,1101 463,1102 461,1102 461,1103 367,1103 367,1104 351,1104 351,1105 253,1105 253,1106 247,1106 247,1107 246,1107 246,1113 245,1113 245,1121 244,1121 244,1122 243,1122 243,1123 242,1123 242,1122 241,1122 241,1121 240,1121 240,1104 237,1104 237,1103 235,1103 235,1102 234,1102 234,1101 233,1101 233,1099 232,1099 232,1097 231,1097 231,1094 230,1094 230,1089 231,1089 231,1086 232,1086 232,1085 233,1085 233,1083 234,1083 234,1082 235,1082 235,1081 237,1081 237,1080 239,1080 239,1079 242,1079 242,1078 249,1078 249,1066 250,1066 250,1064 251,1064 251,1062 252,1062 252,1061 255,1061 255,1062 365,1062 365,1061 366,1061 366,1059 367,1059 367,1058 368,1058 368,1057 369,1057 369,1056"/>
	<TextEquiv>
	<Unicode>φυλάκων</Unicode></TextEquiv></Word>
	<Word id="r131">
	<Coords points="540,1055 540,1056 542,1056 542,1057 543,1057 543,1058 545,1058 545,1060 546,1060 546,1063 547,1063 547,1075 576,1075 576,1076 578,1076 578,1079 579,1079 579,1083 578,1083 578,1085 577,1085 577,1087 576,1087 576,1088 575,1088 575,1090 574,1090 574,1092 573,1092 573,1093 572,1093 572,1094 571,1094 571,1095 570,1095 570,1096 569,1096 569,1097 567,1097 567,1098 566,1098 566,1099 564,1099 564,1100 563,1100 563,1101 560,1101 560,1102 556,1102 556,1103 543,1103 543,1107 542,1107 542,1113 541,1113 541,1116 540,1116 540,1117 536,1117 536,1116 535,1116 535,1102 524,1102 524,1101 523,1101 523,1086 519,1086 519,1085 518,1085 518,1084 519,1084 519,1083 520,1083 520,1082 521,1082 521,1080 522,1080 522,1079 523,1079 523,1078 525,1078 525,1077 527,1077 527,1061 528,1061 528,1060 529,1060 529,1059 530,1059 530,1058 531,1058 531,1057 533,1057 533,1056 534,1056 534,1055"/>
	<TextEquiv>
	<Unicode>ἦν</Unicode></TextEquiv></Word>
	<Word id="r132">
	<Coords points="644,1056 644,1057 646,1057 646,1058 647,1058 647,1074 675,1074 675,1075 677,1075 677,1076 679,1076 679,1077 681,1077 681,1078 682,1078 682,1079 683,1079 683,1080 684,1080 684,1083 683,1083 683,1084 682,1084 682,1085 680,1085 680,1100 679,1100 679,1103 678,1103 678,1104 677,1104 677,1105 676,1105 676,1106 674,1106 674,1107 669,1107 669,1102 628,1102 628,1101 626,1101 626,1100 624,1100 624,1099 622,1099 622,1098 621,1098 621,1096 620,1096 620,1088 621,1088 621,1085 622,1085 622,1084 624,1084 624,1080 626,1080 626,1079 627,1079 627,1078 629,1078 629,1077 632,1077 632,1076 637,1076 637,1060 638,1060 638,1058 639,1058 639,1057 641,1057 641,1056"/>
	<TextEquiv>
	<Unicode>ὡς</Unicode></TextEquiv></Word>
	<Word id="r133">
	<Coords points="742,1054 742,1055 743,1055 743,1056 744,1056 744,1057 745,1057 745,1074 772,1074 772,1076 773,1076 773,1082 772,1082 772,1084 771,1084 771,1086 770,1086 770,1088 769,1088 769,1089 768,1089 768,1090 767,1090 767,1092 765,1092 765,1093 764,1093 764,1094 763,1094 763,1095 762,1095 762,1096 761,1096 761,1097 759,1097 759,1099 756,1099 756,1100 754,1100 754,1101 751,1101 751,1102 731,1102 731,1101 728,1101 728,1100 727,1100 727,1099 726,1099 726,1098 725,1098 725,1097 724,1097 724,1095 723,1095 723,1092 722,1092 722,1089 723,1089 723,1085 724,1085 724,1083 725,1083 725,1082 726,1082 726,1081 727,1081 727,1080 728,1080 728,1078 730,1078 730,1077 731,1077 731,1076 734,1076 734,1056 736,1056 736,1055 738,1055 738,1054"/>
	<TextEquiv>
	<Unicode>ἐν</Unicode></TextEquiv></Word>
	<Word id="r134">
	<Coords points="937,1050 937,1051 938,1051 938,1072 1005,1072 1005,1073 1007,1073 1007,1074 1009,1074 1009,1075 1010,1075 1010,1076 1011,1076 1011,1077 1012,1077 1012,1079 1013,1079 1012,1079 1012,1081 1010,1081 1010,1082 1008,1082 1008,1097 1007,1097 1007,1100 1006,1100 1006,1101 1004,1101 1004,1102 1003,1102 1003,1103 1000,1103 1000,1104 998,1104 998,1103 997,1103 997,1100 825,1100 825,1101 822,1101 822,1100 819,1100 819,1099 817,1099 817,1098 815,1098 815,1097 814,1097 814,1095 813,1095 813,1091 812,1091 813,1091 813,1085 814,1085 814,1082 815,1082 815,1081 816,1081 816,1080 817,1080 817,1079 818,1079 818,1078 819,1078 819,1077 820,1077 820,1076 821,1076 821,1075 823,1075 823,1074 846,1074 846,1053 847,1053 847,1052 933,1052 933,1051 934,1051 934,1050"/>
	<TextEquiv>
	<Unicode>οἰκείοις</Unicode></TextEquiv></Word>
	<Word id="r135">
	<Coords points="1132,1050 1132,1051 1133,1051 1133,1052 1134,1052 1134,1053 1135,1053 1135,1056 1136,1056 1136,1058 1137,1058 1137,1061 1138,1061 1138,1064 1139,1064 1139,1087 1143,1087 1143,1088 1144,1088 1144,1090 1143,1090 1143,1092 1142,1092 1142,1094 1141,1094 1141,1095 1140,1095 1140,1096 1139,1096 1139,1097 1137,1097 1137,1098 1134,1098 1134,1099 1057,1099 1057,1098 1056,1098 1056,1096 1057,1096 1057,1091 1058,1091 1058,1089 1059,1089 1059,1086 1060,1086 1060,1085 1061,1085 1061,1080 1062,1080 1062,1076 1063,1076 1063,1075 1064,1075 1064,1073 1080,1073 1080,1072 1115,1072 1115,1071 1129,1071 1129,1051 1130,1051 1130,1050"/>
	<TextEquiv>
	<Unicode>καὶ</Unicode></TextEquiv></Word>
	<Word id="r136">
	<Coords points="1244,1048 1245,1048 1245,1049 1246,1049 1246,1050 1247,1050 1247,1057 1253,1057 1253,1058 1256,1058 1256,1059 1258,1059 1258,1060 1260,1060 1260,1061 1261,1061 1261,1062 1262,1062 1262,1063 1263,1063 1263,1065 1264,1065 1264,1066 1265,1066 1265,1068 1266,1068 1266,1070 1328,1070 1328,1071 1354,1071 1354,1072 1355,1072 1355,1073 1357,1073 1357,1074 1358,1074 1358,1076 1359,1076 1359,1077 1360,1077 1360,1079 1359,1079 1359,1080 1358,1080 1358,1081 1355,1081 1355,1098 1354,1098 1354,1099 1353,1099 1353,1100 1352,1100 1352,1101 1351,1101 1351,1102 1348,1102 1348,1103 1346,1103 1346,1102 1345,1102 1345,1098 1209,1098 1209,1099 1203,1099 1203,1100 1202,1100 1202,1103 1201,1103 1201,1113 1200,1113 1200,1114 1199,1114 1199,1116 1197,1116 1197,1115 1196,1115 1196,1098 1195,1098 1195,1097 1193,1097 1193,1096 1192,1096 1192,1095 1189,1095 1189,1094 1188,1094 1188,1093 1187,1093 1187,1091 1186,1091 1186,1089 1185,1089 1185,1080 1186,1080 1186,1079 1187,1079 1187,1078 1188,1078 1188,1076 1189,1076 1189,1075 1190,1075 1190,1074 1192,1074 1192,1073 1194,1073 1194,1072 1200,1072 1200,1071 1203,1071 1203,1070 1204,1070 1204,1057 1205,1057 1205,1056 1206,1056 1206,1055 1208,1055 1208,1054 1239,1054 1239,1053 1240,1053 1240,1051 1241,1051 1241,1050 1242,1050 1242,1049 1244,1049"/>
	<TextEquiv>
	<Unicode>φίλοις</Unicode></TextEquiv></Word>
	<Word id="r138">
	<Coords points="1427,1050 1427,1051 1428,1051 1428,1053 1429,1053 1429,1071 1601,1071 1601,1063 1602,1063 1602,1060 1603,1060 1603,1058 1604,1058 1604,1057 1606,1057 1606,1056 1607,1056 1607,1055 1608,1055 1608,1054 1614,1054 1614,1055 1616,1055 1616,1056 1618,1056 1618,1057 1619,1057 1619,1059 1620,1059 1620,1063 1621,1063 1621,1072 1644,1072 1644,1074 1645,1074 1645,1081 1644,1081 1644,1083 1643,1083 1643,1085 1642,1085 1642,1087 1641,1087 1641,1089 1639,1089 1639,1091 1637,1091 1637,1092 1636,1092 1636,1093 1635,1093 1635,1094 1634,1094 1634,1095 1632,1095 1632,1096 1631,1096 1631,1097 1629,1097 1629,1098 1627,1098 1627,1099 1624,1099 1624,1100 1518,1100 1518,1103 1517,1103 1517,1107 1516,1107 1516,1113 1515,1113 1515,1115 1512,1115 1512,1114 1511,1114 1511,1113 1437,1113 1437,1112 1436,1112 1436,1097 1406,1097 1406,1096 1405,1096 1405,1095 1404,1095 1404,1094 1403,1094 1403,1092 1402,1092 1402,1085 1403,1085 1403,1083 1404,1083 1404,1080 1405,1080 1405,1079 1406,1079 1406,1078 1407,1078 1407,1077 1408,1077 1408,1076 1409,1076 1409,1075 1410,1075 1410,1074 1411,1074 1411,1073 1413,1073 1413,1072 1418,1072 1418,1054 1419,1054 1419,1053 1420,1053 1420,1052 1421,1052 1421,1051 1423,1051 1423,1050"/>
	<TextEquiv>
	<Unicode>ἁμαρτεῖν</Unicode></TextEquiv></Word>
	<TextEquiv>
	<Unicode>φυλάκων ἦν ὡς ἐν οἰκείοις καὶ φίλοις ἁμαρτεῖν</Unicode></TextEquiv></TextLine>
	<TextLine id="r17">
	<Coords points="1188,1117 1188,1118 1189,1118 1189,1139 1318,1139 1318,1121 1319,1121 1319,1120 1324,1120 1324,1121 1326,1121 1326,1122 1327,1122 1327,1140 1446,1140 1446,1118 1447,1118 1447,1117 1449,1117 1449,1118 1451,1118 1451,1120 1452,1120 1452,1122 1453,1122 1453,1123 1454,1123 1454,1128 1455,1128 1455,1130 1456,1130 1456,1131 1457,1131 1457,1133 1458,1133 1458,1138 1600,1138 1600,1133 1601,1133 1601,1131 1602,1131 1602,1129 1603,1129 1603,1124 1604,1124 1604,1122 1605,1122 1605,1121 1606,1121 1606,1120 1607,1120 1607,1119 1608,1119 1608,1118 1611,1118 1611,1140 1627,1140 1627,1141 1641,1141 1641,1158 1644,1158 1644,1159 1645,1159 1645,1160 1644,1160 1644,1162 1643,1162 1643,1164 1642,1164 1642,1165 1641,1165 1641,1166 1640,1166 1640,1167 1638,1167 1638,1168 1561,1168 1561,1176 1560,1176 1560,1180 1559,1180 1559,1183 1558,1183 1558,1184 1541,1184 1541,1185 1541,1184 1539,1184 1539,1183 1514,1183 1514,1167 1346,1167 1346,1168 1345,1168 1345,1169 1343,1169 1343,1171 1338,1171 1338,1170 1337,1170 1337,1167 1025,1167 1025,1168 1018,1168 1018,1167 900,1167 900,1168 898,1168 898,1169 881,1169 881,1173 880,1173 880,1177 879,1177 879,1180 878,1180 878,1181 877,1181 877,1182 874,1182 874,1181 873,1181 873,1173 771,1173 771,1174 770,1174 770,1175 767,1175 767,1176 766,1176 766,1177 763,1177 763,1176 762,1176 762,1171 734,1171 734,1170 632,1170 632,1171 552,1171 552,1177 551,1177 551,1179 550,1179 550,1183 549,1183 549,1184 548,1184 548,1185 546,1185 546,1186 546,1185 544,1185 544,1183 543,1183 543,1172 404,1172 404,1173 403,1173 403,1175 402,1175 402,1180 401,1180 401,1185 400,1185 400,1187 398,1187 398,1188 396,1188 396,1187 395,1187 395,1174 237,1174 237,1175 236,1175 236,1179 235,1179 235,1183 234,1183 234,1186 233,1186 233,1188 232,1188 232,1189 231,1189 231,1190 229,1190 229,1189 228,1189 228,1188 227,1188 227,1185 228,1185 228,1181 229,1181 229,1179 230,1179 230,1178 231,1178 231,1174 232,1174 232,1172 233,1172 233,1168 234,1168 234,1165 235,1165 235,1161 236,1161 236,1157 237,1157 237,1153 238,1153 238,1150 240,1150 240,1148 275,1148 275,1125 276,1125 276,1124 278,1124 278,1125 279,1125 279,1126 381,1126 381,1124 382,1124 382,1123 384,1123 384,1122 388,1122 388,1123 390,1123 390,1129 467,1129 467,1130 471,1130 471,1131 473,1131 473,1132 475,1132 475,1133 476,1133 476,1134 477,1134 477,1135 478,1135 478,1136 479,1136 479,1138 480,1138 480,1140 481,1140 481,1141 482,1141 482,1143 483,1143 483,1144 611,1144 611,1136 612,1136 612,1135 613,1135 613,1134 614,1134 614,1130 615,1130 615,1129 616,1129 616,1128 617,1128 617,1126 618,1126 618,1124 619,1124 619,1123 620,1123 620,1122 622,1122 622,1121 624,1121 624,1122 625,1122 625,1142 719,1142 719,1143 838,1143 838,1142 866,1142 866,1120 868,1120 868,1119 868,1120 871,1120 871,1122 872,1122 872,1123 873,1123 873,1126 874,1126 874,1129 875,1129 875,1132 876,1132 876,1134 877,1134 877,1136 878,1136 878,1142 982,1142 982,1122 983,1122 983,1121 984,1121 984,1119 986,1119 986,1118 989,1118 989,1119 1018,1119 1018,1120 1019,1120 1019,1122 1020,1122 1020,1124 1021,1124 1021,1125 1022,1125 1022,1128 1124,1128 1124,1119 1125,1119 1125,1118 1186,1118 1186,1117"/>
	<Word id="r139">
	<Coords points="278,1124 278,1125 279,1125 279,1126 280,1126 280,1128 281,1128 281,1130 282,1130 282,1131 283,1131 283,1134 284,1134 284,1136 285,1136 285,1138 286,1138 286,1140 287,1140 287,1145 317,1145 317,1146 318,1146 318,1147 319,1147 319,1151 320,1151 319,1151 319,1154 318,1154 318,1157 317,1157 317,1159 316,1159 316,1160 315,1160 315,1162 314,1162 314,1163 313,1163 313,1164 311,1164 311,1166 310,1166 310,1167 308,1167 308,1168 307,1168 307,1169 305,1169 305,1170 304,1170 304,1171 303,1171 303,1172 300,1172 300,1173 298,1173 298,1174 237,1174 237,1175 236,1175 236,1179 235,1179 235,1183 234,1183 234,1186 233,1186 233,1188 232,1188 232,1189 231,1189 231,1190 229,1190 229,1189 228,1189 228,1188 227,1188 227,1185 228,1185 228,1181 229,1181 229,1179 230,1179 230,1178 231,1178 231,1174 232,1174 232,1172 233,1172 233,1168 234,1168 234,1165 235,1165 235,1161 236,1161 236,1157 237,1157 237,1153 238,1153 238,1150 240,1150 240,1148 275,1148 275,1125 276,1125 276,1124"/>
	<TextEquiv>
	<Unicode>μὲν</Unicode></TextEquiv></Word>
	<Word id="r140">
	<Coords points="622,1121 624,1121 624,1122 625,1122 625,1142 719,1142 719,1143 758,1143 758,1144 759,1144 759,1160 771,1160 771,1161 772,1161 772,1162 773,1162 773,1165 774,1165 774,1169 773,1169 773,1172 772,1172 772,1173 771,1173 771,1174 770,1174 770,1175 767,1175 767,1176 766,1176 766,1177 763,1177 763,1176 762,1176 762,1171 734,1171 734,1170 632,1170 632,1171 552,1171 552,1177 551,1177 551,1179 550,1179 550,1183 549,1183 549,1184 548,1184 548,1185 546,1185 546,1186 546,1185 544,1185 544,1183 543,1183 543,1172 404,1172 404,1173 403,1173 403,1175 402,1175 402,1180 401,1180 401,1185 400,1185 400,1187 398,1187 398,1188 396,1188 396,1187 395,1187 395,1173 375,1173 375,1172 372,1172 372,1171 371,1171 371,1170 370,1170 370,1169 369,1169 369,1166 368,1166 368,1158 369,1158 369,1154 370,1154 370,1152 371,1152 371,1151 372,1151 372,1150 373,1150 373,1149 374,1149 374,1148 376,1148 376,1147 379,1147 379,1128 380,1128 380,1126 381,1126 381,1124 382,1124 382,1123 384,1123 384,1122 388,1122 388,1123 390,1123 390,1129 467,1129 467,1130 471,1130 471,1131 473,1131 473,1132 475,1132 475,1133 476,1133 476,1134 477,1134 477,1135 478,1135 478,1136 479,1136 479,1138 480,1138 480,1140 481,1140 481,1141 482,1141 482,1143 483,1143 483,1144 611,1144 611,1136 612,1136 612,1135 613,1135 613,1134 614,1134 614,1130 615,1130 615,1129 616,1129 616,1128 617,1128 617,1126 618,1126 618,1124 619,1124 619,1123 620,1123 620,1122 622,1122"/>
	<TextEquiv>
	<Unicode>ὁμολογούντων,</Unicode></TextEquiv></Word>
	<Word id="r142">
	<Coords points="868,1119 868,1120 871,1120 871,1122 872,1122 872,1123 873,1123 873,1126 874,1126 874,1129 875,1129 875,1132 876,1132 876,1134 877,1134 877,1136 878,1136 878,1142 916,1142 916,1143 917,1143 917,1149 916,1149 916,1152 915,1152 915,1154 914,1154 914,1155 913,1155 913,1157 912,1157 912,1158 911,1158 911,1159 910,1159 910,1160 909,1160 909,1161 908,1161 908,1162 907,1162 907,1163 905,1163 905,1164 903,1164 903,1166 902,1166 902,1167 900,1167 900,1168 898,1168 898,1169 881,1169 881,1173 880,1173 880,1177 879,1177 879,1180 878,1180 878,1181 877,1181 877,1182 874,1182 874,1181 873,1181 873,1170 837,1170 837,1169 836,1169 836,1168 835,1168 835,1154 827,1154 827,1153 826,1153 826,1146 827,1146 827,1145 828,1145 828,1144 829,1144 829,1143 838,1143 838,1142 866,1142 866,1120 868,1120"/>
	<TextEquiv>
	<Unicode>τὴν</Unicode></TextEquiv></Word>
	<Word id="r145">
	<Coords points="989,1118 989,1119 1018,1119 1018,1120 1019,1120 1019,1122 1020,1122 1020,1124 1021,1124 1021,1125 1022,1125 1022,1128 1023,1128 1023,1130 1024,1130 1024,1131 1025,1131 1025,1134 1026,1134 1026,1141 1027,1141 1027,1142 1028,1142 1028,1143 1029,1143 1029,1144 1030,1144 1030,1146 1029,1146 1029,1147 1028,1147 1028,1165 1027,1165 1027,1167 1025,1167 1025,1168 1018,1168 1018,1167 984,1167 984,1166 982,1166 982,1165 981,1165 981,1164 980,1164 980,1163 978,1163 978,1161 977,1161 977,1150 978,1150 978,1148 979,1148 979,1147 980,1147 980,1146 981,1146 981,1145 982,1145 982,1122 983,1122 983,1121 984,1121 984,1119 986,1119 986,1118"/>
	<TextEquiv>
	<Unicode>δὲ</Unicode></TextEquiv></Word>
	<Word id="r146">
	<Coords points="1188,1117 1188,1118 1189,1118 1189,1139 1219,1139 1219,1140 1253,1140 1253,1141 1255,1141 1255,1147 1254,1147 1254,1151 1253,1151 1253,1152 1252,1152 1252,1153 1251,1153 1251,1155 1250,1155 1250,1156 1249,1156 1249,1157 1248,1157 1248,1158 1247,1158 1247,1159 1246,1159 1246,1160 1245,1160 1245,1161 1243,1161 1243,1162 1242,1162 1242,1163 1239,1163 1239,1165 1238,1165 1238,1166 1235,1166 1235,1167 1087,1167 1087,1166 1086,1166 1086,1165 1085,1165 1085,1164 1084,1164 1084,1161 1083,1161 1083,1159 1084,1159 1084,1155 1085,1155 1085,1153 1086,1153 1086,1150 1087,1150 1087,1149 1088,1149 1088,1147 1089,1147 1089,1146 1090,1146 1090,1145 1091,1145 1091,1144 1092,1144 1092,1143 1094,1143 1094,1142 1097,1142 1097,1141 1124,1141 1124,1119 1125,1119 1125,1118 1186,1118 1186,1117"/>
	<TextEquiv>
	<Unicode>αἰτίαν</Unicode></TextEquiv></Word>
	<Word id="r147">
	<Coords points="1324,1120 1324,1121 1326,1121 1326,1122 1327,1122 1327,1140 1344,1140 1344,1141 1347,1141 1347,1142 1348,1142 1348,1143 1351,1143 1351,1145 1352,1145 1352,1147 1353,1147 1352,1147 1352,1149 1351,1149 1351,1150 1347,1150 1347,1167 1346,1167 1346,1168 1345,1168 1345,1169 1343,1169 1343,1171 1338,1171 1338,1170 1337,1170 1337,1167 1312,1167 1312,1166 1310,1166 1310,1165 1309,1165 1309,1164 1308,1164 1308,1162 1307,1162 1307,1161 1306,1161 1306,1159 1305,1159 1305,1152 1306,1152 1306,1150 1307,1150 1307,1148 1308,1148 1308,1146 1309,1146 1309,1145 1310,1145 1310,1144 1312,1144 1312,1143 1313,1143 1313,1142 1314,1142 1314,1141 1318,1141 1318,1121 1319,1121 1319,1120"/>
	<TextEquiv>
	<Unicode>ἐς</Unicode></TextEquiv></Word>
	<Word id="r148">
	<Coords points="1449,1117 1449,1118 1451,1118 1451,1120 1452,1120 1452,1122 1453,1122 1453,1123 1454,1123 1454,1128 1455,1128 1455,1130 1456,1130 1456,1131 1457,1131 1457,1133 1458,1133 1458,1139 1461,1139 1461,1140 1463,1140 1463,1155 1466,1155 1466,1156 1467,1156 1467,1157 1466,1157 1466,1158 1465,1158 1465,1160 1464,1160 1464,1162 1463,1162 1463,1164 1462,1164 1462,1165 1459,1165 1459,1166 1416,1166 1416,1167 1412,1167 1412,1166 1411,1166 1411,1151 1403,1151 1403,1149 1402,1149 1402,1147 1403,1147 1403,1143 1404,1143 1404,1142 1405,1142 1405,1141 1410,1141 1410,1140 1446,1140 1446,1118 1447,1118 1447,1117"/>
	<TextEquiv>
	<Unicode>τὰ</Unicode></TextEquiv></Word>
	<Word id="r149">
	<Coords points="1611,1118 1611,1140 1627,1140 1627,1141 1641,1141 1641,1158 1644,1158 1644,1159 1645,1159 1645,1160 1644,1160 1644,1162 1643,1162 1643,1164 1642,1164 1642,1165 1641,1165 1641,1166 1640,1166 1640,1167 1638,1167 1638,1168 1561,1168 1561,1176 1560,1176 1560,1180 1559,1180 1559,1183 1558,1183 1558,1184 1541,1184 1541,1185 1541,1184 1539,1184 1539,1183 1514,1183 1514,1147 1515,1147 1515,1145 1516,1145 1516,1143 1517,1143 1517,1142 1518,1142 1518,1140 1520,1140 1520,1139 1549,1139 1549,1138 1600,1138 1600,1133 1601,1133 1601,1131 1602,1131 1602,1129 1603,1129 1603,1124 1604,1124 1604,1122 1605,1122 1605,1121 1606,1121 1606,1120 1607,1120 1607,1119 1608,1119 1608,1118"/>
	<TextEquiv>
	<Unicode>χρέα</Unicode></TextEquiv></Word>
	<TextEquiv>
	<Unicode>μὲν ὁμολογούντων, τὴν δὲ αἰτίαν ἐς τὰ χρέα</Unicode></TextEquiv></TextLine>
	<TextLine id="r18">
	<Coords points="1062,1186 1062,1187 1064,1187 1064,1188 1065,1188 1065,1189 1139,1189 1139,1190 1141,1190 1141,1208 1275,1208 1275,1196 1276,1196 1276,1194 1277,1194 1277,1192 1279,1192 1279,1191 1280,1191 1280,1190 1286,1190 1286,1191 1288,1191 1288,1192 1290,1192 1290,1193 1291,1193 1291,1194 1292,1194 1292,1195 1293,1195 1293,1207 1441,1207 1441,1187 1442,1187 1442,1186 1448,1186 1448,1187 1449,1187 1449,1188 1613,1188 1613,1187 1615,1187 1615,1186 1616,1186 1616,1187 1617,1187 1617,1188 1618,1188 1618,1216 1619,1216 1619,1223 1640,1223 1640,1224 1641,1224 1641,1226 1639,1226 1639,1227 1618,1227 1618,1229 1617,1229 1617,1231 1616,1231 1616,1232 1615,1232 1615,1234 1613,1234 1613,1235 1611,1235 1611,1236 1609,1236 1609,1237 1568,1237 1568,1236 1368,1236 1368,1237 1367,1237 1367,1238 1366,1238 1366,1239 1359,1239 1359,1235 1184,1235 1184,1240 1183,1240 1183,1246 1182,1246 1182,1251 1181,1251 1181,1252 1178,1252 1178,1251 1176,1251 1176,1236 988,1236 988,1237 844,1237 844,1240 843,1240 843,1244 842,1244 842,1247 841,1247 841,1249 840,1249 840,1250 839,1250 839,1251 830,1251 830,1253 829,1253 829,1254 828,1254 828,1255 823,1255 823,1254 783,1254 783,1253 782,1253 782,1252 781,1252 781,1239 635,1239 635,1240 528,1240 528,1241 399,1241 399,1242 303,1242 303,1247 302,1247 302,1253 301,1253 301,1259 300,1259 300,1260 296,1260 296,1258 241,1258 241,1257 240,1257 240,1241 237,1241 237,1240 235,1240 235,1239 234,1239 234,1238 233,1238 233,1237 232,1237 232,1235 231,1235 231,1233 230,1233 230,1226 231,1226 231,1224 232,1224 232,1222 234,1222 234,1220 235,1220 235,1219 236,1219 236,1218 238,1218 238,1217 240,1217 240,1216 245,1216 245,1215 249,1215 249,1214 250,1214 250,1202 251,1202 251,1200 252,1200 252,1199 343,1199 343,1198 344,1198 344,1196 345,1196 345,1193 346,1193 346,1192 348,1192 348,1191 351,1191 351,1192 352,1192 352,1213 557,1213 557,1190 561,1190 561,1191 683,1191 683,1190 686,1190 686,1189 772,1189 772,1190 773,1190 773,1211 812,1211 812,1212 813,1212 813,1213 845,1213 845,1214 947,1214 947,1213 948,1213 948,1212 949,1212 949,1211 951,1211 951,1210 953,1210 953,1194 954,1194 954,1193 955,1193 955,1190 957,1190 957,1189 959,1189 959,1188 1057,1188 1057,1187 1059,1187 1059,1186"/>
	<Word id="r150">
	<Coords points="351,1191 351,1192 352,1192 352,1213 487,1213 487,1216 488,1216 488,1223 487,1223 487,1225 486,1225 486,1226 485,1226 485,1228 484,1228 484,1229 483,1229 483,1231 482,1231 482,1232 481,1232 481,1233 479,1233 479,1234 478,1234 478,1235 477,1235 477,1236 476,1236 476,1237 475,1237 475,1238 474,1238 474,1239 471,1239 471,1240 467,1240 467,1241 399,1241 399,1242 303,1242 303,1247 302,1247 302,1253 301,1253 301,1259 300,1259 300,1260 296,1260 296,1258 241,1258 241,1257 240,1257 240,1241 237,1241 237,1240 235,1240 235,1239 234,1239 234,1238 233,1238 233,1237 232,1237 232,1235 231,1235 231,1233 230,1233 230,1226 231,1226 231,1224 232,1224 232,1222 234,1222 234,1220 235,1220 235,1219 236,1219 236,1218 238,1218 238,1217 240,1217 240,1216 245,1216 245,1215 249,1215 249,1214 250,1214 250,1202 251,1202 251,1200 252,1200 252,1199 343,1199 343,1198 344,1198 344,1196 345,1196 345,1193 346,1193 346,1192 348,1192 348,1191"/>
	<TextEquiv>
	<Unicode>φερόντων</Unicode></TextEquiv></Word>
	<Word id="r151">
	<Coords points="561,1190 561,1191 562,1191 562,1193 563,1193 563,1197 564,1197 564,1198 565,1198 565,1200 566,1200 566,1202 567,1202 567,1205 568,1205 568,1206 569,1206 569,1213 574,1213 574,1229 578,1229 578,1231 577,1231 577,1234 576,1234 576,1235 575,1235 575,1236 574,1236 574,1237 573,1237 573,1238 571,1238 571,1239 529,1239 529,1240 528,1240 528,1241 526,1241 526,1240 524,1240 524,1239 523,1239 523,1225 515,1225 515,1223 514,1223 514,1219 515,1219 515,1217 516,1217 516,1216 518,1216 518,1215 522,1215 522,1214 557,1214 557,1190"/>
	<TextEquiv>
	<Unicode>τὰ</Unicode></TextEquiv></Word>
	<Word id="r152">
	<Coords points="623,1192 624,1192 624,1193 625,1193 625,1194 626,1194 626,1195 627,1195 627,1196 628,1196 628,1212 656,1212 656,1213 657,1213 657,1220 656,1220 656,1221 655,1221 655,1225 654,1225 654,1226 653,1226 653,1228 652,1228 652,1229 651,1229 651,1230 650,1230 650,1231 649,1231 649,1232 648,1232 648,1233 646,1233 646,1234 645,1234 645,1235 644,1235 644,1236 642,1236 642,1237 641,1237 641,1238 638,1238 638,1239 635,1239 635,1240 615,1240 615,1239 611,1239 611,1238 610,1238 610,1237 609,1237 609,1236 608,1236 608,1235 607,1235 607,1233 606,1233 606,1224 607,1224 607,1222 608,1222 608,1221 609,1221 609,1219 610,1219 610,1218 611,1218 611,1217 613,1217 613,1216 614,1216 614,1215 616,1215 616,1214 617,1214 617,1213 618,1213 618,1194 619,1194 619,1193 620,1193 620,1192 623,1192 623,1191"/>
	<TextEquiv>
	<Unicode>ἐν</Unicode></TextEquiv></Word>
	<Word id="r153">
	<Coords points="772,1189 772,1190 773,1190 773,1211 812,1211 812,1212 813,1212 813,1213 845,1213 845,1214 846,1214 846,1215 847,1215 847,1216 849,1216 849,1218 850,1218 850,1228 863,1228 863,1229 864,1229 864,1230 865,1230 865,1232 866,1232 866,1234 865,1234 865,1236 863,1236 863,1237 844,1237 844,1240 843,1240 843,1244 842,1244 842,1247 841,1247 841,1249 840,1249 840,1250 839,1250 839,1251 830,1251 830,1253 829,1253 829,1254 828,1254 828,1255 823,1255 823,1254 783,1254 783,1253 782,1253 782,1252 781,1252 781,1239 699,1239 699,1238 698,1238 698,1206 686,1206 686,1205 684,1205 684,1204 682,1204 682,1203 681,1203 681,1202 680,1202 680,1200 679,1200 679,1195 680,1195 680,1193 681,1193 681,1192 682,1192 682,1191 683,1191 683,1190 686,1190 686,1189"/>
	<TextEquiv>
	<Unicode>Ῥώμῃ.</Unicode></TextEquiv></Word>
	<Word id="r154">
	<Coords points="967,1188 967,1189 969,1189 969,1190 970,1190 970,1192 971,1192 971,1194 972,1194 972,1210 1007,1210 1007,1214 1008,1214 1008,1219 1007,1219 1007,1221 1006,1221 1006,1223 1005,1223 1005,1224 1004,1224 1004,1226 1003,1226 1003,1227 1002,1227 1002,1228 1001,1228 1001,1229 1000,1229 1000,1230 999,1230 999,1231 998,1231 998,1232 996,1232 996,1233 994,1233 994,1234 993,1234 993,1235 991,1235 991,1236 988,1236 988,1237 950,1237 950,1236 947,1236 947,1235 946,1235 946,1234 944,1234 944,1233 943,1233 943,1232 942,1232 942,1230 941,1230 941,1222 942,1222 942,1218 943,1218 943,1216 945,1216 945,1215 946,1215 946,1214 947,1214 947,1213 948,1213 948,1212 949,1212 949,1211 951,1211 951,1210 953,1210 953,1194 954,1194 954,1193 955,1193 955,1190 957,1190 957,1189 959,1189 959,1188"/>
	<TextEquiv>
	<Unicode>ὧν</Unicode></TextEquiv></Word>
	<Word id="r155">
	<Coords points="1062,1186 1062,1187 1064,1187 1064,1188 1065,1188 1065,1218 1066,1218 1066,1226 1065,1226 1065,1230 1064,1230 1064,1231 1063,1231 1063,1233 1062,1233 1062,1234 1060,1234 1060,1235 1058,1235 1058,1236 1048,1236 1048,1235 1047,1235 1047,1234 1046,1234 1046,1233 1045,1233 1045,1231 1044,1231 1044,1228 1043,1228 1043,1223 1044,1223 1044,1219 1045,1219 1045,1216 1046,1216 1046,1215 1047,1215 1047,1214 1048,1214 1048,1213 1049,1213 1049,1212 1050,1212 1050,1211 1052,1211 1052,1210 1054,1210 1054,1192 1055,1192 1055,1190 1057,1190 1057,1187 1059,1187 1059,1186"/>
	<TextEquiv>
	<Unicode>ὁ</Unicode></TextEquiv></Word>
	<Word id="r156">
	<Coords points="1139,1189 1139,1190 1141,1190 1141,1208 1275,1208 1275,1196 1276,1196 1276,1194 1277,1194 1277,1192 1279,1192 1279,1191 1280,1191 1280,1190 1286,1190 1286,1191 1288,1191 1288,1192 1290,1192 1290,1193 1291,1193 1291,1194 1292,1194 1292,1195 1293,1195 1293,1207 1364,1207 1364,1208 1368,1208 1368,1209 1370,1209 1370,1210 1373,1210 1373,1211 1374,1211 1374,1213 1375,1213 1375,1216 1374,1216 1374,1217 1372,1217 1372,1218 1370,1218 1370,1234 1369,1234 1369,1236 1368,1236 1368,1237 1367,1237 1367,1238 1366,1238 1366,1239 1359,1239 1359,1235 1184,1235 1184,1240 1183,1240 1183,1246 1182,1246 1182,1251 1181,1251 1181,1252 1178,1252 1178,1251 1176,1251 1176,1236 1099,1236 1099,1235 1097,1235 1097,1191 1096,1191 1097,1191 1097,1190 1126,1190 1126,1189"/>
	<TextEquiv>
	<Unicode>Κορουῖνος</Unicode></TextEquiv></Word>
	<Word id="r157">
	<Coords points="1442,1186 1448,1186 1448,1187 1449,1187 1449,1188 1613,1188 1613,1187 1615,1187 1615,1186 1616,1186 1616,1187 1617,1187 1617,1188 1618,1188 1618,1216 1619,1216 1619,1223 1640,1223 1640,1224 1641,1224 1641,1226 1639,1226 1639,1227 1618,1227 1618,1229 1617,1229 1617,1231 1616,1231 1616,1232 1615,1232 1615,1234 1613,1234 1613,1235 1611,1235 1611,1236 1609,1236 1609,1237 1568,1237 1568,1236 1467,1236 1467,1235 1405,1235 1405,1234 1404,1234 1404,1233 1403,1233 1403,1232 1402,1232 1402,1231 1401,1231 1401,1222 1402,1222 1402,1220 1403,1220 1403,1217 1404,1217 1404,1216 1405,1216 1405,1215 1406,1215 1406,1214 1407,1214 1407,1213 1408,1213 1408,1212 1409,1212 1409,1211 1410,1211 1410,1210 1412,1210 1412,1209 1441,1209 1441,1187 1442,1187"/>
	<TextEquiv>
	<Unicode>αἰσθανό-</Unicode></TextEquiv></Word>
	<TextEquiv>
	<Unicode>φερόντων τὰ ἐν Ῥώμῃ. ὧν ὁ Κορουῖνος αἰσθανό-</Unicode></TextEquiv></TextLine>
	<TextLine id="r19">
	<Coords points="1353,1254 1353,1256 1354,1256 1354,1257 1355,1257 1355,1259 1356,1259 1356,1262 1357,1262 1357,1264 1358,1264 1358,1267 1359,1267 1359,1269 1360,1269 1360,1272 1361,1272 1361,1277 1538,1277 1538,1269 1539,1269 1539,1267 1540,1267 1540,1264 1541,1264 1541,1263 1542,1263 1542,1262 1543,1262 1543,1260 1544,1260 1544,1258 1545,1258 1545,1256 1547,1256 1547,1255 1550,1255 1550,1277 1600,1277 1600,1278 1643,1278 1643,1279 1644,1279 1644,1285 1643,1285 1643,1289 1642,1289 1642,1292 1641,1292 1641,1295 1640,1295 1640,1297 1639,1297 1639,1298 1638,1298 1638,1299 1637,1299 1637,1300 1636,1300 1636,1301 1635,1301 1635,1302 1633,1302 1633,1303 1631,1303 1631,1304 1602,1304 1602,1305 1502,1305 1502,1304 1314,1304 1314,1303 1205,1303 1205,1304 1145,1304 1145,1305 997,1305 997,1306 813,1306 813,1307 761,1307 761,1321 760,1321 760,1323 759,1323 759,1324 755,1324 755,1323 754,1323 754,1321 753,1321 753,1308 593,1308 593,1309 414,1309 414,1310 389,1310 389,1313 388,1313 388,1315 387,1315 387,1316 386,1316 386,1317 385,1317 385,1318 383,1318 383,1319 378,1319 378,1315 359,1315 359,1314 358,1314 358,1312 237,1312 237,1313 236,1313 236,1314 235,1314 235,1319 234,1319 234,1324 233,1324 233,1325 232,1325 232,1326 228,1326 228,1321 229,1321 229,1318 230,1318 230,1314 231,1314 231,1310 232,1310 232,1308 233,1308 233,1305 234,1305 234,1303 235,1303 235,1300 236,1300 236,1294 237,1294 237,1291 238,1291 238,1287 239,1287 239,1286 240,1286 240,1285 276,1285 276,1284 279,1284 279,1283 336,1283 336,1282 468,1282 468,1281 482,1281 482,1260 484,1260 484,1259 541,1259 541,1260 543,1260 543,1261 544,1261 544,1262 726,1262 726,1261 727,1261 727,1259 729,1259 729,1258 732,1258 732,1259 733,1259 733,1263 767,1263 767,1264 768,1264 768,1274 870,1274 870,1272 871,1272 871,1270 872,1270 872,1268 873,1268 873,1267 874,1267 874,1266 875,1266 875,1265 876,1265 876,1263 877,1263 877,1262 878,1262 878,1261 879,1261 879,1260 881,1260 881,1259 882,1259 882,1258 884,1258 884,1257 889,1257 889,1258 891,1258 891,1260 892,1260 892,1261 893,1261 893,1268 894,1268 894,1278 1032,1278 1032,1277 1045,1277 1045,1264 1051,1264 1051,1265 1052,1265 1052,1266 1056,1266 1056,1267 1058,1267 1058,1268 1059,1268 1059,1269 1060,1269 1060,1270 1061,1270 1061,1272 1062,1272 1062,1273 1063,1273 1063,1276 1064,1276 1064,1277 1229,1277 1229,1266 1230,1266 1230,1263 1231,1263 1231,1262 1232,1262 1232,1261 1233,1261 1233,1260 1235,1260 1235,1259 1238,1259 1238,1260 1241,1260 1241,1261 1243,1261 1243,1262 1244,1262 1244,1263 1245,1263 1245,1264 1247,1264 1247,1277 1349,1277 1349,1256 1350,1256 1350,1255 1351,1255 1351,1254"/>
	<Word id="r159">
	<Coords points="336,1283 368,1283 368,1284 369,1284 369,1285 371,1285 371,1286 373,1286 373,1288 374,1288 374,1301 387,1301 387,1302 388,1302 388,1304 389,1304 389,1306 390,1306 390,1309 389,1309 389,1313 388,1313 388,1315 387,1315 387,1316 386,1316 386,1317 385,1317 385,1318 383,1318 383,1319 378,1319 378,1315 359,1315 359,1314 358,1314 358,1312 237,1312 237,1313 236,1313 236,1314 235,1314 235,1319 234,1319 234,1324 233,1324 233,1325 232,1325 232,1326 228,1326 228,1321 229,1321 229,1318 230,1318 230,1314 231,1314 231,1310 232,1310 232,1308 233,1308 233,1305 234,1305 234,1303 235,1303 235,1300 236,1300 236,1294 237,1294 237,1291 238,1291 238,1287 239,1287 239,1286 240,1286 240,1285 276,1285 276,1284 279,1284 279,1283 336,1283 336,1282"/>
	<TextEquiv>
	<Unicode>μενος,</Unicode></TextEquiv></Word>
	<Word id="r160">
	<Coords points="484,1260 486,1260 486,1261 487,1261 487,1262 488,1262 488,1264 489,1264 489,1266 490,1266 490,1269 491,1269 491,1271 492,1271 492,1273 493,1273 493,1277 494,1277 494,1297 498,1297 498,1298 497,1298 497,1302 496,1302 496,1303 495,1303 495,1306 493,1306 493,1308 492,1308 492,1309 414,1309 414,1310 411,1310 411,1309 410,1309 410,1305 411,1305 411,1302 412,1302 412,1298 413,1298 413,1295 414,1295 414,1292 415,1292 415,1290 416,1290 416,1285 417,1285 417,1284 418,1284 418,1283 434,1283 434,1282 468,1282 468,1281 482,1281 482,1260 484,1260 484,1259"/>
	<TextEquiv>
	<Unicode>καὶ</Unicode></TextEquiv></Word>
	<Word id="r161">
	<Coords points="541,1259 541,1260 543,1260 543,1261 544,1261 544,1262 642,1262 642,1263 644,1263 644,1264 645,1264 645,1265 646,1265 646,1266 647,1266 647,1269 648,1269 648,1281 685,1281 685,1282 686,1282 686,1285 687,1285 686,1285 686,1288 685,1288 685,1290 684,1290 684,1292 683,1292 683,1295 682,1295 682,1296 681,1296 681,1298 679,1298 679,1299 678,1299 678,1300 677,1300 677,1301 676,1301 676,1302 675,1302 675,1303 673,1303 673,1304 672,1304 672,1305 671,1305 671,1306 669,1306 669,1307 666,1307 666,1308 593,1308 593,1309 534,1309 534,1308 532,1308 532,1307 530,1307 530,1306 529,1306 529,1305 528,1305 528,1304 527,1304 527,1301 526,1301 526,1299 525,1299 525,1296 526,1296 526,1293 527,1293 527,1290 528,1290 528,1289 529,1289 529,1287 530,1287 530,1286 531,1286 531,1285 532,1285 532,1284 533,1284 533,1283 536,1283 536,1261 537,1261 537,1260 538,1260 538,1259"/>
	<TextEquiv>
	<Unicode>ὀκνῶν</Unicode></TextEquiv></Word>
	<Word id="r162">
	<Coords points="889,1257 889,1258 891,1258 891,1260 892,1260 892,1261 893,1261 893,1268 894,1268 894,1279 948,1279 948,1295 951,1295 951,1299 950,1299 950,1301 949,1301 949,1302 948,1302 948,1303 946,1303 946,1304 945,1304 945,1305 942,1305 942,1306 813,1306 813,1307 761,1307 761,1321 760,1321 760,1323 759,1323 759,1324 755,1324 755,1323 754,1323 754,1321 753,1321 753,1307 707,1307 707,1306 706,1306 706,1305 705,1305 705,1303 704,1303 704,1302 703,1302 703,1296 704,1296 704,1293 705,1293 705,1290 706,1290 706,1288 707,1288 707,1287 708,1287 708,1286 709,1286 709,1285 710,1285 710,1284 711,1284 711,1283 712,1283 712,1266 713,1266 713,1264 714,1264 714,1263 715,1263 715,1262 726,1262 726,1261 727,1261 727,1259 729,1259 729,1258 732,1258 732,1259 733,1259 733,1263 767,1263 767,1264 768,1264 768,1274 870,1274 870,1272 871,1272 871,1270 872,1270 872,1268 873,1268 873,1267 874,1267 874,1266 875,1266 875,1265 876,1265 876,1263 877,1263 877,1262 878,1262 878,1261 879,1261 879,1260 881,1260 881,1259 882,1259 882,1258 884,1258 884,1257"/>
	<TextEquiv>
	<Unicode>ἅψασθαι</Unicode></TextEquiv></Word>
	<Word id="r163">
	<Coords points="1238,1259 1238,1260 1241,1260 1241,1261 1243,1261 1243,1262 1244,1262 1244,1263 1245,1263 1245,1264 1247,1264 1247,1278 1248,1278 1248,1279 1249,1279 1249,1282 1250,1282 1250,1285 1249,1285 1249,1288 1248,1288 1248,1290 1247,1290 1247,1293 1246,1293 1246,1295 1245,1295 1245,1297 1243,1297 1243,1298 1242,1298 1242,1300 1241,1300 1241,1301 1239,1301 1239,1302 1237,1302 1237,1303 1205,1303 1205,1304 1145,1304 1145,1305 997,1305 997,1306 981,1306 981,1305 979,1305 979,1304 978,1304 978,1290 973,1290 973,1289 972,1289 972,1285 973,1285 973,1282 974,1282 974,1281 975,1281 975,1280 976,1280 976,1279 992,1279 992,1278 1032,1278 1032,1277 1045,1277 1045,1264 1051,1264 1051,1265 1052,1265 1052,1266 1056,1266 1056,1267 1058,1267 1058,1268 1059,1268 1059,1269 1060,1269 1060,1270 1061,1270 1061,1272 1062,1272 1062,1273 1063,1273 1063,1276 1064,1276 1064,1277 1229,1277 1229,1266 1230,1266 1230,1263 1231,1263 1231,1262 1232,1262 1232,1261 1233,1261 1233,1260 1235,1260 1235,1259"/>
	<TextEquiv>
	<Unicode>πολιτικοῦ</Unicode></TextEquiv></Word>
	<Word id="r164">
	<Coords points="1353,1254 1353,1256 1354,1256 1354,1257 1355,1257 1355,1259 1356,1259 1356,1262 1357,1262 1357,1264 1358,1264 1358,1267 1359,1267 1359,1269 1360,1269 1360,1272 1361,1272 1361,1293 1365,1293 1365,1294 1364,1294 1364,1297 1363,1297 1363,1298 1362,1298 1362,1300 1361,1300 1361,1301 1360,1301 1360,1303 1358,1303 1358,1304 1314,1304 1314,1303 1276,1303 1276,1299 1277,1299 1277,1297 1278,1297 1278,1294 1279,1294 1279,1292 1280,1292 1280,1290 1281,1290 1281,1287 1282,1287 1282,1282 1283,1282 1283,1280 1284,1280 1284,1279 1285,1279 1285,1278 1286,1278 1286,1277 1349,1277 1349,1256 1350,1256 1350,1255 1351,1255 1351,1254"/>
	<TextEquiv>
	<Unicode>καὶ</Unicode></TextEquiv></Word>
	<Word id="r165">
	<Coords points="1550,1255 1550,1277 1600,1277 1600,1278 1643,1278 1643,1279 1644,1279 1644,1285 1643,1285 1643,1289 1642,1289 1642,1292 1641,1292 1641,1295 1640,1295 1640,1297 1639,1297 1639,1298 1638,1298 1638,1299 1637,1299 1637,1300 1636,1300 1636,1301 1635,1301 1635,1302 1633,1302 1633,1303 1631,1303 1631,1304 1602,1304 1602,1305 1502,1305 1502,1304 1402,1304 1402,1303 1401,1303 1401,1301 1400,1301 1400,1288 1392,1288 1392,1281 1393,1281 1393,1279 1394,1279 1394,1278 1435,1278 1435,1277 1538,1277 1538,1269 1539,1269 1539,1267 1540,1267 1540,1264 1541,1264 1541,1263 1542,1263 1542,1262 1543,1262 1543,1260 1544,1260 1544,1258 1545,1258 1545,1256 1547,1256 1547,1255"/>
	<TextEquiv>
	<Unicode>τοσούτου</Unicode></TextEquiv></Word>
	<TextEquiv>
	<Unicode>μενος, καὶ ὀκνῶν ἅψασθαι πολιτικοῦ καὶ τοσούτου</Unicode></TextEquiv></TextLine>
	<TextLine id="r20">
	<Coords points="1295,1323 1295,1325 1296,1325 1296,1326 1297,1326 1297,1330 1298,1330 1298,1332 1299,1332 1299,1334 1300,1334 1300,1336 1301,1336 1301,1344 1446,1344 1446,1338 1447,1338 1447,1335 1448,1335 1448,1333 1449,1333 1449,1331 1450,1331 1450,1327 1451,1327 1451,1326 1452,1326 1452,1325 1453,1325 1453,1324 1455,1324 1455,1323 1455,1324 1456,1324 1456,1325 1457,1325 1457,1345 1485,1345 1485,1346 1587,1346 1587,1345 1604,1345 1604,1336 1605,1336 1605,1333 1606,1333 1606,1332 1607,1332 1607,1331 1608,1331 1608,1330 1610,1330 1610,1329 1618,1329 1618,1330 1619,1330 1619,1331 1620,1331 1620,1332 1621,1332 1621,1333 1622,1333 1622,1335 1623,1335 1623,1346 1637,1346 1637,1347 1640,1347 1640,1348 1642,1348 1642,1349 1643,1349 1643,1351 1644,1351 1644,1355 1642,1355 1642,1356 1640,1356 1640,1372 1639,1372 1639,1374 1638,1374 1638,1375 1637,1375 1637,1376 1636,1376 1636,1377 1633,1377 1633,1378 1631,1378 1631,1377 1630,1377 1630,1375 1552,1375 1552,1374 1551,1374 1551,1373 1407,1373 1407,1377 1406,1377 1406,1381 1405,1381 1405,1386 1404,1386 1404,1388 1390,1388 1390,1389 1389,1389 1389,1390 1361,1390 1361,1389 1360,1389 1360,1373 1258,1373 1258,1374 1191,1374 1191,1378 1190,1378 1190,1381 1189,1381 1189,1383 1188,1383 1188,1384 1187,1384 1187,1385 1179,1385 1179,1386 1178,1386 1178,1387 1177,1387 1177,1388 1176,1388 1176,1389 1174,1389 1174,1390 1173,1390 1173,1389 1170,1389 1170,1385 1169,1385 1169,1373 1030,1373 1030,1375 1029,1375 1029,1379 1028,1379 1028,1383 1027,1383 1027,1384 1026,1384 1026,1385 945,1385 945,1388 944,1388 944,1389 942,1389 942,1390 938,1390 938,1389 937,1389 937,1388 936,1388 936,1375 736,1375 736,1376 665,1376 665,1377 585,1377 585,1380 584,1380 584,1383 583,1383 583,1387 582,1387 582,1388 580,1388 580,1389 580,1388 579,1388 579,1378 401,1378 401,1380 400,1380 400,1382 399,1382 399,1383 398,1383 398,1384 397,1384 397,1385 393,1385 393,1386 392,1386 392,1385 390,1385 390,1380 252,1380 252,1381 248,1381 248,1383 247,1383 247,1389 246,1389 246,1394 245,1394 245,1396 243,1396 243,1397 242,1397 242,1396 241,1396 241,1379 238,1379 238,1378 237,1378 237,1377 234,1377 234,1376 233,1376 233,1374 232,1374 232,1372 231,1372 231,1370 230,1370 230,1364 231,1364 231,1361 232,1361 232,1360 233,1360 233,1357 234,1357 234,1356 236,1356 236,1355 237,1355 237,1354 239,1354 239,1353 243,1353 243,1352 249,1352 249,1350 250,1350 250,1338 251,1338 251,1337 253,1337 253,1336 254,1336 254,1335 286,1335 286,1333 287,1333 287,1331 288,1331 288,1330 289,1330 289,1329 293,1329 293,1351 484,1351 484,1350 568,1350 568,1349 589,1349 589,1347 590,1347 590,1344 591,1344 591,1341 592,1341 592,1339 593,1339 593,1337 594,1337 594,1336 595,1336 595,1335 596,1335 596,1334 597,1334 597,1333 598,1333 598,1332 599,1332 599,1331 602,1331 602,1330 672,1330 672,1329 674,1329 674,1328 676,1328 676,1327 676,1328 678,1328 678,1334 685,1334 685,1335 690,1335 690,1336 692,1336 692,1337 694,1337 694,1338 695,1338 695,1340 697,1340 697,1341 698,1341 698,1342 699,1342 699,1344 700,1344 700,1346 701,1346 701,1348 943,1348 943,1336 944,1336 944,1333 946,1333 946,1332 947,1332 947,1331 950,1331 950,1330 1043,1330 1043,1329 1044,1329 1044,1328 1045,1328 1045,1327 1048,1327 1048,1326 1051,1326 1051,1325 1052,1325 1052,1326 1056,1326 1056,1327 1058,1327 1058,1328 1060,1328 1060,1329 1061,1329 1061,1330 1062,1330 1062,1331 1180,1331 1180,1330 1181,1330 1181,1329 1291,1329 1291,1324 1292,1324 1292,1323"/>
	<Word id="r166">
	<Coords points="293,1329 293,1351 387,1351 387,1355 388,1355 388,1369 399,1369 399,1370 400,1370 400,1371 401,1371 401,1372 402,1372 402,1378 401,1378 401,1380 400,1380 400,1382 399,1382 399,1383 398,1383 398,1384 397,1384 397,1385 393,1385 393,1386 392,1386 392,1385 390,1385 390,1380 252,1380 252,1381 248,1381 248,1383 247,1383 247,1389 246,1389 246,1394 245,1394 245,1396 243,1396 243,1397 242,1397 242,1396 241,1396 241,1379 238,1379 238,1378 237,1378 237,1377 234,1377 234,1376 233,1376 233,1374 232,1374 232,1372 231,1372 231,1370 230,1370 230,1364 231,1364 231,1361 232,1361 232,1360 233,1360 233,1357 234,1357 234,1356 236,1356 236,1355 237,1355 237,1354 239,1354 239,1353 243,1353 243,1352 249,1352 249,1350 250,1350 250,1338 251,1338 251,1337 253,1337 253,1336 254,1336 254,1335 286,1335 286,1333 287,1333 287,1331 288,1331 288,1330 289,1330 289,1329"/>
	<TextEquiv>
	<Unicode>φόνου,</Unicode></TextEquiv></Word>
	<Word id="r167">
	<Coords points="676,1328 678,1328 678,1334 685,1334 685,1335 690,1335 690,1336 692,1336 692,1337 694,1337 694,1338 695,1338 695,1340 697,1340 697,1341 698,1341 698,1342 699,1342 699,1344 700,1344 700,1346 701,1346 701,1348 839,1348 839,1349 840,1349 840,1350 841,1350 841,1353 840,1353 840,1354 838,1354 838,1373 837,1373 837,1374 836,1374 836,1375 736,1375 736,1376 665,1376 665,1377 585,1377 585,1380 584,1380 584,1383 583,1383 583,1387 582,1387 582,1388 580,1388 580,1389 580,1388 579,1388 579,1378 462,1378 462,1377 460,1377 460,1376 458,1376 458,1375 457,1375 457,1374 456,1374 456,1373 455,1373 455,1371 454,1371 454,1366 455,1366 455,1360 457,1360 457,1358 458,1358 458,1357 459,1357 459,1356 460,1356 460,1355 462,1355 462,1354 464,1354 464,1353 467,1353 467,1352 470,1352 470,1351 484,1351 484,1350 568,1350 568,1349 589,1349 589,1347 590,1347 590,1344 591,1344 591,1341 592,1341 592,1339 593,1339 593,1337 594,1337 594,1336 595,1336 595,1335 596,1335 596,1334 597,1334 597,1333 598,1333 598,1332 599,1332 599,1331 602,1331 602,1330 672,1330 672,1329 674,1329 674,1328 676,1328 676,1327"/>
	<TextEquiv>
	<Unicode>συνεβούλευσε</Unicode></TextEquiv></Word>
	<Word id="r168">
	<Coords points="957,1330 957,1332 958,1332 958,1333 959,1333 959,1335 960,1335 960,1336 961,1336 961,1350 962,1350 962,1351 963,1351 963,1356 964,1356 963,1356 963,1361 962,1361 962,1363 961,1363 961,1365 960,1365 960,1370 959,1370 959,1372 958,1372 958,1376 957,1376 957,1380 956,1380 956,1382 955,1382 955,1384 954,1384 954,1385 945,1385 945,1388 944,1388 944,1389 942,1389 942,1390 938,1390 938,1389 937,1389 937,1388 936,1388 936,1375 911,1375 911,1373 910,1373 910,1359 902,1359 902,1358 901,1358 901,1353 902,1353 902,1350 904,1350 904,1349 906,1349 906,1348 943,1348 943,1336 944,1336 944,1333 946,1333 946,1332 947,1332 947,1331 950,1331 950,1330"/>
	<TextEquiv>
	<Unicode>τῇ</Unicode></TextEquiv></Word>
	<Word id="r169">
	<Coords points="1052,1325 1052,1326 1056,1326 1056,1327 1058,1327 1058,1328 1060,1328 1060,1329 1061,1329 1061,1330 1062,1330 1062,1331 1180,1331 1180,1330 1181,1330 1181,1329 1191,1329 1191,1330 1192,1330 1192,1331 1193,1331 1193,1333 1194,1333 1194,1337 1195,1337 1195,1350 1196,1350 1196,1352 1197,1352 1197,1359 1196,1359 1196,1362 1195,1362 1195,1364 1194,1364 1194,1367 1193,1367 1193,1370 1192,1370 1192,1374 1191,1374 1191,1378 1190,1378 1190,1381 1189,1381 1189,1383 1188,1383 1188,1384 1187,1384 1187,1385 1179,1385 1179,1386 1178,1386 1178,1387 1177,1387 1177,1388 1176,1388 1176,1389 1174,1389 1174,1390 1173,1390 1173,1389 1170,1389 1170,1385 1169,1385 1169,1373 1030,1373 1030,1375 1029,1375 1029,1379 1028,1379 1028,1383 1027,1383 1027,1384 1026,1384 1026,1385 1025,1385 1025,1384 1024,1384 1024,1383 1023,1383 1023,1381 1024,1381 1024,1378 1025,1378 1025,1374 1026,1374 1026,1372 1027,1372 1027,1369 1028,1369 1028,1362 1029,1362 1029,1358 1030,1358 1030,1355 1031,1355 1031,1352 1032,1352 1032,1350 1033,1350 1033,1347 1034,1347 1034,1343 1035,1343 1035,1341 1036,1341 1036,1338 1037,1338 1037,1336 1038,1336 1038,1334 1039,1334 1039,1333 1040,1333 1040,1331 1041,1331 1041,1330 1043,1330 1043,1329 1044,1329 1044,1328 1045,1328 1045,1327 1048,1327 1048,1326 1051,1326 1051,1325"/>
	<TextEquiv>
	<Unicode>βουλῇ</Unicode></TextEquiv></Word>
	<Word id="r170">
	<Coords points="1295,1323 1295,1325 1296,1325 1296,1326 1297,1326 1297,1330 1298,1330 1298,1332 1299,1332 1299,1334 1300,1334 1300,1336 1301,1336 1301,1346 1307,1346 1307,1362 1311,1362 1311,1365 1310,1365 1310,1367 1309,1367 1309,1369 1308,1369 1308,1370 1306,1370 1306,1371 1303,1371 1303,1372 1261,1372 1261,1373 1258,1373 1258,1374 1258,1373 1257,1373 1257,1372 1256,1372 1256,1368 1255,1368 1255,1357 1248,1357 1248,1355 1247,1355 1247,1349 1248,1349 1248,1348 1249,1348 1249,1347 1254,1347 1254,1346 1291,1346 1291,1324 1292,1324 1292,1323"/>
	<TextEquiv>
	<Unicode>τὰ</Unicode></TextEquiv></Word>
	<Word id="r171">
	<Coords points="1455,1324 1456,1324 1456,1325 1457,1325 1457,1345 1485,1345 1485,1346 1487,1346 1487,1362 1490,1362 1490,1364 1491,1364 1490,1364 1490,1367 1489,1367 1489,1369 1488,1369 1488,1370 1487,1370 1487,1371 1485,1371 1485,1372 1482,1372 1482,1373 1407,1373 1407,1377 1406,1377 1406,1381 1405,1381 1405,1386 1404,1386 1404,1388 1390,1388 1390,1389 1389,1389 1389,1390 1361,1390 1361,1389 1360,1389 1360,1354 1361,1354 1361,1352 1362,1352 1362,1349 1363,1349 1363,1348 1364,1348 1364,1347 1365,1347 1365,1346 1394,1346 1394,1345 1395,1345 1395,1344 1446,1344 1446,1338 1447,1338 1447,1335 1448,1335 1448,1333 1449,1333 1449,1331 1450,1331 1450,1327 1451,1327 1451,1326 1452,1326 1452,1325 1453,1325 1453,1324 1455,1324 1455,1323"/>
	<TextEquiv>
	<Unicode>χρέα</Unicode></TextEquiv></Word>
	<Word id="r172">
	<Coords points="1618,1329 1618,1330 1619,1330 1619,1331 1620,1331 1620,1332 1621,1332 1621,1333 1622,1333 1622,1335 1623,1335 1623,1346 1637,1346 1637,1347 1640,1347 1640,1348 1642,1348 1642,1349 1643,1349 1643,1351 1644,1351 1644,1355 1642,1355 1642,1356 1640,1356 1640,1372 1639,1372 1639,1374 1638,1374 1638,1375 1637,1375 1637,1376 1636,1376 1636,1377 1633,1377 1633,1378 1631,1378 1631,1377 1630,1377 1630,1375 1552,1375 1552,1374 1551,1374 1551,1373 1550,1373 1550,1372 1549,1372 1549,1358 1541,1358 1541,1356 1540,1356 1540,1351 1541,1351 1541,1350 1542,1350 1542,1348 1544,1348 1544,1347 1546,1347 1546,1346 1587,1346 1587,1345 1604,1345 1604,1336 1605,1336 1605,1333 1606,1333 1606,1332 1607,1332 1607,1331 1608,1331 1608,1330 1610,1330 1610,1329"/>
	<TextEquiv>
	<Unicode>τοῖς</Unicode></TextEquiv></Word>
	<TextEquiv>
	<Unicode>φόνου, συνεβούλευσε τῇ βουλῇ τὰ χρέα τοῖς</Unicode></TextEquiv></TextLine>
	<TextLine id="r21">
	<Coords points="1403,1391 1405,1391 1405,1392 1406,1392 1406,1414 1573,1414 1573,1395 1574,1395 1574,1394 1575,1394 1575,1393 1632,1393 1632,1394 1634,1394 1634,1396 1635,1396 1635,1398 1636,1398 1636,1400 1637,1400 1637,1402 1638,1402 1638,1404 1639,1404 1639,1406 1640,1406 1640,1408 1641,1408 1641,1431 1645,1431 1645,1432 1644,1432 1644,1434 1643,1434 1643,1436 1642,1436 1642,1437 1641,1437 1641,1439 1640,1439 1640,1441 1638,1441 1638,1442 1593,1442 1593,1441 1489,1441 1489,1442 1414,1442 1414,1444 1413,1444 1413,1447 1412,1447 1412,1453 1411,1453 1411,1456 1410,1456 1410,1457 1409,1457 1409,1458 1409,1457 1329,1457 1329,1456 1326,1456 1326,1455 1325,1455 1325,1454 1324,1454 1324,1443 1322,1443 1322,1442 1156,1442 1156,1447 1155,1447 1155,1451 1154,1451 1154,1454 1153,1454 1153,1456 1149,1456 1149,1455 1148,1455 1148,1442 1025,1442 1025,1443 923,1443 923,1444 739,1444 739,1447 738,1447 738,1448 737,1448 737,1450 735,1450 735,1451 734,1451 734,1452 733,1452 733,1453 729,1453 729,1452 728,1452 728,1445 551,1445 551,1446 506,1446 506,1447 505,1447 505,1450 504,1450 504,1454 503,1454 503,1459 502,1459 502,1460 501,1460 501,1461 500,1461 500,1462 498,1462 498,1461 497,1461 497,1460 496,1460 496,1447 331,1447 331,1451 330,1451 330,1455 329,1455 329,1460 328,1460 328,1462 327,1462 327,1464 324,1464 324,1463 323,1463 323,1449 267,1449 267,1448 235,1448 235,1447 232,1447 232,1446 231,1446 231,1445 230,1445 230,1443 229,1443 229,1436 230,1436 230,1432 231,1432 231,1430 233,1430 233,1429 234,1429 234,1428 235,1428 235,1427 236,1427 236,1426 237,1426 237,1425 238,1425 238,1424 240,1424 240,1423 242,1423 242,1422 245,1422 245,1402 246,1402 246,1401 247,1401 247,1400 303,1400 303,1399 386,1399 386,1398 387,1398 387,1399 388,1399 388,1419 552,1419 552,1418 567,1418 567,1414 568,1414 568,1413 569,1413 569,1411 570,1411 570,1409 571,1409 571,1407 572,1407 572,1406 573,1406 573,1405 574,1405 574,1403 575,1403 575,1402 576,1402 576,1401 577,1401 577,1400 579,1400 579,1399 580,1399 580,1398 582,1398 582,1397 587,1397 587,1398 588,1398 588,1399 589,1399 589,1400 633,1400 633,1401 636,1401 636,1402 638,1402 638,1403 639,1403 639,1405 640,1405 640,1406 641,1406 641,1417 827,1417 827,1410 828,1410 828,1406 829,1406 829,1404 830,1404 830,1400 831,1400 831,1398 832,1398 832,1396 833,1396 833,1395 834,1395 834,1394 835,1394 835,1393 837,1393 837,1394 838,1394 838,1395 839,1395 839,1416 958,1416 958,1415 1071,1415 1071,1404 1072,1404 1072,1400 1073,1400 1073,1397 1074,1397 1074,1395 1075,1395 1075,1394 1076,1394 1076,1393 1077,1393 1077,1392 1079,1392 1079,1393 1080,1393 1080,1394 1081,1394 1081,1400 1093,1400 1093,1401 1095,1401 1095,1402 1098,1402 1098,1404 1099,1404 1099,1405 1101,1405 1101,1406 1102,1406 1102,1407 1103,1407 1103,1409 1104,1409 1104,1411 1105,1411 1105,1414 1306,1414 1306,1393 1402,1393 1402,1392 1403,1392"/>
	<Word id="r173">
	<Coords points="387,1398 387,1399 388,1399 388,1419 445,1419 445,1420 446,1420 446,1435 448,1435 448,1436 449,1436 449,1439 448,1439 448,1441 447,1441 447,1442 446,1442 446,1443 445,1443 445,1444 444,1444 444,1445 441,1445 441,1446 440,1446 440,1447 331,1447 331,1451 330,1451 330,1455 329,1455 329,1460 328,1460 328,1462 327,1462 327,1464 324,1464 324,1463 323,1463 323,1449 267,1449 267,1448 235,1448 235,1447 232,1447 232,1446 231,1446 231,1445 230,1445 230,1443 229,1443 229,1436 230,1436 230,1432 231,1432 231,1430 233,1430 233,1429 234,1429 234,1428 235,1428 235,1427 236,1427 236,1426 237,1426 237,1425 238,1425 238,1424 240,1424 240,1423 242,1423 242,1422 245,1422 245,1402 246,1402 246,1401 247,1401 247,1400 303,1400 303,1399 386,1399 386,1398"/>
	<TextEquiv>
	<Unicode>ἀνδράσι</Unicode></TextEquiv></Word>
	<Word id="r174">
	<Coords points="587,1397 587,1398 588,1398 588,1399 589,1399 589,1400 633,1400 633,1401 636,1401 636,1402 638,1402 638,1403 639,1403 639,1405 640,1405 640,1406 641,1406 641,1417 721,1417 721,1434 724,1434 724,1436 736,1436 736,1437 738,1437 738,1438 739,1438 739,1440 740,1440 740,1444 739,1444 739,1447 738,1447 738,1448 737,1448 737,1450 735,1450 735,1451 734,1451 734,1452 733,1452 733,1453 729,1453 729,1452 728,1452 728,1445 551,1445 551,1446 506,1446 506,1447 505,1447 505,1450 504,1450 504,1454 503,1454 503,1459 502,1459 502,1460 501,1460 501,1461 500,1461 500,1462 498,1462 498,1461 497,1461 497,1460 496,1460 496,1457 497,1457 497,1455 498,1455 498,1453 499,1453 499,1449 500,1449 500,1446 501,1446 501,1444 502,1444 502,1440 503,1440 503,1435 504,1435 504,1432 505,1432 505,1429 506,1429 506,1425 507,1425 507,1422 509,1422 509,1421 510,1421 510,1420 525,1420 525,1419 552,1419 552,1418 567,1418 567,1414 568,1414 568,1413 569,1413 569,1411 570,1411 570,1409 571,1409 571,1407 572,1407 572,1406 573,1406 573,1405 574,1405 574,1403 575,1403 575,1402 576,1402 576,1401 577,1401 577,1400 579,1400 579,1399 580,1399 580,1398 582,1398 582,1397"/>
	<TextEquiv>
	<Unicode>μεθεῖναι,</Unicode></TextEquiv></Word>
	<Word id="r175">
	<Coords points="837,1393 837,1394 838,1394 838,1395 839,1395 839,1416 869,1416 869,1417 870,1417 870,1423 871,1423 870,1423 870,1425 869,1425 869,1427 868,1427 868,1429 867,1429 867,1430 866,1430 866,1432 865,1432 865,1433 864,1433 864,1434 863,1434 863,1435 862,1435 862,1436 861,1436 861,1437 860,1437 860,1438 859,1438 859,1439 857,1439 857,1440 855,1440 855,1441 853,1441 853,1442 850,1442 850,1443 848,1443 848,1444 793,1444 793,1443 792,1443 792,1428 784,1428 784,1427 783,1427 783,1421 784,1421 784,1420 785,1420 785,1419 786,1419 786,1418 796,1418 796,1417 827,1417 827,1410 828,1410 828,1406 829,1406 829,1404 830,1404 830,1400 831,1400 831,1398 832,1398 832,1396 833,1396 833,1395 834,1395 834,1394 835,1394 835,1393"/>
	<TextEquiv>
	<Unicode>τόν</Unicode></TextEquiv></Word>
	<Word id="r176">
	<Coords points="961,1415 961,1416 964,1416 964,1417 966,1417 966,1419 967,1419 967,1420 966,1420 966,1421 963,1421 963,1440 962,1440 962,1441 961,1441 961,1442 956,1442 956,1443 923,1443 923,1444 922,1444 922,1443 920,1443 920,1428 912,1428 912,1427 911,1427 911,1425 910,1425 910,1424 911,1424 911,1421 912,1421 912,1419 913,1419 913,1418 914,1418 914,1417 956,1417 956,1416 958,1416 958,1415"/>
	<TextEquiv>
	<Unicode>τε</Unicode></TextEquiv></Word>
	<Word id="r177">
	<Coords points="1079,1392 1079,1393 1080,1393 1080,1394 1081,1394 1081,1400 1093,1400 1093,1401 1095,1401 1095,1402 1098,1402 1098,1404 1099,1404 1099,1405 1101,1405 1101,1406 1102,1406 1102,1407 1103,1407 1103,1409 1104,1409 1104,1411 1105,1411 1105,1414 1242,1414 1242,1415 1243,1415 1243,1419 1244,1419 1244,1423 1243,1423 1243,1426 1242,1426 1242,1427 1241,1427 1241,1429 1240,1429 1240,1430 1239,1430 1239,1431 1238,1431 1238,1432 1237,1432 1237,1433 1236,1433 1236,1434 1235,1434 1235,1435 1233,1435 1233,1436 1232,1436 1232,1437 1231,1437 1231,1438 1229,1438 1229,1439 1227,1439 1227,1440 1225,1440 1225,1441 1222,1441 1222,1442 1156,1442 1156,1447 1155,1447 1155,1451 1154,1451 1154,1454 1153,1454 1153,1456 1149,1456 1149,1455 1148,1455 1148,1442 1025,1442 1025,1443 1021,1443 1021,1442 1020,1442 1020,1428 1016,1428 1016,1427 1014,1427 1014,1419 1015,1419 1015,1418 1019,1418 1019,1417 1023,1417 1023,1416 1041,1416 1041,1415 1071,1415 1071,1404 1072,1404 1072,1400 1073,1400 1073,1397 1074,1397 1074,1395 1075,1395 1075,1394 1076,1394 1076,1393 1077,1393 1077,1392"/>
	<TextEquiv>
	<Unicode>πόλεμον</Unicode></TextEquiv></Word>
	<Word id="r178">
	<Coords points="1405,1391 1405,1392 1406,1392 1406,1414 1507,1414 1507,1415 1508,1415 1508,1426 1507,1426 1507,1427 1506,1427 1506,1428 1505,1428 1505,1430 1504,1430 1504,1431 1503,1431 1503,1432 1502,1432 1502,1433 1501,1433 1501,1434 1500,1434 1500,1435 1498,1435 1498,1437 1497,1437 1497,1438 1495,1438 1495,1439 1494,1439 1494,1440 1491,1440 1491,1441 1489,1441 1489,1442 1414,1442 1414,1444 1413,1444 1413,1447 1412,1447 1412,1453 1411,1453 1411,1456 1410,1456 1410,1457 1409,1457 1409,1458 1409,1457 1329,1457 1329,1456 1326,1456 1326,1455 1325,1455 1325,1454 1324,1454 1324,1443 1322,1443 1322,1442 1321,1442 1321,1440 1304,1440 1304,1439 1300,1439 1300,1438 1298,1438 1298,1437 1296,1437 1296,1436 1295,1436 1295,1435 1294,1435 1294,1431 1293,1431 1293,1424 1294,1424 1294,1422 1295,1422 1295,1421 1296,1421 1296,1419 1298,1419 1298,1418 1299,1418 1299,1417 1300,1417 1300,1416 1303,1416 1303,1415 1304,1415 1304,1414 1306,1414 1306,1393 1402,1393 1402,1392 1403,1392 1403,1391"/>
	<TextEquiv>
	<Unicode>ἐξαίρων</Unicode></TextEquiv></Word>
	<Word id="r179">
	<Coords points="1632,1393 1632,1394 1634,1394 1634,1396 1635,1396 1635,1398 1636,1398 1636,1400 1637,1400 1637,1402 1638,1402 1638,1404 1639,1404 1639,1406 1640,1406 1640,1408 1641,1408 1641,1431 1645,1431 1645,1432 1644,1432 1644,1434 1643,1434 1643,1436 1642,1436 1642,1437 1641,1437 1641,1439 1640,1439 1640,1441 1638,1441 1638,1442 1593,1442 1593,1441 1573,1441 1573,1440 1568,1440 1568,1439 1566,1439 1566,1438 1565,1438 1565,1437 1563,1437 1563,1435 1562,1435 1562,1434 1561,1434 1561,1431 1560,1431 1560,1429 1561,1429 1561,1424 1562,1424 1562,1422 1563,1422 1563,1421 1564,1421 1564,1419 1565,1419 1565,1418 1567,1418 1567,1417 1569,1417 1569,1416 1570,1416 1570,1415 1572,1415 1572,1414 1573,1414 1573,1395 1574,1395 1574,1394 1575,1394 1575,1393"/>
	<TextEquiv>
	<Unicode>ἐπὶ</Unicode></TextEquiv></Word>
	<TextEquiv>
	<Unicode>ἀνδράσι μεθεῖναι, τόν τε πόλεμον ἐξαίρων ἐπὶ</Unicode></TextEquiv></TextLine>
	<TextLine id="r62">
	<Coords points="1012,1462 1012,1463 1013,1463 1013,1483 1241,1483 1241,1482 1337,1482 1337,1472 1338,1472 1338,1469 1340,1469 1340,1468 1341,1468 1341,1467 1344,1467 1344,1466 1348,1466 1348,1467 1350,1467 1350,1468 1352,1468 1352,1469 1353,1469 1353,1470 1354,1470 1354,1474 1355,1474 1355,1483 1588,1483 1588,1482 1590,1482 1590,1483 1613,1483 1613,1484 1615,1484 1615,1486 1616,1486 1616,1487 1617,1487 1617,1488 1618,1488 1618,1490 1619,1490 1619,1496 1635,1496 1635,1497 1641,1497 1641,1498 1642,1498 1642,1499 1641,1499 1641,1500 1640,1500 1640,1501 1617,1501 1617,1503 1616,1503 1616,1505 1615,1505 1615,1506 1614,1506 1614,1507 1613,1507 1613,1508 1612,1508 1612,1509 1609,1509 1609,1510 1591,1510 1591,1519 1590,1519 1590,1521 1589,1521 1589,1523 1588,1523 1588,1524 1587,1524 1587,1525 1586,1525 1586,1526 1585,1526 1585,1527 1583,1527 1583,1528 1582,1528 1582,1527 1553,1527 1553,1523 1479,1523 1479,1522 1478,1522 1478,1509 1353,1509 1353,1510 1352,1510 1352,1514 1351,1514 1351,1520 1350,1520 1350,1521 1349,1521 1349,1522 1348,1522 1348,1523 1346,1523 1346,1522 1345,1522 1345,1510 1232,1510 1232,1511 1231,1511 1231,1520 1230,1520 1230,1524 1229,1524 1229,1525 1228,1525 1228,1526 1226,1526 1226,1525 1225,1525 1225,1510 1113,1510 1113,1511 873,1511 873,1512 823,1512 823,1513 822,1513 822,1515 821,1515 821,1522 820,1522 820,1527 819,1527 819,1528 816,1528 816,1527 815,1527 815,1514 760,1514 760,1513 620,1513 620,1514 519,1514 519,1515 439,1515 439,1516 375,1516 375,1517 374,1517 374,1519 373,1519 373,1520 372,1520 372,1521 370,1521 370,1522 369,1522 369,1523 313,1523 313,1525 312,1525 312,1527 311,1527 311,1530 309,1530 309,1531 306,1531 306,1530 229,1530 229,1529 228,1529 228,1525 229,1525 229,1520 230,1520 230,1517 231,1517 231,1513 232,1513 232,1509 233,1509 233,1505 234,1505 234,1501 235,1501 235,1497 236,1497 236,1496 237,1496 237,1493 238,1493 238,1491 239,1491 239,1490 240,1490 240,1489 280,1489 280,1482 281,1482 281,1478 282,1478 282,1475 283,1475 283,1473 284,1473 284,1471 285,1471 285,1469 286,1469 286,1468 288,1468 288,1467 289,1467 289,1468 291,1468 291,1488 437,1488 437,1468 438,1468 438,1467 439,1467 439,1466 442,1466 442,1467 445,1467 445,1468 447,1468 447,1471 448,1471 448,1487 585,1487 585,1476 586,1476 586,1473 587,1473 587,1471 589,1471 589,1470 590,1470 590,1469 593,1469 593,1468 650,1468 650,1467 651,1467 651,1466 652,1466 652,1465 795,1465 795,1464 798,1464 798,1463 799,1463 799,1464 802,1464 802,1465 803,1465 803,1466 959,1466 959,1464 961,1464 961,1463 962,1463 962,1462"/>
	<Word id="r279">
	<Coords points="289,1467 289,1468 291,1468 291,1488 354,1488 354,1489 355,1489 355,1490 356,1490 356,1506 359,1506 359,1507 373,1507 373,1508 374,1508 374,1509 375,1509 375,1517 374,1517 374,1519 373,1519 373,1520 372,1520 372,1521 370,1521 370,1522 369,1522 369,1523 313,1523 313,1525 312,1525 312,1527 311,1527 311,1530 309,1530 309,1531 306,1531 306,1530 229,1530 229,1529 228,1529 228,1525 229,1525 229,1520 230,1520 230,1517 231,1517 231,1513 232,1513 232,1509 233,1509 233,1505 234,1505 234,1501 235,1501 235,1497 236,1497 236,1496 237,1496 237,1493 238,1493 238,1491 239,1491 239,1490 240,1490 240,1489 280,1489 280,1482 281,1482 281,1478 282,1478 282,1475 283,1475 283,1473 284,1473 284,1471 285,1471 285,1469 286,1469 286,1468 288,1468 288,1467"/>
	<TextEquiv>
	<Unicode>μέγα,</Unicode></TextEquiv></Word>
	<Word id="r280">
	<Coords points="442,1466 442,1467 445,1467 445,1468 447,1468 447,1471 448,1471 448,1475 447,1475 447,1508 445,1508 445,1510 444,1510 444,1512 443,1512 443,1513 442,1513 442,1514 441,1514 441,1515 439,1515 439,1516 416,1516 416,1515 412,1515 412,1514 410,1514 410,1513 409,1513 409,1512 408,1512 408,1511 407,1511 407,1509 406,1509 406,1499 407,1499 407,1496 408,1496 408,1495 409,1495 409,1494 410,1494 410,1493 411,1493 411,1492 412,1492 412,1491 413,1491 413,1490 415,1490 415,1489 417,1489 417,1488 437,1488 437,1468 438,1468 438,1467 439,1467 439,1466"/>
	<TextEquiv>
	<Unicode>εἰ</Unicode></TextEquiv></Word>
	<Word id="r281">
	<Coords points="658,1465 658,1466 660,1466 660,1467 662,1467 662,1468 663,1468 663,1469 665,1469 665,1470 666,1470 666,1472 668,1472 668,1474 669,1474 669,1475 670,1475 670,1485 692,1485 692,1486 694,1486 694,1487 695,1487 695,1488 696,1488 696,1490 697,1490 696,1490 696,1492 694,1492 694,1511 692,1511 692,1512 691,1512 691,1513 620,1513 620,1514 519,1514 519,1515 483,1515 483,1514 482,1514 482,1499 474,1499 474,1498 473,1498 473,1493 474,1493 474,1491 475,1491 475,1489 478,1489 478,1488 517,1488 517,1487 585,1487 585,1476 586,1476 586,1473 587,1473 587,1471 589,1471 589,1470 590,1470 590,1469 593,1469 593,1468 650,1468 650,1467 651,1467 651,1466 652,1466 652,1465"/>
	<TextEquiv>
	<Unicode>τοσῶνδε</Unicode></TextEquiv></Word>
	<Word id="r282">
	<Coords points="799,1463 799,1464 802,1464 802,1465 803,1465 803,1466 870,1466 870,1467 874,1467 874,1468 876,1468 876,1469 877,1469 877,1470 878,1470 878,1471 879,1471 879,1484 916,1484 916,1487 917,1487 916,1487 916,1494 915,1494 915,1496 914,1496 914,1498 913,1498 913,1499 912,1499 912,1501 911,1501 911,1502 910,1502 910,1503 908,1503 908,1505 906,1505 906,1506 905,1506 905,1507 904,1507 904,1508 901,1508 901,1509 900,1509 900,1510 899,1510 899,1511 873,1511 873,1512 823,1512 823,1513 822,1513 822,1515 821,1515 821,1522 820,1522 820,1527 819,1527 819,1528 816,1528 816,1527 815,1527 815,1514 760,1514 760,1513 759,1513 759,1512 728,1512 728,1511 725,1511 725,1510 724,1510 724,1509 723,1509 723,1505 722,1505 722,1501 723,1501 723,1499 724,1499 724,1497 725,1497 725,1495 726,1495 726,1493 728,1493 728,1491 729,1491 729,1490 730,1490 730,1489 732,1489 732,1488 733,1488 733,1487 736,1487 736,1486 737,1486 737,1467 738,1467 738,1466 739,1466 739,1465 795,1465 795,1464 798,1464 798,1463"/>
	<TextEquiv>
	<Unicode>ἀνδρῶν</Unicode></TextEquiv></Word>
	<Word id="r283">
	<Coords points="1012,1462 1012,1463 1013,1463 1013,1483 1127,1483 1127,1484 1153,1484 1153,1485 1155,1485 1155,1486 1156,1486 1156,1488 1157,1488 1157,1489 1158,1489 1158,1490 1159,1490 1159,1495 1158,1495 1158,1500 1157,1500 1157,1501 1156,1501 1156,1503 1155,1503 1155,1505 1154,1505 1154,1506 1153,1506 1153,1508 1151,1508 1151,1509 1149,1509 1149,1510 1113,1510 1113,1511 961,1511 961,1510 959,1510 959,1509 958,1509 958,1508 957,1508 957,1507 955,1507 955,1505 954,1505 954,1501 953,1501 953,1497 954,1497 954,1493 955,1493 955,1491 956,1491 956,1490 957,1490 957,1488 958,1488 958,1487 959,1487 959,1464 961,1464 961,1463 962,1463 962,1462"/>
	<TextEquiv>
	<Unicode>δύναιτο</Unicode></TextEquiv></Word>
	<Word id="r284">
	<Coords points="1348,1466 1348,1467 1350,1467 1350,1468 1352,1468 1352,1469 1353,1469 1353,1470 1354,1470 1354,1474 1355,1474 1355,1483 1450,1483 1450,1498 1454,1498 1454,1502 1453,1502 1453,1503 1452,1503 1452,1505 1451,1505 1451,1506 1450,1506 1450,1507 1449,1507 1449,1508 1448,1508 1448,1509 1353,1509 1353,1510 1352,1510 1352,1514 1351,1514 1351,1520 1350,1520 1350,1521 1349,1521 1349,1522 1348,1522 1348,1523 1346,1523 1346,1522 1345,1522 1345,1510 1232,1510 1232,1511 1231,1511 1231,1520 1230,1520 1230,1524 1229,1524 1229,1525 1228,1525 1228,1526 1226,1526 1226,1525 1225,1525 1225,1509 1195,1509 1195,1508 1194,1508 1194,1505 1195,1505 1195,1502 1196,1502 1196,1500 1197,1500 1197,1498 1198,1498 1198,1493 1199,1493 1199,1489 1200,1489 1200,1488 1201,1488 1201,1485 1202,1485 1202,1484 1217,1484 1217,1483 1241,1483 1241,1482 1337,1482 1337,1472 1338,1472 1338,1469 1340,1469 1340,1468 1341,1468 1341,1467 1344,1467 1344,1466"/>
	<TextEquiv>
	<Unicode>κρατῆσαι</Unicode></TextEquiv></Word>
	<Word id="r285">
	<Coords points="1588,1482 1590,1482 1590,1483 1613,1483 1613,1484 1615,1484 1615,1486 1616,1486 1616,1487 1617,1487 1617,1488 1618,1488 1618,1490 1619,1490 1619,1496 1635,1496 1635,1497 1641,1497 1641,1498 1642,1498 1642,1499 1641,1499 1641,1500 1640,1500 1640,1501 1617,1501 1617,1503 1616,1503 1616,1505 1615,1505 1615,1506 1614,1506 1614,1507 1613,1507 1613,1508 1612,1508 1612,1509 1609,1509 1609,1510 1591,1510 1591,1519 1590,1519 1590,1521 1589,1521 1589,1523 1588,1523 1588,1524 1587,1524 1587,1525 1586,1525 1586,1526 1585,1526 1585,1527 1583,1527 1583,1528 1582,1528 1582,1527 1553,1527 1553,1523 1479,1523 1479,1522 1478,1522 1478,1520 1479,1520 1479,1516 1480,1516 1480,1512 1481,1512 1481,1509 1482,1509 1482,1506 1483,1506 1483,1502 1484,1502 1484,1501 1485,1501 1485,1496 1486,1496 1486,1492 1487,1492 1487,1489 1488,1489 1488,1486 1489,1486 1489,1484 1490,1484 1490,1483 1588,1483"/>
	<TextEquiv>
	<Unicode>μαχο-</Unicode></TextEquiv></Word>
	<TextEquiv>
	<Unicode>μέγα, εἰ τοσῶνδε ἀνδρῶν δύναιτο κρατῆσαι μαχο-</Unicode></TextEquiv></TextLine>
	<TextLine id="r24">
	<Coords points="1312,1528 1313,1528 1313,1529 1337,1529 1337,1530 1339,1530 1339,1531 1340,1531 1340,1532 1341,1532 1341,1533 1343,1533 1343,1535 1344,1535 1344,1536 1345,1536 1345,1537 1346,1537 1346,1538 1347,1538 1347,1539 1348,1539 1348,1550 1370,1550 1370,1551 1526,1551 1526,1532 1527,1532 1527,1531 1532,1531 1532,1532 1533,1532 1533,1533 1602,1533 1602,1534 1604,1534 1604,1535 1606,1535 1606,1536 1607,1536 1607,1537 1608,1537 1608,1538 1609,1538 1609,1552 1629,1552 1629,1553 1644,1553 1644,1554 1645,1554 1645,1561 1644,1561 1644,1563 1643,1563 1643,1565 1642,1565 1642,1566 1641,1566 1641,1568 1640,1568 1640,1569 1639,1569 1639,1570 1638,1570 1638,1571 1637,1571 1637,1572 1636,1572 1636,1573 1634,1573 1634,1574 1633,1574 1633,1575 1631,1575 1631,1576 1630,1576 1630,1577 1628,1577 1628,1578 1626,1578 1626,1579 1430,1579 1430,1580 1428,1580 1428,1581 1427,1581 1427,1582 1426,1582 1426,1583 1424,1583 1424,1582 1423,1582 1423,1578 1267,1578 1267,1579 1265,1579 1265,1578 1137,1578 1137,1579 1136,1579 1136,1581 1135,1581 1135,1582 1133,1582 1133,1583 1130,1583 1130,1584 1128,1584 1128,1583 1127,1583 1127,1579 1006,1579 1006,1580 883,1580 883,1583 881,1583 881,1585 879,1585 879,1586 878,1586 878,1587 874,1587 874,1585 854,1585 854,1581 675,1581 675,1582 673,1582 673,1583 653,1583 653,1588 652,1588 652,1591 651,1591 651,1594 650,1594 650,1595 649,1595 649,1596 646,1596 646,1595 645,1595 645,1594 644,1594 644,1583 479,1583 479,1593 478,1593 478,1595 476,1595 476,1596 475,1596 475,1597 474,1597 474,1598 471,1598 471,1599 464,1599 464,1598 463,1598 463,1597 462,1597 462,1586 461,1586 461,1585 284,1585 284,1586 236,1586 236,1589 235,1589 235,1593 234,1593 234,1596 233,1596 233,1598 232,1598 232,1599 229,1599 229,1597 228,1597 229,1597 229,1593 230,1593 230,1589 231,1589 231,1584 232,1584 232,1582 233,1582 233,1579 234,1579 234,1576 235,1576 235,1570 236,1570 236,1568 237,1568 237,1564 238,1564 238,1561 239,1561 239,1560 240,1560 240,1559 256,1559 256,1558 280,1558 280,1552 281,1552 281,1548 282,1548 282,1546 283,1546 283,1544 284,1544 284,1541 285,1541 285,1539 286,1539 286,1538 287,1538 287,1536 291,1536 291,1557 443,1557 443,1538 444,1538 444,1537 445,1537 445,1536 540,1536 540,1535 544,1535 544,1536 546,1536 546,1537 547,1537 547,1538 548,1538 548,1540 549,1540 549,1555 717,1555 717,1546 718,1546 718,1544 719,1544 719,1541 720,1541 720,1539 721,1539 721,1537 722,1537 722,1535 723,1535 723,1534 724,1534 724,1533 727,1533 727,1535 728,1535 728,1553 861,1553 861,1554 970,1554 970,1553 973,1553 973,1552 998,1552 998,1532 999,1532 999,1531 1095,1531 1095,1530 1096,1530 1096,1529 1099,1529 1099,1530 1100,1530 1100,1532 1101,1532 1101,1534 1102,1534 1102,1538 1103,1538 1103,1540 1104,1540 1104,1542 1105,1542 1105,1544 1106,1544 1106,1546 1107,1546 1107,1552 1222,1552 1222,1551 1306,1551 1306,1540 1307,1540 1307,1537 1308,1537 1308,1533 1309,1533 1309,1530 1310,1530 1310,1529 1312,1529"/>
	<Word id="r180">
	<Coords points="291,1536 291,1557 391,1557 391,1560 392,1560 392,1564 391,1564 391,1567 390,1567 390,1569 389,1569 389,1571 388,1571 388,1572 387,1572 387,1573 386,1573 386,1575 385,1575 385,1576 384,1576 384,1577 383,1577 383,1578 382,1578 382,1579 380,1579 380,1580 379,1580 379,1581 377,1581 377,1582 375,1582 375,1583 373,1583 373,1584 372,1584 372,1585 284,1585 284,1586 236,1586 236,1589 235,1589 235,1593 234,1593 234,1596 233,1596 233,1598 232,1598 232,1599 229,1599 229,1597 228,1597 229,1597 229,1593 230,1593 230,1589 231,1589 231,1584 232,1584 232,1582 233,1582 233,1579 234,1579 234,1576 235,1576 235,1570 236,1570 236,1568 237,1568 237,1564 238,1564 238,1561 239,1561 239,1560 240,1560 240,1559 256,1559 256,1558 280,1558 280,1552 281,1552 281,1548 282,1548 282,1546 283,1546 283,1544 284,1544 284,1541 285,1541 285,1539 286,1539 286,1538 287,1538 287,1536"/>
	<TextEquiv>
	<Unicode>μένων</Unicode></TextEquiv></Word>
	<Word id="r181">
	<Coords points="449,1536 449,1537 473,1537 473,1538 474,1538 474,1543 487,1543 487,1545 488,1545 488,1547 487,1547 487,1548 486,1548 486,1549 485,1549 485,1566 484,1566 484,1567 483,1567 483,1568 482,1568 482,1569 479,1569 479,1593 478,1593 478,1595 476,1595 476,1596 475,1596 475,1597 474,1597 474,1598 471,1598 471,1599 464,1599 464,1598 463,1598 463,1597 462,1597 462,1586 461,1586 461,1585 460,1585 460,1584 443,1584 443,1583 438,1583 438,1582 435,1582 435,1581 434,1581 434,1579 433,1579 433,1578 432,1578 432,1577 431,1577 431,1568 432,1568 432,1566 433,1566 433,1563 434,1563 434,1562 435,1562 435,1561 436,1561 436,1560 437,1560 437,1559 439,1559 439,1558 441,1558 441,1557 443,1557 443,1538 444,1538 444,1537 445,1537 445,1536"/>
	<TextEquiv>
	<Unicode>ἐξ</Unicode></TextEquiv></Word>
	<Word id="r182">
	<Coords points="727,1533 727,1535 728,1535 728,1553 861,1553 861,1554 863,1554 863,1555 865,1555 865,1556 866,1556 866,1557 867,1557 867,1558 868,1558 868,1571 881,1571 881,1572 882,1572 882,1573 883,1573 883,1574 884,1574 884,1580 883,1580 883,1583 881,1583 881,1585 879,1585 879,1586 878,1586 878,1587 874,1587 874,1585 854,1585 854,1581 675,1581 675,1582 673,1582 673,1583 653,1583 653,1588 652,1588 652,1591 651,1591 651,1594 650,1594 650,1595 649,1595 649,1596 646,1596 646,1595 645,1595 645,1594 644,1594 644,1583 527,1583 527,1582 526,1582 526,1581 525,1581 525,1580 524,1580 524,1579 523,1579 523,1571 524,1571 524,1569 525,1569 525,1567 526,1567 526,1565 527,1565 527,1564 528,1564 528,1563 529,1563 529,1562 530,1562 530,1561 531,1561 531,1560 533,1560 533,1559 534,1559 534,1558 537,1558 537,1557 538,1557 538,1537 539,1537 539,1536 540,1536 540,1535 544,1535 544,1536 546,1536 546,1537 547,1537 547,1538 548,1538 548,1540 549,1540 549,1555 717,1555 717,1546 718,1546 718,1544 719,1544 719,1541 720,1541 720,1539 721,1539 721,1537 722,1537 722,1535 723,1535 723,1534 724,1534 724,1533"/>
	<TextEquiv>
	<Unicode>ἀπογνώσεως,</Unicode></TextEquiv></Word>
	<Word id="r183">
	<Coords points="1001,1531 1001,1532 1002,1532 1002,1534 1003,1534 1003,1536 1004,1536 1004,1538 1005,1538 1005,1541 1006,1541 1006,1542 1007,1542 1007,1544 1008,1544 1008,1568 1012,1568 1012,1572 1011,1572 1011,1573 1010,1573 1010,1576 1009,1576 1009,1578 1008,1578 1008,1579 1006,1579 1006,1580 925,1580 925,1579 924,1579 924,1577 925,1577 925,1575 926,1575 926,1572 927,1572 927,1569 928,1569 928,1566 929,1566 929,1563 930,1563 930,1559 931,1559 931,1558 932,1558 932,1556 933,1556 933,1555 934,1555 934,1554 970,1554 970,1553 973,1553 973,1552 998,1552 998,1532 999,1532 999,1531"/>
	<TextEquiv>
	<Unicode>καὶ</Unicode></TextEquiv></Word>
	<Word id="r184">
	<Coords points="1099,1529 1099,1530 1100,1530 1100,1532 1101,1532 1101,1534 1102,1534 1102,1538 1103,1538 1103,1540 1104,1540 1104,1542 1105,1542 1105,1544 1106,1544 1106,1546 1107,1546 1107,1552 1134,1552 1134,1553 1137,1553 1137,1554 1138,1554 1138,1555 1140,1555 1140,1556 1141,1556 1141,1557 1142,1557 1142,1561 1141,1561 1141,1562 1137,1562 1137,1579 1136,1579 1136,1581 1135,1581 1135,1582 1133,1582 1133,1583 1130,1583 1130,1584 1128,1584 1128,1583 1127,1583 1127,1579 1062,1579 1062,1563 1053,1563 1053,1562 1052,1562 1052,1558 1053,1558 1053,1555 1054,1555 1054,1554 1056,1554 1056,1553 1095,1553 1095,1530 1096,1530 1096,1529"/>
	<TextEquiv>
	<Unicode>τὰς</Unicode></TextEquiv></Word>
	<Word id="r185">
	<Coords points="1312,1528 1313,1528 1313,1529 1337,1529 1337,1530 1339,1530 1339,1531 1340,1531 1340,1532 1341,1532 1341,1533 1343,1533 1343,1535 1344,1535 1344,1536 1345,1536 1345,1537 1346,1537 1346,1538 1347,1538 1347,1539 1348,1539 1348,1550 1370,1550 1370,1551 1431,1551 1431,1552 1432,1552 1432,1553 1434,1553 1434,1554 1435,1554 1435,1555 1436,1555 1436,1556 1437,1556 1437,1560 1436,1560 1436,1561 1432,1561 1432,1578 1431,1578 1431,1579 1430,1579 1430,1580 1428,1580 1428,1581 1427,1581 1427,1582 1426,1582 1426,1583 1424,1583 1424,1582 1423,1582 1423,1578 1267,1578 1267,1579 1265,1579 1265,1578 1200,1578 1200,1577 1198,1577 1198,1576 1197,1576 1197,1575 1195,1575 1195,1574 1194,1574 1194,1573 1193,1573 1193,1564 1194,1564 1194,1561 1195,1561 1195,1559 1196,1559 1196,1558 1197,1558 1197,1557 1198,1557 1198,1556 1200,1556 1200,1555 1201,1555 1201,1554 1202,1554 1202,1553 1209,1553 1209,1552 1222,1552 1222,1551 1306,1551 1306,1540 1307,1540 1307,1537 1308,1537 1308,1533 1309,1533 1309,1530 1310,1530 1310,1529 1312,1529"/>
	<TextEquiv>
	<Unicode>συνόδους</Unicode></TextEquiv></Word>
	<Word id="r187">
	<Coords points="1532,1531 1532,1532 1533,1532 1533,1533 1602,1533 1602,1534 1604,1534 1604,1535 1606,1535 1606,1536 1607,1536 1607,1537 1608,1537 1608,1538 1609,1538 1609,1552 1629,1552 1629,1553 1644,1553 1644,1554 1645,1554 1645,1561 1644,1561 1644,1563 1643,1563 1643,1565 1642,1565 1642,1566 1641,1566 1641,1568 1640,1568 1640,1569 1639,1569 1639,1570 1638,1570 1638,1571 1637,1571 1637,1572 1636,1572 1636,1573 1634,1573 1634,1574 1633,1574 1633,1575 1631,1575 1631,1576 1630,1576 1630,1577 1628,1577 1628,1578 1626,1578 1626,1579 1522,1579 1522,1578 1480,1578 1480,1577 1478,1577 1478,1575 1477,1575 1477,1573 1476,1573 1476,1564 1477,1564 1477,1563 1478,1563 1478,1561 1479,1561 1479,1560 1480,1560 1480,1558 1481,1558 1481,1557 1482,1557 1482,1556 1483,1556 1483,1555 1484,1555 1484,1554 1485,1554 1485,1553 1487,1553 1487,1552 1488,1552 1488,1551 1526,1551 1526,1532 1527,1532 1527,1531"/>
	<TextEquiv>
	<Unicode>αὐτῶν</Unicode></TextEquiv></Word>
	<TextEquiv>
	<Unicode>μένων ἐξ ἀπογνώσεως, καὶ τὰς συνόδους αὐτῶν</Unicode></TextEquiv></TextLine>
	<TextLine id="r51">
	<Coords points="1485,1596 1485,1597 1551,1597 1551,1598 1553,1598 1553,1599 1554,1599 1554,1600 1556,1600 1556,1601 1558,1601 1558,1602 1559,1602 1559,1603 1560,1603 1560,1604 1561,1604 1561,1605 1562,1605 1562,1607 1563,1607 1563,1608 1564,1608 1564,1620 1605,1620 1605,1621 1636,1621 1636,1622 1637,1622 1637,1623 1639,1623 1639,1624 1640,1624 1640,1626 1641,1626 1641,1629 1640,1629 1640,1631 1637,1631 1637,1647 1636,1647 1636,1649 1635,1649 1635,1650 1633,1650 1633,1651 1631,1651 1631,1652 1627,1652 1627,1648 1523,1648 1523,1647 1307,1647 1307,1649 1306,1649 1306,1652 1305,1652 1305,1657 1304,1657 1304,1659 1303,1659 1303,1660 1245,1660 1245,1661 1242,1661 1242,1660 1241,1660 1241,1654 1204,1654 1204,1651 1184,1651 1184,1648 1060,1648 1060,1649 1059,1649 1059,1656 1058,1656 1058,1659 1057,1659 1057,1662 1056,1662 1056,1663 1053,1663 1053,1661 1052,1661 1052,1649 902,1649 902,1666 901,1666 901,1667 900,1667 900,1668 898,1668 898,1669 894,1669 894,1668 893,1668 893,1667 892,1667 892,1650 752,1650 752,1651 639,1651 639,1652 591,1652 591,1653 590,1653 590,1654 588,1654 588,1655 585,1655 585,1656 509,1656 509,1662 508,1662 508,1663 507,1663 507,1665 505,1665 505,1666 504,1666 504,1667 501,1667 501,1668 496,1668 496,1667 427,1667 427,1666 426,1666 426,1653 309,1653 309,1654 231,1654 231,1653 229,1653 229,1651 230,1651 230,1647 231,1647 231,1645 232,1645 232,1642 233,1642 233,1638 234,1638 234,1635 235,1635 235,1631 236,1631 236,1629 238,1629 238,1628 240,1628 240,1627 254,1627 254,1626 301,1626 301,1605 354,1605 354,1604 355,1604 355,1605 357,1605 357,1606 358,1606 358,1607 359,1607 359,1608 360,1608 360,1624 493,1624 493,1613 494,1613 494,1611 495,1611 495,1610 496,1610 496,1608 498,1608 498,1607 499,1607 499,1606 530,1606 530,1605 531,1605 531,1603 532,1603 532,1602 533,1602 533,1601 535,1601 535,1602 537,1602 537,1605 639,1605 639,1604 710,1604 710,1603 712,1603 712,1602 716,1602 716,1603 718,1603 718,1622 868,1622 868,1616 869,1616 869,1613 870,1613 870,1609 871,1609 871,1608 872,1608 872,1606 873,1606 873,1603 874,1603 874,1602 875,1602 875,1601 876,1601 876,1600 879,1600 879,1599 879,1600 880,1600 880,1621 998,1621 998,1620 999,1620 999,1618 1000,1618 1000,1616 1001,1616 1001,1615 1002,1615 1002,1613 1003,1613 1003,1611 1004,1611 1004,1609 1005,1609 1005,1608 1006,1608 1006,1607 1007,1607 1007,1606 1008,1606 1008,1605 1009,1605 1009,1604 1010,1604 1010,1603 1012,1603 1012,1602 1013,1602 1013,1601 1015,1601 1015,1600 1046,1600 1046,1599 1048,1599 1048,1598 1048,1599 1050,1599 1050,1601 1051,1601 1051,1620 1292,1620 1292,1598 1293,1598 1293,1597 1295,1597 1295,1598 1297,1598 1297,1599 1403,1599 1403,1598 1404,1598 1404,1597 1480,1597 1480,1596"/>
	<Word id="r244">
	<Coords points="305,1605 305,1606 306,1606 306,1608 307,1608 307,1610 308,1610 308,1612 309,1612 309,1614 310,1614 310,1617 311,1617 311,1619 312,1619 312,1642 316,1642 316,1643 317,1643 316,1643 316,1645 315,1645 315,1648 314,1648 314,1649 313,1649 313,1651 311,1651 311,1652 310,1652 310,1653 309,1653 309,1654 231,1654 231,1653 229,1653 229,1651 230,1651 230,1647 231,1647 231,1645 232,1645 232,1642 233,1642 233,1638 234,1638 234,1635 235,1635 235,1631 236,1631 236,1629 238,1629 238,1628 240,1628 240,1627 254,1627 254,1626 301,1626 301,1605"/>
	<TextEquiv>
	<Unicode>καὶ</Unicode></TextEquiv></Word>
	<Word id="r245">
	<Coords points="535,1601 535,1602 537,1602 537,1624 590,1624 590,1625 593,1625 593,1626 595,1626 595,1627 596,1627 596,1628 597,1628 597,1633 595,1633 595,1634 592,1634 592,1651 591,1651 591,1653 590,1653 590,1654 588,1654 588,1655 585,1655 585,1656 509,1656 509,1662 508,1662 508,1663 507,1663 507,1665 505,1665 505,1666 504,1666 504,1667 501,1667 501,1668 496,1668 496,1667 427,1667 427,1666 426,1666 426,1653 369,1653 369,1652 347,1652 347,1651 344,1651 344,1650 342,1650 342,1649 341,1649 341,1648 340,1648 340,1647 339,1647 339,1644 338,1644 338,1639 339,1639 339,1636 340,1636 340,1634 341,1634 341,1632 342,1632 342,1630 344,1630 344,1629 345,1629 345,1628 347,1628 347,1627 348,1627 348,1626 350,1626 350,1607 351,1607 351,1605 354,1605 354,1604 355,1604 355,1605 357,1605 357,1606 358,1606 358,1607 359,1607 359,1608 360,1608 360,1624 493,1624 493,1613 494,1613 494,1611 495,1611 495,1610 496,1610 496,1608 498,1608 498,1607 499,1607 499,1606 530,1606 530,1605 531,1605 531,1603 532,1603 532,1602 533,1602 533,1601"/>
	<TextEquiv>
	<Unicode>ἐπιμιξίας</Unicode></TextEquiv></Word>
	<Word id="r246">
	<Coords points="643,1604 643,1605 645,1605 645,1606 646,1606 646,1608 647,1608 647,1623 674,1623 674,1624 676,1624 676,1626 677,1626 677,1629 676,1629 676,1631 675,1631 675,1634 674,1634 674,1635 673,1635 673,1637 672,1637 672,1639 671,1639 671,1641 669,1641 669,1642 668,1642 668,1643 667,1643 667,1644 665,1644 665,1645 664,1645 664,1646 663,1646 663,1647 661,1647 661,1648 660,1648 660,1649 658,1649 658,1650 655,1650 655,1651 639,1651 639,1652 636,1652 636,1651 632,1651 632,1650 631,1650 631,1649 629,1649 629,1648 628,1648 628,1647 627,1647 627,1646 626,1646 626,1644 625,1644 625,1636 626,1636 626,1634 627,1634 627,1632 628,1632 628,1630 629,1630 629,1629 630,1629 630,1628 632,1628 632,1627 633,1627 633,1626 634,1626 634,1625 637,1625 637,1605 639,1605 639,1604"/>
	<TextEquiv>
	<Unicode>ἐν</Unicode></TextEquiv></Word>
	<Word id="r247">
	<Coords points="879,1600 880,1600 880,1622 910,1622 910,1623 911,1623 911,1638 915,1638 915,1641 914,1641 914,1643 913,1643 913,1645 911,1645 911,1647 909,1647 909,1648 902,1648 902,1666 901,1666 901,1667 900,1667 900,1668 898,1668 898,1669 894,1669 894,1668 893,1668 893,1667 892,1667 892,1650 752,1650 752,1651 736,1651 736,1650 703,1650 703,1649 702,1649 702,1648 701,1648 701,1647 700,1647 700,1645 699,1645 699,1629 698,1629 698,1628 697,1628 697,1627 698,1627 698,1625 699,1625 699,1624 706,1624 706,1609 707,1609 707,1606 708,1606 708,1605 709,1605 709,1604 710,1604 710,1603 712,1603 712,1602 716,1602 716,1603 718,1603 718,1622 868,1622 868,1616 869,1616 869,1613 870,1613 870,1609 871,1609 871,1608 872,1608 872,1606 873,1606 873,1603 874,1603 874,1602 875,1602 875,1601 876,1601 876,1600 879,1600 879,1599"/>
	<TextEquiv>
	<Unicode>ὑπονοίᾳ</Unicode></TextEquiv></Word>
	<Word id="r248">
	<Coords points="1048,1599 1050,1599 1050,1601 1051,1601 1051,1620 1194,1620 1194,1621 1195,1621 1195,1622 1196,1622 1196,1623 1197,1623 1197,1624 1198,1624 1198,1625 1199,1625 1199,1638 1211,1638 1211,1639 1212,1639 1212,1640 1213,1640 1213,1641 1214,1641 1214,1647 1213,1647 1213,1649 1212,1649 1212,1650 1211,1650 1211,1651 1210,1651 1210,1652 1209,1652 1209,1653 1208,1653 1208,1654 1204,1654 1204,1651 1184,1651 1184,1648 1060,1648 1060,1649 1059,1649 1059,1656 1058,1656 1058,1659 1057,1659 1057,1662 1056,1662 1056,1663 1053,1663 1053,1661 1052,1661 1052,1649 951,1649 951,1648 950,1648 950,1632 941,1632 941,1626 942,1626 942,1624 944,1624 944,1623 945,1623 945,1622 950,1622 950,1621 998,1621 998,1620 999,1620 999,1618 1000,1618 1000,1616 1001,1616 1001,1615 1002,1615 1002,1613 1003,1613 1003,1611 1004,1611 1004,1609 1005,1609 1005,1608 1006,1608 1006,1607 1007,1607 1007,1606 1008,1606 1008,1605 1009,1605 1009,1604 1010,1604 1010,1603 1012,1603 1012,1602 1013,1602 1013,1601 1015,1601 1015,1600 1046,1600 1046,1599 1048,1599 1048,1598"/>
	<TextEquiv>
	<Unicode>τιθέμενος,</Unicode></TextEquiv></Word>
	<Word id="r249">
	<Coords points="1295,1597 1295,1598 1297,1598 1297,1600 1298,1600 1298,1605 1299,1605 1299,1607 1300,1607 1300,1609 1301,1609 1301,1610 1302,1610 1302,1613 1303,1613 1303,1621 1307,1621 1307,1622 1309,1622 1309,1624 1311,1624 1311,1627 1312,1627 1312,1630 1311,1630 1311,1635 1310,1635 1310,1639 1309,1639 1309,1642 1308,1642 1308,1645 1307,1645 1307,1649 1306,1649 1306,1652 1305,1652 1305,1657 1304,1657 1304,1659 1303,1659 1303,1660 1245,1660 1245,1661 1242,1661 1242,1660 1241,1660 1242,1660 1242,1657 1243,1657 1243,1653 1244,1653 1244,1650 1245,1650 1245,1646 1246,1646 1246,1641 1247,1641 1247,1638 1248,1638 1248,1635 1249,1635 1249,1632 1250,1632 1250,1629 1251,1629 1251,1622 1252,1622 1252,1621 1253,1621 1253,1620 1292,1620 1292,1598 1293,1598 1293,1597"/>
	<TextEquiv>
	<Unicode>μὴ</Unicode></TextEquiv></Word>
	<Word id="r250">
	<Coords points="1408,1597 1408,1598 1431,1598 1431,1599 1433,1599 1433,1600 1434,1600 1434,1601 1435,1601 1435,1602 1436,1602 1435,1602 1435,1610 1434,1610 1434,1611 1433,1611 1433,1612 1432,1612 1432,1613 1430,1613 1430,1614 1420,1614 1420,1636 1419,1636 1419,1638 1418,1638 1418,1639 1417,1639 1417,1641 1416,1641 1416,1642 1415,1642 1415,1643 1414,1643 1414,1644 1412,1644 1412,1645 1409,1645 1409,1646 1378,1646 1378,1647 1341,1647 1341,1646 1340,1646 1340,1645 1338,1645 1338,1644 1337,1644 1337,1643 1336,1643 1336,1641 1335,1641 1335,1638 1334,1638 1334,1636 1335,1636 1335,1632 1336,1632 1336,1628 1337,1628 1337,1626 1338,1626 1338,1625 1339,1625 1339,1624 1340,1624 1340,1623 1341,1623 1341,1622 1342,1622 1342,1621 1346,1621 1346,1620 1375,1620 1375,1601 1376,1601 1376,1600 1377,1600 1377,1599 1403,1599 1403,1598 1404,1598 1404,1597"/>
	<TextEquiv>
	<Unicode>οὐδ᾽</Unicode></TextEquiv></Word>
	<Word id="r251">
	<Coords points="1485,1596 1485,1598 1486,1598 1486,1627 1487,1627 1487,1630 1488,1630 1488,1634 1487,1634 1487,1639 1486,1639 1486,1641 1485,1641 1485,1642 1484,1642 1484,1643 1483,1643 1483,1644 1482,1644 1482,1645 1480,1645 1480,1646 1477,1646 1477,1647 1473,1647 1473,1646 1469,1646 1469,1645 1468,1645 1468,1644 1467,1644 1467,1643 1466,1643 1466,1641 1465,1641 1465,1638 1464,1638 1464,1633 1465,1633 1465,1631 1466,1631 1466,1627 1467,1627 1467,1625 1468,1625 1468,1624 1469,1624 1469,1623 1470,1623 1470,1622 1472,1622 1472,1621 1475,1621 1475,1620 1476,1620 1476,1602 1477,1602 1477,1599 1478,1599 1478,1598 1479,1598 1479,1597 1480,1597 1480,1596"/>
	<TextEquiv>
	<Unicode>ὁ</Unicode></TextEquiv></Word>
	<Word id="r252">
	<Coords points="1551,1598 1553,1598 1553,1599 1554,1599 1554,1600 1556,1600 1556,1601 1558,1601 1558,1602 1559,1602 1559,1603 1560,1603 1560,1604 1561,1604 1561,1605 1562,1605 1562,1607 1563,1607 1563,1608 1564,1608 1564,1620 1605,1620 1605,1621 1636,1621 1636,1622 1637,1622 1637,1623 1639,1623 1639,1624 1640,1624 1640,1626 1641,1626 1641,1629 1640,1629 1640,1631 1637,1631 1637,1647 1636,1647 1636,1649 1635,1649 1635,1650 1633,1650 1633,1651 1631,1651 1631,1652 1627,1652 1627,1648 1523,1648 1523,1647 1520,1647 1520,1646 1519,1646 1519,1645 1518,1645 1518,1638 1519,1638 1519,1603 1520,1603 1520,1602 1533,1602 1533,1601 1534,1601 1534,1600 1546,1600 1546,1599 1548,1599 1548,1598 1551,1598 1551,1597"/>
	<TextEquiv>
	<Unicode>ἴδιος</Unicode></TextEquiv></Word>
	<TextEquiv>
	<Unicode>καὶ ἐπιμιξίας ἐν ὑπονοίᾳ τιθέμενος, μὴ οὐδ᾽ ὁ ἴδιος</Unicode></TextEquiv></TextLine>
	<TextLine id="r55">
	<Coords points="1177,1666 1177,1667 1279,1667 1279,1666 1279,1667 1280,1667 1280,1668 1281,1668 1281,1688 1604,1688 1604,1677 1605,1677 1605,1675 1606,1675 1606,1673 1608,1673 1608,1672 1610,1672 1610,1671 1617,1671 1617,1672 1618,1672 1618,1673 1620,1673 1620,1674 1621,1674 1621,1675 1622,1675 1622,1688 1638,1688 1638,1689 1639,1689 1639,1690 1641,1690 1641,1691 1643,1691 1643,1692 1644,1692 1644,1693 1645,1693 1645,1697 1644,1697 1644,1698 1643,1698 1643,1699 1641,1699 1641,1713 1640,1713 1640,1716 1639,1716 1639,1717 1638,1717 1638,1718 1637,1718 1637,1719 1634,1719 1634,1720 1632,1720 1632,1719 1631,1719 1631,1716 1509,1716 1509,1717 1508,1717 1508,1721 1507,1721 1507,1725 1506,1725 1506,1727 1505,1727 1505,1729 1503,1729 1503,1730 1466,1730 1466,1729 1464,1729 1464,1715 1301,1715 1301,1716 1221,1716 1221,1718 1220,1718 1220,1720 1219,1720 1219,1721 1217,1721 1217,1722 1215,1722 1215,1723 1214,1723 1214,1722 1212,1722 1212,1721 1193,1721 1193,1720 1192,1720 1192,1716 1043,1716 1043,1717 986,1717 986,1719 985,1719 985,1722 984,1722 984,1724 983,1724 983,1727 982,1727 982,1728 980,1728 980,1729 972,1729 972,1731 971,1731 971,1732 969,1732 969,1733 966,1733 966,1732 965,1732 965,1731 964,1731 964,1729 963,1729 963,1718 788,1718 788,1719 716,1719 716,1720 715,1720 715,1721 714,1721 714,1722 712,1722 712,1723 623,1723 623,1724 619,1724 619,1723 618,1723 618,1721 484,1721 484,1722 483,1722 483,1732 482,1732 482,1735 481,1735 481,1737 479,1737 479,1738 478,1738 478,1737 477,1737 477,1721 351,1721 351,1735 350,1735 350,1736 349,1736 349,1737 347,1737 347,1738 345,1738 345,1739 343,1739 343,1738 341,1738 341,1737 340,1737 340,1735 339,1735 339,1723 233,1723 233,1722 231,1722 231,1721 230,1721 230,1719 229,1719 229,1707 230,1707 230,1706 231,1706 231,1704 232,1704 232,1703 233,1703 233,1702 234,1702 234,1701 235,1701 235,1700 236,1700 236,1698 237,1698 237,1697 238,1697 238,1696 240,1696 240,1695 278,1695 278,1677 279,1677 279,1676 280,1676 280,1675 282,1675 282,1674 285,1674 285,1675 286,1675 286,1676 287,1676 287,1677 357,1677 357,1678 359,1678 359,1680 361,1680 361,1682 362,1682 362,1694 522,1694 522,1693 587,1693 587,1671 588,1671 588,1670 591,1670 591,1672 693,1672 693,1673 695,1673 695,1674 696,1674 696,1676 697,1676 697,1691 711,1691 711,1692 824,1692 824,1684 825,1684 825,1681 826,1681 826,1679 827,1679 827,1678 828,1678 828,1676 829,1676 829,1675 830,1675 830,1673 831,1673 831,1672 832,1672 832,1670 836,1670 836,1671 837,1671 837,1689 972,1689 972,1672 973,1672 973,1671 974,1671 974,1670 975,1670 975,1669 976,1669 976,1668 978,1668 978,1667 982,1667 982,1668 986,1668 986,1669 988,1669 988,1670 989,1670 989,1672 990,1672 990,1673 991,1673 991,1688 1168,1688 1168,1677 1169,1677 1169,1674 1170,1674 1170,1670 1171,1670 1171,1668 1172,1668 1172,1667 1173,1667 1173,1666"/>
	<Word id="r253">
	<Coords points="285,1674 285,1675 286,1675 286,1676 287,1676 287,1677 357,1677 357,1678 359,1678 359,1680 361,1680 361,1682 362,1682 362,1695 363,1695 363,1696 365,1696 365,1697 366,1697 366,1699 367,1699 367,1700 368,1700 368,1703 369,1703 369,1709 368,1709 368,1711 367,1711 367,1714 366,1714 366,1715 365,1715 365,1717 363,1717 363,1718 362,1718 362,1719 361,1719 361,1720 357,1720 357,1721 351,1721 351,1735 350,1735 350,1736 349,1736 349,1737 347,1737 347,1738 345,1738 345,1739 343,1739 343,1738 341,1738 341,1737 340,1737 340,1735 339,1735 339,1723 233,1723 233,1722 231,1722 231,1721 230,1721 230,1719 229,1719 229,1707 230,1707 230,1706 231,1706 231,1704 232,1704 232,1703 233,1703 233,1702 234,1702 234,1701 235,1701 235,1700 236,1700 236,1698 237,1698 237,1697 238,1697 238,1696 240,1696 240,1695 278,1695 278,1677 279,1677 279,1676 280,1676 280,1675 282,1675 282,1674"/>
	<TextEquiv>
	<Unicode>αὐτῷ</Unicode></TextEquiv></Word>
	<Word id="r254">
	<Coords points="591,1670 591,1672 593,1672 593,1674 594,1674 594,1676 595,1676 595,1677 596,1677 596,1680 597,1680 597,1682 598,1682 598,1684 599,1684 599,1692 623,1692 623,1693 627,1693 627,1694 628,1694 628,1695 630,1695 630,1696 631,1696 631,1698 632,1698 632,1699 633,1699 633,1700 632,1700 632,1702 631,1702 631,1703 628,1703 628,1718 627,1718 627,1721 626,1721 626,1722 625,1722 625,1723 623,1723 623,1724 619,1724 619,1723 618,1723 618,1721 484,1721 484,1722 483,1722 483,1732 482,1732 482,1735 481,1735 481,1737 479,1737 479,1738 478,1738 478,1737 477,1737 477,1721 415,1721 415,1720 413,1720 413,1719 412,1719 412,1718 411,1718 411,1717 410,1717 410,1715 409,1715 409,1706 410,1706 410,1704 411,1704 411,1702 412,1702 412,1700 414,1700 414,1699 415,1699 415,1698 416,1698 416,1697 418,1697 418,1696 420,1696 420,1695 427,1695 427,1694 522,1694 522,1693 587,1693 587,1671 588,1671 588,1670"/>
	<TextEquiv>
	<Unicode>στρατὸς</Unicode></TextEquiv></Word>
	<Word id="r255">
	<Coords points="693,1672 693,1673 695,1673 695,1674 696,1674 696,1676 697,1676 697,1691 711,1691 711,1692 717,1692 717,1693 719,1693 719,1694 720,1694 720,1695 721,1695 721,1698 722,1698 722,1699 721,1699 721,1701 719,1701 719,1702 717,1702 717,1718 716,1718 716,1720 715,1720 715,1721 714,1721 714,1722 712,1722 712,1723 707,1723 707,1722 706,1722 706,1720 684,1720 684,1719 681,1719 681,1718 679,1718 679,1717 678,1717 678,1716 677,1716 677,1714 676,1714 676,1713 675,1713 675,1704 676,1704 676,1703 677,1703 677,1700 678,1700 678,1699 679,1699 679,1698 680,1698 680,1697 681,1697 681,1696 682,1696 682,1695 683,1695 683,1694 685,1694 685,1693 686,1693 686,1675 687,1675 687,1674 688,1674 688,1673 689,1673 689,1672"/>
	<TextEquiv>
	<Unicode>ἐς</Unicode></TextEquiv></Word>
	<Word id="r256">
	<Coords points="836,1670 836,1671 837,1671 837,1689 930,1689 930,1690 931,1690 931,1707 935,1707 935,1711 934,1711 934,1712 933,1712 933,1714 932,1714 932,1715 931,1715 931,1716 930,1716 930,1717 927,1717 927,1718 788,1718 788,1719 768,1719 768,1705 763,1705 763,1704 762,1704 762,1703 761,1703 761,1698 762,1698 762,1696 763,1696 763,1695 764,1695 764,1694 765,1694 765,1693 776,1693 776,1692 824,1692 824,1684 825,1684 825,1681 826,1681 826,1679 827,1679 827,1678 828,1678 828,1676 829,1676 829,1675 830,1675 830,1673 831,1673 831,1672 832,1672 832,1670"/>
	<TextEquiv>
	<Unicode>πάντα</Unicode></TextEquiv></Word>
	<Word id="r257">
	<Coords points="982,1667 982,1668 986,1668 986,1669 988,1669 988,1670 989,1670 989,1672 990,1672 990,1673 991,1673 991,1696 992,1696 992,1700 991,1700 991,1704 990,1704 990,1706 989,1706 989,1710 988,1710 988,1712 987,1712 987,1714 986,1714 986,1719 985,1719 985,1722 984,1722 984,1724 983,1724 983,1727 982,1727 982,1728 980,1728 980,1729 972,1729 972,1731 971,1731 971,1732 969,1732 969,1733 966,1733 966,1732 965,1732 965,1731 964,1731 964,1729 963,1729 963,1701 962,1701 962,1700 961,1700 961,1699 962,1699 962,1696 963,1696 963,1694 965,1694 965,1693 966,1693 966,1692 967,1692 967,1691 972,1691 972,1672 973,1672 973,1671 974,1671 974,1670 975,1670 975,1669 976,1669 976,1668 978,1668 978,1667"/>
	<TextEquiv>
	<Unicode>ᾖ</Unicode></TextEquiv></Word>
	<Word id="r258">
	<Coords points="1177,1666 1177,1689 1201,1689 1201,1690 1203,1690 1203,1691 1205,1691 1205,1692 1206,1692 1206,1693 1207,1693 1207,1696 1208,1696 1208,1707 1219,1707 1219,1708 1221,1708 1221,1710 1222,1710 1222,1711 1223,1711 1223,1714 1222,1714 1222,1715 1221,1715 1221,1718 1220,1718 1220,1720 1219,1720 1219,1721 1217,1721 1217,1722 1215,1722 1215,1723 1214,1723 1214,1722 1212,1722 1212,1721 1193,1721 1193,1720 1192,1720 1192,1716 1043,1716 1043,1717 1025,1717 1025,1716 1024,1716 1024,1703 1019,1703 1019,1702 1018,1702 1018,1695 1019,1695 1019,1692 1021,1692 1021,1691 1022,1691 1022,1690 1027,1690 1027,1689 1072,1689 1072,1688 1168,1688 1168,1677 1169,1677 1169,1674 1170,1674 1170,1670 1171,1670 1171,1668 1172,1668 1172,1667 1173,1667 1173,1666"/>
	<TextEquiv>
	<Unicode>πιστός,</Unicode></TextEquiv></Word>
	<Word id="r259">
	<Coords points="1279,1667 1280,1667 1280,1668 1281,1668 1281,1688 1339,1688 1339,1689 1342,1689 1342,1692 1343,1692 1342,1692 1342,1693 1341,1693 1341,1694 1340,1694 1340,1712 1339,1712 1339,1714 1337,1714 1337,1715 1301,1715 1301,1716 1299,1716 1299,1715 1297,1715 1297,1714 1256,1714 1256,1713 1255,1713 1255,1712 1254,1712 1254,1711 1253,1711 1253,1709 1252,1709 1252,1701 1253,1701 1253,1699 1254,1699 1254,1697 1255,1697 1255,1696 1256,1696 1256,1694 1259,1694 1259,1693 1260,1693 1260,1690 1261,1690 1261,1675 1262,1675 1262,1672 1263,1672 1263,1671 1264,1671 1264,1670 1267,1670 1267,1669 1277,1669 1277,1668 1278,1668 1278,1667 1279,1667 1279,1666"/>
	<TextEquiv>
	<Unicode>ἅτε</Unicode></TextEquiv></Word>
	<Word id="r260">
	<Coords points="1617,1671 1617,1672 1618,1672 1618,1673 1620,1673 1620,1674 1621,1674 1621,1675 1622,1675 1622,1688 1638,1688 1638,1689 1639,1689 1639,1690 1641,1690 1641,1691 1643,1691 1643,1692 1644,1692 1644,1693 1645,1693 1645,1697 1644,1697 1644,1698 1643,1698 1643,1699 1641,1699 1641,1713 1640,1713 1640,1716 1639,1716 1639,1717 1638,1717 1638,1718 1637,1718 1637,1719 1634,1719 1634,1720 1632,1720 1632,1719 1631,1719 1631,1716 1509,1716 1509,1717 1508,1717 1508,1721 1507,1721 1507,1725 1506,1725 1506,1727 1505,1727 1505,1729 1503,1729 1503,1730 1466,1730 1466,1729 1464,1729 1464,1715 1390,1715 1390,1714 1387,1714 1387,1713 1386,1713 1386,1712 1385,1712 1385,1711 1384,1711 1384,1710 1383,1710 1383,1709 1382,1709 1382,1702 1383,1702 1383,1700 1384,1700 1384,1698 1385,1698 1385,1696 1386,1696 1386,1695 1387,1695 1387,1694 1389,1694 1389,1693 1390,1693 1390,1692 1392,1692 1392,1691 1393,1691 1393,1690 1396,1690 1396,1689 1407,1689 1407,1688 1604,1688 1604,1677 1605,1677 1605,1675 1606,1675 1606,1673 1608,1673 1608,1672 1610,1672 1610,1671"/>
	<TextEquiv>
	<Unicode>συγγενεῖς</Unicode></TextEquiv></Word>
	<TextEquiv>
	<Unicode>αὐτῷ στρατὸς ἐς πάντα ᾖ πιστός, ἅτε συγγενεῖς</Unicode></TextEquiv></TextLine>
	<TextLine id="r27">
	<Coords points="1397,1735 1495,1735 1495,1736 1496,1736 1496,1737 1497,1737 1497,1756 1616,1756 1616,1757 1619,1757 1619,1758 1641,1758 1641,1774 1645,1774 1645,1777 1644,1777 1644,1778 1643,1778 1643,1780 1642,1780 1642,1782 1641,1782 1641,1783 1640,1783 1640,1784 1638,1784 1638,1785 1513,1785 1513,1788 1512,1788 1512,1793 1511,1793 1511,1795 1510,1795 1510,1797 1509,1797 1509,1799 1506,1799 1506,1785 1085,1785 1085,1786 1083,1786 1083,1785 965,1785 965,1786 964,1786 964,1792 963,1792 963,1796 962,1796 962,1799 899,1799 899,1800 898,1800 898,1801 897,1801 897,1802 895,1802 895,1803 893,1803 893,1804 865,1804 865,1803 864,1803 864,1787 744,1787 744,1788 669,1788 669,1789 634,1789 634,1791 633,1791 633,1793 632,1793 632,1794 631,1794 631,1795 630,1795 630,1796 627,1796 627,1797 625,1797 625,1796 624,1796 624,1790 363,1790 363,1792 362,1792 362,1793 361,1793 361,1794 360,1794 360,1795 355,1795 355,1796 355,1795 354,1795 354,1792 260,1792 260,1791 238,1791 238,1790 235,1790 235,1789 234,1789 234,1788 233,1788 233,1787 232,1787 232,1786 231,1786 231,1785 230,1785 230,1781 229,1781 229,1776 230,1776 230,1773 231,1773 231,1772 232,1772 232,1771 233,1771 233,1769 234,1769 234,1768 236,1768 236,1766 237,1766 237,1748 238,1748 238,1746 251,1746 251,1744 252,1744 252,1743 255,1743 255,1744 256,1744 256,1746 257,1746 257,1763 432,1763 432,1744 433,1744 433,1743 514,1743 514,1742 515,1742 515,1740 516,1740 516,1739 520,1739 520,1740 521,1740 521,1760 739,1760 739,1739 741,1739 741,1738 741,1739 743,1739 743,1741 845,1741 845,1740 846,1740 846,1739 848,1739 848,1738 848,1739 962,1739 962,1740 963,1740 963,1741 964,1741 964,1742 965,1742 965,1743 966,1743 966,1746 967,1746 967,1757 1043,1757 1043,1758 1157,1758 1157,1757 1194,1757 1194,1738 1195,1738 1195,1737 1198,1737 1198,1736 1199,1736 1199,1737 1202,1737 1202,1739 1271,1739 1271,1740 1274,1740 1274,1741 1275,1741 1275,1742 1276,1742 1276,1744 1277,1744 1277,1757 1396,1757 1396,1736 1397,1736"/>
	<Word id="r188">
	<Coords points="255,1743 255,1744 256,1744 256,1746 257,1746 257,1763 359,1763 359,1764 364,1764 364,1765 365,1765 365,1766 367,1766 367,1768 369,1768 369,1773 368,1773 368,1774 364,1774 364,1790 363,1790 363,1792 362,1792 362,1793 361,1793 361,1794 360,1794 360,1795 355,1795 355,1796 355,1795 354,1795 354,1792 260,1792 260,1791 238,1791 238,1790 235,1790 235,1789 234,1789 234,1788 233,1788 233,1787 232,1787 232,1786 231,1786 231,1785 230,1785 230,1781 229,1781 229,1776 230,1776 230,1773 231,1773 231,1772 232,1772 232,1771 233,1771 233,1769 234,1769 234,1768 236,1768 236,1766 237,1766 237,1748 238,1748 238,1746 251,1746 251,1744 252,1744 252,1743"/>
	<TextEquiv>
	<Unicode>ὄντες</Unicode></TextEquiv></Word>
	<Word id="r189">
	<Coords points="520,1739 520,1740 521,1740 521,1760 620,1760 620,1761 621,1761 621,1762 622,1762 622,1780 632,1780 632,1781 633,1781 633,1782 634,1782 634,1783 635,1783 635,1789 634,1789 634,1791 633,1791 633,1793 632,1793 632,1794 631,1794 631,1795 630,1795 630,1796 627,1796 627,1797 625,1797 625,1796 624,1796 624,1790 427,1790 427,1789 424,1789 424,1788 423,1788 423,1787 422,1787 422,1786 421,1786 421,1785 420,1785 420,1781 419,1781 419,1775 420,1775 420,1774 421,1774 421,1771 422,1771 422,1770 423,1770 423,1769 424,1769 424,1768 425,1768 425,1767 426,1767 426,1766 427,1766 427,1765 430,1765 430,1764 432,1764 432,1744 433,1744 433,1743 514,1743 514,1742 515,1742 515,1740 516,1740 516,1739"/>
	<TextEquiv>
	<Unicode>ἐκείνων,</Unicode></TextEquiv></Word>
	<Word id="r190">
	<Coords points="741,1739 743,1739 743,1741 744,1741 744,1742 745,1742 745,1744 746,1744 746,1746 747,1746 747,1748 748,1748 748,1750 749,1750 749,1752 750,1752 750,1755 751,1755 751,1776 755,1776 755,1779 754,1779 754,1781 753,1781 753,1783 751,1783 751,1785 750,1785 750,1786 749,1786 749,1787 744,1787 744,1788 669,1788 669,1789 669,1788 667,1788 667,1786 666,1786 667,1786 667,1784 668,1784 668,1781 669,1781 669,1777 670,1777 670,1773 671,1773 671,1771 672,1771 672,1767 673,1767 673,1765 674,1765 674,1763 675,1763 675,1762 676,1762 676,1761 692,1761 692,1760 739,1760 739,1739 741,1739 741,1738"/>
	<TextEquiv>
	<Unicode>καὶ</Unicode></TextEquiv></Word>
	<Word id="r191">
	<Coords points="848,1739 852,1739 852,1740 854,1740 854,1741 855,1741 855,1744 856,1744 856,1757 901,1757 901,1758 903,1758 903,1795 902,1795 902,1797 901,1797 901,1798 900,1798 900,1799 899,1799 899,1800 898,1800 898,1801 897,1801 897,1802 895,1802 895,1803 893,1803 893,1804 865,1804 865,1803 864,1803 864,1787 812,1787 812,1786 810,1786 810,1785 808,1785 808,1784 807,1784 807,1783 806,1783 806,1781 805,1781 805,1779 804,1779 804,1773 805,1773 805,1770 806,1770 806,1768 807,1768 807,1765 808,1765 808,1764 809,1764 809,1762 810,1762 810,1761 812,1761 812,1760 816,1760 816,1759 845,1759 845,1740 846,1740 846,1739 848,1739 848,1738"/>
	<TextEquiv>
	<Unicode>οὐχ</Unicode></TextEquiv></Word>
	<Word id="r192">
	<Coords points="962,1739 962,1740 963,1740 963,1741 964,1741 964,1742 965,1742 965,1743 966,1743 966,1746 967,1746 967,1757 1043,1757 1043,1758 1106,1758 1106,1759 1107,1759 1107,1767 1106,1767 1106,1769 1105,1769 1105,1771 1104,1771 1104,1773 1103,1773 1103,1774 1102,1774 1102,1775 1101,1775 1101,1776 1100,1776 1100,1777 1099,1777 1099,1778 1098,1778 1098,1779 1097,1779 1097,1780 1096,1780 1096,1781 1093,1781 1093,1782 1092,1782 1092,1783 1089,1783 1089,1784 1088,1784 1088,1785 1085,1785 1085,1786 1083,1786 1083,1785 965,1785 965,1786 964,1786 964,1792 963,1792 963,1796 962,1796 962,1799 958,1799 958,1798 957,1798 957,1785 944,1785 944,1783 943,1783 943,1768 940,1768 940,1767 939,1767 939,1765 940,1765 940,1764 941,1764 941,1762 942,1762 942,1761 944,1761 944,1760 948,1760 948,1743 949,1743 949,1742 950,1742 950,1741 951,1741 951,1740 953,1740 953,1739"/>
	<TextEquiv>
	<Unicode>ἧσσον</Unicode></TextEquiv></Word>
	<Word id="r193">
	<Coords points="1199,1736 1199,1737 1202,1737 1202,1739 1271,1739 1271,1740 1274,1740 1274,1741 1275,1741 1275,1742 1276,1742 1276,1744 1277,1744 1277,1757 1314,1757 1314,1758 1315,1758 1315,1760 1316,1760 1316,1764 1315,1764 1315,1768 1314,1768 1314,1769 1313,1769 1313,1772 1312,1772 1312,1773 1311,1773 1311,1774 1310,1774 1310,1775 1308,1775 1308,1777 1307,1777 1307,1778 1306,1778 1306,1779 1304,1779 1304,1780 1303,1780 1303,1781 1301,1781 1301,1782 1299,1782 1299,1783 1296,1783 1296,1784 1294,1784 1294,1785 1151,1785 1151,1784 1148,1784 1148,1783 1146,1783 1146,1781 1145,1781 1145,1778 1144,1778 1144,1774 1145,1774 1145,1770 1146,1770 1146,1767 1147,1767 1147,1765 1148,1765 1148,1764 1149,1764 1149,1763 1150,1763 1150,1762 1151,1762 1151,1761 1152,1761 1152,1760 1153,1760 1153,1759 1155,1759 1155,1758 1157,1758 1157,1757 1194,1757 1194,1738 1195,1738 1195,1737 1198,1737 1198,1736"/>
	<TextEquiv>
	<Unicode>αὐτῶν</Unicode></TextEquiv></Word>
	<Word id="r194">
	<Coords points="1495,1735 1495,1736 1496,1736 1496,1737 1497,1737 1497,1756 1616,1756 1616,1757 1619,1757 1619,1758 1641,1758 1641,1774 1645,1774 1645,1777 1644,1777 1644,1778 1643,1778 1643,1780 1642,1780 1642,1782 1641,1782 1641,1783 1640,1783 1640,1784 1638,1784 1638,1785 1513,1785 1513,1788 1512,1788 1512,1793 1511,1793 1511,1795 1510,1795 1510,1797 1509,1797 1509,1799 1506,1799 1506,1785 1360,1785 1360,1784 1357,1784 1357,1783 1356,1783 1356,1782 1355,1782 1355,1780 1354,1780 1354,1771 1355,1771 1355,1769 1356,1769 1356,1766 1357,1766 1357,1764 1358,1764 1358,1763 1359,1763 1359,1762 1360,1762 1360,1761 1361,1761 1361,1760 1362,1760 1362,1759 1364,1759 1364,1758 1366,1758 1366,1757 1396,1757 1396,1736 1397,1736 1397,1735"/>
	<TextEquiv>
	<Unicode>αἰτιώμενοι</Unicode></TextEquiv></Word>
	<TextEquiv>
	<Unicode>ὄντες ἐκείνων, καὶ οὐχ ἧσσον αὐτῶν αἰτιώμενοι</Unicode></TextEquiv></TextLine>
	<TextLine id="r57">
	<Coords points="1219,1803 1219,1804 1220,1804 1220,1825 1388,1825 1388,1819 1389,1819 1389,1818 1390,1818 1390,1807 1391,1807 1391,1806 1403,1806 1403,1805 1404,1805 1404,1804 1408,1804 1408,1808 1434,1808 1434,1809 1436,1809 1436,1810 1437,1810 1437,1825 1632,1825 1632,1806 1633,1806 1633,1804 1635,1804 1635,1805 1636,1805 1636,1808 1637,1808 1637,1809 1638,1809 1638,1811 1639,1811 1639,1814 1640,1814 1640,1817 1641,1817 1641,1818 1642,1818 1642,1820 1643,1820 1643,1842 1646,1842 1646,1845 1645,1845 1645,1846 1644,1846 1644,1849 1643,1849 1643,1851 1642,1851 1642,1852 1641,1852 1641,1853 1639,1853 1639,1854 1604,1854 1604,1858 1603,1858 1603,1864 1602,1864 1602,1868 1601,1868 1601,1869 1598,1869 1598,1868 1597,1868 1597,1853 1474,1853 1474,1855 1473,1855 1473,1859 1472,1859 1472,1861 1471,1861 1471,1863 1469,1863 1469,1864 1425,1864 1425,1868 1424,1868 1424,1869 1423,1869 1423,1870 1421,1870 1421,1868 1420,1868 1420,1853 1309,1853 1309,1852 1205,1852 1205,1853 1140,1853 1140,1854 1047,1854 1047,1855 937,1855 937,1856 933,1856 933,1855 815,1855 815,1856 786,1856 786,1857 653,1857 653,1858 620,1858 620,1863 619,1863 619,1871 618,1871 618,1874 614,1874 614,1857 487,1857 487,1858 431,1858 431,1859 391,1859 391,1860 390,1860 390,1863 389,1863 389,1868 388,1868 388,1873 387,1873 387,1875 373,1875 373,1876 344,1876 344,1875 343,1875 343,1860 241,1860 241,1859 240,1859 240,1858 239,1858 239,1844 232,1844 232,1843 231,1843 231,1842 230,1842 230,1838 231,1838 231,1835 232,1835 232,1834 234,1834 234,1833 272,1833 272,1812 273,1812 273,1811 275,1811 275,1810 276,1810 276,1811 279,1811 279,1812 280,1812 280,1813 281,1813 281,1817 282,1817 282,1819 283,1819 283,1822 284,1822 284,1824 285,1824 285,1827 286,1827 286,1830 428,1830 428,1824 429,1824 429,1820 430,1820 430,1816 431,1816 431,1815 432,1815 432,1814 433,1814 433,1812 434,1812 434,1810 436,1810 436,1809 439,1809 439,1831 469,1831 469,1832 470,1832 470,1833 574,1833 574,1832 576,1832 576,1831 581,1831 581,1830 592,1830 592,1829 621,1829 621,1828 622,1828 622,1815 623,1815 623,1814 624,1814 624,1813 629,1813 629,1812 629,1813 630,1813 630,1814 734,1814 734,1812 735,1812 735,1811 736,1811 736,1809 737,1809 737,1808 738,1808 738,1807 743,1807 743,1828 894,1828 894,1808 895,1808 895,1807 896,1807 896,1806 898,1806 898,1805 903,1805 903,1806 932,1806 932,1808 933,1808 933,1811 934,1811 934,1813 935,1813 935,1816 936,1816 936,1817 937,1817 937,1820 938,1820 938,1821 939,1821 939,1826 1079,1826 1079,1807 1080,1807 1080,1806 1081,1806 1081,1805 1082,1805 1082,1804 1088,1804 1088,1805 1090,1805 1090,1806 1091,1806 1091,1807 1092,1807 1092,1808 1094,1808 1094,1809 1096,1809 1096,1810 1097,1810 1097,1812 1098,1812 1098,1814 1099,1814 1099,1815 1100,1815 1100,1826 1207,1826 1207,1816 1208,1816 1208,1815 1209,1815 1209,1813 1210,1813 1210,1811 1211,1811 1211,1809 1212,1809 1212,1808 1213,1808 1213,1806 1214,1806 1214,1805 1216,1805 1216,1803"/>
	<Word id="r261">
	<Coords points="276,1810 276,1811 279,1811 279,1812 280,1812 280,1813 281,1813 281,1817 282,1817 282,1819 283,1819 283,1822 284,1822 284,1824 285,1824 285,1827 286,1827 286,1832 290,1832 290,1834 291,1834 291,1855 292,1855 291,1855 291,1856 290,1856 290,1857 289,1857 289,1858 287,1858 287,1859 243,1859 243,1860 241,1860 241,1859 240,1859 240,1858 239,1858 239,1844 232,1844 232,1843 231,1843 231,1842 230,1842 230,1838 231,1838 231,1835 232,1835 232,1834 234,1834 234,1833 272,1833 272,1812 273,1812 273,1811 275,1811 275,1810"/>
	<TextEquiv>
	<Unicode>τὰ</Unicode></TextEquiv></Word>
	<Word id="r262">
	<Coords points="436,1809 439,1809 439,1831 469,1831 469,1832 470,1832 470,1847 473,1847 473,1848 486,1848 486,1849 488,1849 488,1850 489,1850 489,1852 490,1852 490,1855 489,1855 489,1857 487,1857 487,1858 431,1858 431,1859 391,1859 391,1860 390,1860 390,1863 389,1863 389,1868 388,1868 388,1873 387,1873 387,1875 373,1875 373,1876 344,1876 344,1875 343,1875 343,1838 344,1838 344,1837 345,1837 345,1834 346,1834 346,1833 347,1833 347,1832 348,1832 348,1831 378,1831 378,1830 428,1830 428,1824 429,1824 429,1820 430,1820 430,1816 431,1816 431,1815 432,1815 432,1814 433,1814 433,1812 434,1812 434,1810 436,1810"/>
	<TextEquiv>
	<Unicode>χρέα.</Unicode></TextEquiv></Word>
	<Word id="r264">
	<Coords points="743,1807 743,1828 819,1828 819,1829 835,1829 835,1844 839,1844 839,1849 838,1849 838,1850 837,1850 837,1851 836,1851 836,1852 835,1852 835,1853 834,1853 834,1854 833,1854 833,1855 815,1855 815,1856 786,1856 786,1857 653,1857 653,1858 620,1858 620,1863 619,1863 619,1871 618,1871 618,1874 614,1874 614,1857 570,1857 570,1856 568,1856 568,1855 567,1855 567,1854 566,1854 566,1852 565,1852 565,1850 564,1850 564,1843 565,1843 565,1842 566,1842 566,1840 567,1840 567,1838 568,1838 568,1837 569,1837 569,1836 570,1836 570,1834 571,1834 571,1833 574,1833 574,1832 576,1832 576,1831 581,1831 581,1830 592,1830 592,1829 621,1829 621,1828 622,1828 622,1815 623,1815 623,1814 624,1814 624,1813 629,1813 629,1812 629,1813 630,1813 630,1814 734,1814 734,1812 735,1812 735,1811 736,1811 736,1809 737,1809 737,1808 738,1808 738,1807"/>
	<TextEquiv>
	<Unicode>σφαλέντα</Unicode></TextEquiv></Word>
	<Word id="r265">
	<Coords points="903,1805 903,1806 932,1806 932,1808 933,1808 933,1811 934,1811 934,1813 935,1813 935,1816 936,1816 936,1817 937,1817 937,1820 938,1820 938,1821 939,1821 939,1828 941,1828 941,1829 942,1829 942,1831 943,1831 943,1832 942,1832 942,1834 940,1834 940,1853 939,1853 939,1854 938,1854 938,1855 937,1855 937,1856 933,1856 933,1855 928,1855 928,1854 896,1854 896,1853 893,1853 893,1852 892,1852 892,1851 891,1851 891,1850 890,1850 890,1848 889,1848 889,1845 888,1845 888,1842 889,1842 889,1837 890,1837 890,1836 891,1836 891,1834 892,1834 892,1833 893,1833 893,1832 894,1832 894,1808 895,1808 895,1807 896,1807 896,1806 898,1806 898,1805"/>
	<TextEquiv>
	<Unicode>δὲ</Unicode></TextEquiv></Word>
	<Word id="r266">
	<Coords points="1216,1803 1219,1803 1219,1804 1220,1804 1220,1825 1298,1825 1298,1826 1331,1826 1331,1827 1333,1827 1333,1834 1332,1834 1332,1836 1331,1836 1331,1838 1330,1838 1330,1839 1329,1839 1329,1841 1328,1841 1328,1842 1327,1842 1327,1844 1326,1844 1326,1845 1325,1845 1325,1846 1324,1846 1324,1847 1322,1847 1322,1848 1321,1848 1321,1849 1319,1849 1319,1850 1318,1850 1318,1851 1316,1851 1316,1852 1314,1852 1314,1853 1309,1853 1309,1852 1205,1852 1205,1853 1140,1853 1140,1854 1047,1854 1047,1855 992,1855 992,1854 991,1854 991,1850 992,1850 992,1847 993,1847 993,1845 994,1845 994,1841 995,1841 995,1838 996,1838 996,1835 997,1835 997,1832 998,1832 998,1829 1000,1829 1000,1828 1002,1828 1002,1827 1034,1827 1034,1826 1079,1826 1079,1807 1080,1807 1080,1806 1081,1806 1081,1805 1082,1805 1082,1804 1088,1804 1088,1805 1090,1805 1090,1806 1091,1806 1091,1807 1092,1807 1092,1808 1094,1808 1094,1809 1096,1809 1096,1810 1097,1810 1097,1812 1098,1812 1098,1814 1099,1814 1099,1815 1100,1815 1100,1826 1207,1826 1207,1816 1208,1816 1208,1815 1209,1815 1209,1813 1210,1813 1210,1811 1211,1811 1211,1809 1212,1809 1212,1808 1213,1808 1213,1806 1214,1806 1214,1805 1216,1805"/>
	<TextEquiv>
	<Unicode>κινδυνεύσειν</Unicode></TextEquiv></Word>
	<Word id="r269">
	<Coords points="1408,1804 1408,1808 1434,1808 1434,1809 1436,1809 1436,1810 1437,1810 1437,1825 1475,1825 1475,1826 1477,1826 1477,1827 1478,1827 1478,1829 1479,1829 1479,1838 1478,1838 1478,1840 1477,1840 1477,1842 1476,1842 1476,1847 1475,1847 1475,1850 1474,1850 1474,1855 1473,1855 1473,1859 1472,1859 1472,1861 1471,1861 1471,1863 1469,1863 1469,1864 1425,1864 1425,1868 1424,1868 1424,1869 1423,1869 1423,1870 1421,1870 1421,1868 1420,1868 1420,1853 1391,1853 1391,1852 1389,1852 1389,1851 1388,1851 1388,1850 1387,1850 1387,1849 1385,1849 1385,1847 1384,1847 1384,1844 1383,1844 1383,1838 1384,1838 1384,1836 1385,1836 1385,1834 1386,1834 1386,1833 1388,1833 1388,1819 1389,1819 1389,1818 1390,1818 1390,1807 1391,1807 1391,1806 1403,1806 1403,1805 1404,1805 1404,1804"/>
	<TextEquiv>
	<Unicode>ἔφη</Unicode></TextEquiv></Word>
	<Word id="r270">
	<Coords points="1635,1804 1635,1805 1636,1805 1636,1808 1637,1808 1637,1809 1638,1809 1638,1811 1639,1811 1639,1814 1640,1814 1640,1817 1641,1817 1641,1818 1642,1818 1642,1820 1643,1820 1643,1842 1646,1842 1646,1845 1645,1845 1645,1846 1644,1846 1644,1849 1643,1849 1643,1851 1642,1851 1642,1852 1641,1852 1641,1853 1639,1853 1639,1854 1604,1854 1604,1858 1603,1858 1603,1864 1602,1864 1602,1868 1601,1868 1601,1869 1598,1869 1598,1868 1597,1868 1597,1853 1537,1853 1537,1852 1536,1852 1536,1838 1530,1838 1530,1836 1529,1836 1529,1831 1530,1831 1530,1829 1531,1829 1531,1827 1533,1827 1533,1826 1554,1826 1554,1825 1632,1825 1632,1806 1633,1806 1633,1804"/>
	<TextEquiv>
	<Unicode>περὶ</Unicode></TextEquiv></Word>
	<TextEquiv>
	<Unicode>τὰ χρέα. σφαλέντα δὲ κινδυνεύσειν ἔφη περὶ</Unicode></TextEquiv></TextLine>
	<TextLine id="r60">
	<Coords points="1256,1872 1257,1872 1257,1894 1478,1894 1478,1874 1479,1874 1479,1873 1484,1873 1484,1874 1486,1874 1486,1876 1488,1876 1488,1893 1621,1893 1621,1894 1623,1894 1623,1896 1624,1896 1624,1897 1625,1897 1625,1904 1641,1904 1641,1905 1644,1905 1644,1906 1645,1906 1645,1908 1644,1908 1644,1909 1622,1909 1622,1919 1621,1919 1621,1920 1619,1920 1619,1921 1599,1921 1599,1932 1598,1932 1598,1934 1597,1934 1597,1935 1595,1935 1595,1937 1593,1937 1593,1938 1564,1938 1564,1939 1562,1939 1562,1938 1561,1938 1561,1922 1412,1922 1412,1923 1411,1923 1411,1925 1410,1925 1410,1926 1409,1926 1409,1927 1408,1927 1408,1928 1407,1928 1407,1929 1406,1929 1406,1930 1403,1930 1403,1931 1401,1931 1401,1930 1400,1930 1400,1922 1251,1922 1251,1926 1250,1926 1250,1929 1249,1929 1249,1933 1248,1933 1248,1934 1247,1934 1247,1935 1244,1935 1244,1934 1243,1934 1243,1922 1130,1922 1130,1924 1129,1924 1129,1929 1128,1929 1128,1932 1127,1932 1127,1935 1126,1935 1126,1938 1124,1938 1124,1923 953,1923 953,1925 952,1925 952,1927 951,1927 951,1929 950,1929 950,1930 948,1930 948,1931 946,1931 946,1932 944,1932 944,1933 901,1933 901,1934 900,1934 900,1935 899,1935 899,1936 898,1936 898,1935 896,1935 896,1925 727,1925 727,1926 713,1926 713,1930 712,1930 712,1935 711,1935 711,1938 710,1938 710,1939 709,1939 709,1940 706,1940 706,1939 705,1939 705,1927 377,1927 377,1928 338,1928 338,1930 337,1930 337,1934 336,1934 336,1935 335,1935 335,1937 334,1937 334,1938 333,1938 333,1939 331,1939 331,1940 329,1940 329,1941 232,1941 232,1943 229,1943 229,1942 228,1942 228,1938 229,1938 229,1936 230,1936 230,1932 231,1932 231,1928 232,1928 232,1925 233,1925 233,1922 234,1922 234,1921 235,1921 235,1912 236,1912 236,1909 237,1909 237,1906 238,1906 238,1903 239,1903 239,1902 277,1902 277,1901 281,1901 281,1900 321,1900 321,1888 322,1888 322,1886 323,1886 323,1884 324,1884 324,1883 325,1883 325,1882 327,1882 327,1881 360,1881 360,1879 362,1879 362,1878 364,1878 364,1879 365,1879 365,1899 553,1899 553,1898 599,1898 599,1878 600,1878 600,1877 601,1877 601,1876 700,1876 700,1875 701,1875 701,1876 703,1876 703,1877 704,1877 704,1880 705,1880 705,1882 706,1882 706,1883 707,1883 707,1887 708,1887 708,1889 709,1889 709,1892 710,1892 710,1897 832,1897 832,1889 833,1889 833,1885 834,1885 834,1883 836,1883 836,1878 837,1878 837,1876 838,1876 838,1875 839,1875 839,1874 840,1874 840,1873 842,1873 842,1874 843,1874 843,1875 844,1875 844,1896 1032,1896 1032,1877 1033,1877 1033,1875 1034,1875 1034,1874 1039,1874 1039,1875 1040,1875 1040,1876 1041,1876 1041,1877 1042,1877 1042,1879 1043,1879 1043,1895 1181,1895 1181,1894 1245,1894 1245,1888 1246,1888 1246,1885 1247,1885 1247,1884 1248,1884 1248,1881 1249,1881 1249,1880 1250,1880 1250,1877 1251,1877 1251,1875 1252,1875 1252,1874 1253,1874 1253,1873 1254,1873 1254,1872 1256,1872 1256,1871"/>
	<Word id="r271">
	<Coords points="362,1878 364,1878 364,1879 365,1879 365,1899 466,1899 466,1900 479,1900 479,1901 480,1901 480,1902 481,1902 481,1903 482,1903 482,1906 481,1906 481,1908 480,1908 480,1909 466,1909 466,1911 465,1911 465,1914 463,1914 463,1916 462,1916 462,1917 461,1917 461,1918 460,1918 460,1919 459,1919 459,1920 458,1920 458,1921 457,1921 457,1922 456,1922 456,1923 453,1923 453,1924 452,1924 452,1925 450,1925 450,1926 448,1926 448,1927 377,1927 377,1928 338,1928 338,1930 337,1930 337,1934 336,1934 336,1935 335,1935 335,1937 334,1937 334,1938 333,1938 333,1939 331,1939 331,1940 329,1940 329,1941 232,1941 232,1943 229,1943 229,1942 228,1942 228,1938 229,1938 229,1936 230,1936 230,1932 231,1932 231,1928 232,1928 232,1925 233,1925 233,1922 234,1922 234,1921 235,1921 235,1912 236,1912 236,1909 237,1909 237,1906 238,1906 238,1903 239,1903 239,1902 277,1902 277,1901 281,1901 281,1900 321,1900 321,1888 322,1888 322,1886 323,1886 323,1884 324,1884 324,1883 325,1883 325,1882 327,1882 327,1881 360,1881 360,1879 362,1879"/>
	<TextEquiv>
	<Unicode>μειζόνων·</Unicode></TextEquiv></Word>
	<Word id="r273">
	<Coords points="603,1876 603,1877 605,1877 605,1878 606,1878 606,1880 607,1880 607,1883 608,1883 608,1884 609,1884 609,1886 610,1886 610,1889 611,1889 611,1891 612,1891 612,1893 613,1893 613,1914 616,1914 616,1915 617,1915 617,1917 616,1917 616,1918 615,1918 615,1921 614,1921 614,1922 613,1922 613,1923 612,1923 612,1924 611,1924 611,1925 610,1925 610,1926 607,1926 607,1927 531,1927 531,1926 529,1926 529,1925 528,1925 528,1923 529,1923 529,1920 530,1920 530,1918 531,1918 531,1914 532,1914 532,1910 533,1910 533,1908 534,1908 534,1904 535,1904 535,1901 536,1901 536,1900 538,1900 538,1899 553,1899 553,1898 599,1898 599,1878 600,1878 600,1877 601,1877 601,1876"/>
	<TextEquiv>
	<Unicode>καὶ</Unicode></TextEquiv></Word>
	<Word id="r274">
	<Coords points="701,1875 701,1876 703,1876 703,1877 704,1877 704,1880 705,1880 705,1882 706,1882 706,1883 707,1883 707,1887 708,1887 708,1889 709,1889 709,1892 710,1892 710,1897 748,1897 748,1898 749,1898 749,1905 748,1905 748,1908 747,1908 747,1911 746,1911 746,1913 744,1913 744,1914 743,1914 743,1916 742,1916 742,1917 741,1917 741,1918 740,1918 740,1919 738,1919 738,1920 737,1920 737,1921 735,1921 735,1922 734,1922 734,1923 732,1923 732,1924 730,1924 730,1925 727,1925 727,1926 713,1926 713,1930 712,1930 712,1935 711,1935 711,1938 710,1938 710,1939 709,1939 709,1940 706,1940 706,1939 705,1939 705,1926 667,1926 667,1925 665,1925 665,1911 657,1911 657,1910 656,1910 656,1905 655,1905 655,1904 656,1904 656,1902 657,1902 657,1901 658,1901 658,1900 659,1900 659,1899 660,1899 660,1898 697,1898 697,1878 698,1878 698,1876 700,1876 700,1875"/>
	<TextEquiv>
	<Unicode>τὴν</Unicode></TextEquiv></Word>
	<Word id="r275">
	<Coords points="842,1873 842,1874 843,1874 843,1875 844,1875 844,1896 938,1896 938,1897 939,1897 939,1915 949,1915 949,1916 951,1916 951,1917 952,1917 952,1918 953,1918 953,1925 952,1925 952,1927 951,1927 951,1929 950,1929 950,1930 948,1930 948,1931 946,1931 946,1932 944,1932 944,1933 901,1933 901,1934 900,1934 900,1935 899,1935 899,1936 898,1936 898,1935 896,1935 896,1925 798,1925 798,1924 797,1924 797,1901 796,1901 796,1899 797,1899 797,1898 805,1898 805,1897 832,1897 832,1889 833,1889 833,1885 834,1885 834,1883 836,1883 836,1878 837,1878 837,1876 838,1876 838,1875 839,1875 839,1874 840,1874 840,1873"/>
	<TextEquiv>
	<Unicode>νίκην,</Unicode></TextEquiv></Word>
	<Word id="r276">
	<Coords points="1039,1874 1039,1875 1040,1875 1040,1876 1041,1876 1041,1877 1042,1877 1042,1879 1043,1879 1043,1883 1042,1883 1042,1885 1041,1885 1041,1915 1040,1915 1040,1916 1039,1916 1039,1918 1038,1918 1038,1919 1036,1919 1036,1921 1035,1921 1035,1922 1033,1922 1033,1923 1010,1923 1010,1922 1006,1922 1006,1921 1004,1921 1004,1920 1003,1920 1003,1919 1002,1919 1002,1917 1001,1917 1001,1915 1000,1915 1000,1907 1001,1907 1001,1904 1002,1904 1002,1903 1003,1903 1003,1902 1004,1902 1004,1901 1005,1901 1005,1900 1006,1900 1006,1899 1007,1899 1007,1898 1009,1898 1009,1897 1010,1897 1010,1896 1032,1896 1032,1877 1033,1877 1033,1875 1034,1875 1034,1874"/>
	<TextEquiv>
	<Unicode>εἰ</Unicode></TextEquiv></Word>
	<Word id="r277">
	<Coords points="1256,1872 1257,1872 1257,1894 1395,1894 1395,1895 1397,1895 1397,1896 1398,1896 1398,1913 1408,1913 1408,1914 1409,1914 1409,1915 1410,1915 1410,1916 1411,1916 1411,1917 1412,1917 1412,1923 1411,1923 1411,1925 1410,1925 1410,1926 1409,1926 1409,1927 1408,1927 1408,1928 1407,1928 1407,1929 1406,1929 1406,1930 1403,1930 1403,1931 1401,1931 1401,1930 1400,1930 1400,1922 1251,1922 1251,1926 1250,1926 1250,1929 1249,1929 1249,1933 1248,1933 1248,1934 1247,1934 1247,1935 1244,1935 1244,1934 1243,1934 1243,1922 1130,1922 1130,1924 1129,1924 1129,1929 1128,1929 1128,1932 1127,1932 1127,1935 1126,1935 1126,1938 1124,1938 1124,1922 1091,1922 1091,1921 1090,1921 1090,1919 1091,1919 1091,1915 1092,1915 1092,1913 1093,1913 1093,1910 1094,1910 1094,1907 1095,1907 1095,1906 1096,1906 1096,1904 1097,1904 1097,1900 1098,1900 1098,1898 1099,1898 1099,1897 1100,1897 1100,1896 1115,1896 1115,1895 1181,1895 1181,1894 1245,1894 1245,1888 1246,1888 1246,1885 1247,1885 1247,1884 1248,1884 1248,1881 1249,1881 1249,1880 1250,1880 1250,1877 1251,1877 1251,1875 1252,1875 1252,1874 1253,1874 1253,1873 1254,1873 1254,1872 1256,1872 1256,1871"/>
	<TextEquiv>
	<Unicode>κρατήσειεν,</Unicode></TextEquiv></Word>
	<Word id="r278">
	<Coords points="1484,1873 1484,1874 1486,1874 1486,1876 1488,1876 1488,1893 1621,1893 1621,1894 1623,1894 1623,1896 1624,1896 1624,1897 1625,1897 1625,1904 1641,1904 1641,1905 1644,1905 1644,1906 1645,1906 1645,1908 1644,1908 1644,1909 1622,1909 1622,1919 1621,1919 1621,1920 1619,1920 1619,1921 1599,1921 1599,1932 1598,1932 1598,1934 1597,1934 1597,1935 1595,1935 1595,1937 1593,1937 1593,1938 1564,1938 1564,1939 1562,1939 1562,1938 1561,1938 1561,1922 1509,1922 1509,1921 1508,1921 1508,1920 1466,1920 1466,1919 1465,1919 1465,1918 1464,1918 1464,1917 1463,1917 1463,1915 1462,1915 1462,1910 1463,1910 1463,1908 1464,1908 1464,1906 1465,1906 1465,1903 1466,1903 1466,1902 1467,1902 1467,1901 1468,1901 1468,1900 1469,1900 1469,1899 1470,1899 1470,1898 1471,1898 1471,1897 1472,1897 1472,1896 1474,1896 1474,1895 1478,1895 1478,1874 1479,1874 1479,1873"/>
	<TextEquiv>
	<Unicode>ἀτυχε-</Unicode></TextEquiv></Word>
	<TextEquiv>
	<Unicode>μειζόνων· καὶ τὴν νίκην, εἰ κρατήσειεν, ἀτυχε-</Unicode></TextEquiv></TextLine>
	<TextLine id="r32">
	<Coords points="1588,1940 1592,1940 1592,1941 1594,1941 1594,1942 1595,1942 1595,1944 1597,1944 1597,1945 1599,1945 1599,1946 1601,1946 1601,1947 1602,1947 1602,1950 1603,1950 1603,1952 1604,1952 1604,1963 1628,1963 1628,1964 1629,1964 1629,1965 1630,1965 1630,1980 1640,1980 1640,1981 1642,1981 1642,1982 1643,1982 1643,1984 1644,1984 1644,1986 1643,1986 1643,1988 1642,1988 1642,1989 1623,1989 1623,1990 1552,1990 1552,1991 1551,1991 1551,1990 1043,1990 1043,1991 1027,1991 1027,1992 884,1992 884,1993 782,1993 782,1995 781,1995 781,2000 780,2000 780,2003 779,2003 779,2005 778,2005 778,2006 769,2006 769,2008 768,2008 768,2009 767,2009 767,2010 765,2010 765,2011 762,2011 762,2010 761,2010 761,2009 760,2009 760,1994 643,1994 643,1995 410,1995 410,1996 393,1996 393,2000 392,2000 392,2003 391,2003 391,2007 390,2007 390,2008 388,2008 388,2009 388,2008 386,2008 386,1997 239,1997 239,1996 236,1996 236,1995 234,1995 234,1994 233,1994 233,1993 232,1993 232,1991 231,1991 231,1981 232,1981 232,1979 233,1979 233,1978 234,1978 234,1977 235,1977 235,1976 236,1976 236,1975 237,1975 237,1974 238,1974 238,1973 239,1973 239,1972 242,1972 242,1971 248,1971 248,1970 320,1970 320,1961 321,1961 321,1959 322,1959 322,1958 323,1958 323,1957 324,1957 324,1955 325,1955 325,1954 326,1954 326,1951 327,1951 327,1950 328,1950 328,1949 329,1949 329,1948 331,1948 331,1949 332,1949 332,1968 478,1968 478,1961 479,1961 479,1950 480,1950 480,1949 481,1949 481,1948 494,1948 494,1947 495,1947 495,1946 497,1946 497,1947 498,1947 498,1967 606,1967 606,1963 607,1963 607,1960 608,1960 608,1959 609,1959 609,1957 610,1957 610,1955 611,1955 611,1954 612,1954 612,1952 613,1952 613,1950 616,1950 616,1948 618,1948 618,1947 620,1947 620,1946 627,1946 627,1947 629,1947 629,1948 630,1948 630,1950 631,1950 631,1956 632,1956 632,1966 766,1966 766,1955 767,1955 767,1954 768,1954 768,1952 769,1952 769,1951 771,1951 771,1950 772,1950 772,1949 779,1949 779,1950 781,1950 781,1951 783,1951 783,1952 885,1952 885,1950 886,1950 886,1947 887,1947 887,1945 888,1945 888,1943 889,1943 889,1942 890,1942 890,1941 893,1941 893,1951 908,1951 908,1952 910,1952 910,1953 911,1953 911,1954 913,1954 913,1956 914,1956 914,1958 915,1958 915,1959 916,1959 916,1960 917,1960 917,1963 918,1963 918,1964 1099,1964 1099,1963 1124,1963 1124,1944 1125,1944 1125,1942 1209,1942 1209,1941 1212,1941 1212,1942 1215,1942 1215,1944 1296,1944 1296,1945 1297,1945 1297,1963 1451,1963 1451,1962 1518,1962 1518,1952 1519,1952 1519,1949 1520,1949 1520,1947 1521,1947 1521,1946 1522,1946 1522,1945 1525,1945 1525,1944 1584,1944 1584,1942 1586,1942 1586,1941 1588,1941"/>
	<Word id="r196">
	<Coords points="331,1948 331,1949 332,1949 332,1968 393,1968 393,1969 427,1969 427,1970 428,1970 428,1971 429,1971 429,1972 430,1972 430,1976 429,1976 429,1979 428,1979 428,1982 427,1982 427,1983 426,1983 426,1984 425,1984 425,1985 424,1985 424,1986 423,1986 423,1987 422,1987 422,1988 421,1988 421,1989 420,1989 420,1990 419,1990 419,1991 418,1991 418,1992 416,1992 416,1993 413,1993 413,1994 412,1994 412,1995 410,1995 410,1996 393,1996 393,2000 392,2000 392,2003 391,2003 391,2007 390,2007 390,2008 388,2008 388,2009 388,2008 386,2008 386,1997 239,1997 239,1996 236,1996 236,1995 234,1995 234,1994 233,1994 233,1993 232,1993 232,1991 231,1991 231,1981 232,1981 232,1979 233,1979 233,1978 234,1978 234,1977 235,1977 235,1976 236,1976 236,1975 237,1975 237,1974 238,1974 238,1973 239,1973 239,1972 242,1972 242,1971 248,1971 248,1970 320,1970 320,1961 321,1961 321,1959 322,1959 322,1958 323,1958 323,1957 324,1957 324,1955 325,1955 325,1954 326,1954 326,1951 327,1951 327,1950 328,1950 328,1949 329,1949 329,1948"/>
	<TextEquiv>
	<Unicode>στάτην</Unicode></TextEquiv></Word>
	<Word id="r197">
	<Coords points="497,1946 497,1947 498,1947 498,1967 606,1967 606,1963 607,1963 607,1960 608,1960 608,1959 609,1959 609,1957 610,1957 610,1955 611,1955 611,1954 612,1954 612,1952 613,1952 613,1950 616,1950 616,1948 618,1948 618,1947 620,1947 620,1946 627,1946 627,1947 629,1947 629,1948 630,1948 630,1950 631,1950 631,1956 632,1956 632,1966 683,1966 683,1967 685,1967 685,1983 686,1983 686,1984 688,1984 688,1985 687,1985 687,1988 686,1988 686,1989 685,1989 685,1990 684,1990 684,1991 683,1991 683,1992 682,1992 682,1993 680,1993 680,1994 643,1994 643,1995 482,1995 482,1994 478,1994 478,1993 477,1993 477,1992 476,1992 476,1991 475,1991 475,1989 474,1989 474,1987 473,1987 473,1982 474,1982 474,1980 475,1980 475,1977 476,1977 476,1976 477,1976 477,1974 478,1974 478,1961 479,1961 479,1950 480,1950 480,1949 481,1949 481,1948 494,1948 494,1947 495,1947 495,1946"/>
	<TextEquiv>
	<Unicode>ἔσεσθαι</Unicode></TextEquiv></Word>
	<Word id="r198">
	<Coords points="779,1949 779,1950 781,1950 781,1951 783,1951 783,1952 784,1952 784,1954 785,1954 785,1971 786,1971 786,1972 787,1972 787,1979 786,1979 786,1982 785,1982 785,1985 784,1985 784,1988 783,1988 783,1993 782,1993 782,1995 781,1995 781,2000 780,2000 780,2003 779,2003 779,2005 778,2005 778,2006 769,2006 769,2008 768,2008 768,2009 767,2009 767,2010 765,2010 765,2011 762,2011 762,2010 761,2010 761,2009 760,2009 760,1994 735,1994 735,1993 734,1993 734,1978 725,1978 725,1974 724,1974 724,1973 725,1973 725,1970 726,1970 726,1969 727,1969 727,1968 728,1968 728,1967 747,1967 747,1966 766,1966 766,1955 767,1955 767,1954 768,1954 768,1952 769,1952 769,1951 771,1951 771,1950 772,1950 772,1949"/>
	<TextEquiv>
	<Unicode>τῇ</Unicode></TextEquiv></Word>
	<Word id="r199">
	<Coords points="893,1941 893,1951 908,1951 908,1952 910,1952 910,1953 911,1953 911,1954 913,1954 913,1956 914,1956 914,1958 915,1958 915,1959 916,1959 916,1960 917,1960 917,1963 918,1963 918,1964 975,1964 975,1965 977,1965 977,1981 980,1981 980,1983 981,1983 980,1983 980,1984 979,1984 979,1986 978,1986 978,1987 977,1987 977,1988 976,1988 976,1989 975,1989 975,1990 974,1990 974,1991 971,1991 971,1992 884,1992 884,1993 833,1993 833,1979 827,1979 827,1978 826,1978 826,1975 825,1975 825,1974 826,1974 826,1971 827,1971 827,1969 828,1969 828,1968 829,1968 829,1967 855,1967 855,1966 883,1966 883,1957 884,1957 884,1953 885,1953 885,1950 886,1950 886,1947 887,1947 887,1945 888,1945 888,1943 889,1943 889,1942 890,1942 890,1941"/>
	<TextEquiv>
	<Unicode>πόλει</Unicode></TextEquiv></Word>
	<Word id="r287">
	<Coords points="1125,1942 1131,1942 1131,1943 1133,1943 1133,1944 1134,1944 1134,1949 1135,1949 1135,1982 1136,1982 1136,1985 1137,1985 1137,1988 1138,1988 1138,1990 1043,1990 1043,1991 1027,1991 1027,1992 1012,1992 1012,1964 1099,1964 1099,1963 1124,1963 1124,1944 1125,1944"/>
	<TextEquiv>
	<Unicode>κατ᾽</Unicode></TextEquiv></Word>
	<Word id="r201">
	<Coords points="1212,1941 1212,1942 1215,1942 1215,1944 1296,1944 1296,1945 1297,1945 1297,1963 1369,1963 1369,1965 1370,1965 1370,1971 1369,1971 1369,1974 1368,1974 1368,1976 1367,1976 1367,1978 1366,1978 1366,1979 1365,1979 1365,1980 1363,1980 1363,1981 1361,1981 1361,1982 1360,1982 1360,1983 1359,1983 1359,1985 1358,1985 1358,1986 1356,1986 1356,1987 1354,1987 1354,1988 1352,1988 1352,1989 1349,1989 1349,1990 1180,1990 1180,1989 1178,1989 1178,1988 1176,1988 1176,1987 1175,1987 1175,1986 1174,1986 1174,1973 1175,1973 1175,1972 1176,1972 1176,1970 1177,1970 1177,1969 1178,1969 1178,1968 1179,1968 1179,1967 1180,1967 1180,1966 1181,1966 1181,1965 1182,1965 1182,1964 1189,1964 1189,1963 1207,1963 1207,1943 1208,1943 1208,1942 1209,1942 1209,1941"/>
	<TextEquiv>
	<Unicode>οἰκείων</Unicode></TextEquiv></Word>
	<Word id="r202">
	<Coords points="1592,1940 1592,1941 1594,1941 1594,1942 1595,1942 1595,1944 1597,1944 1597,1945 1599,1945 1599,1946 1601,1946 1601,1947 1602,1947 1602,1950 1603,1950 1603,1952 1604,1952 1604,1963 1628,1963 1628,1964 1629,1964 1629,1965 1630,1965 1630,1980 1640,1980 1640,1981 1642,1981 1642,1982 1643,1982 1643,1984 1644,1984 1644,1986 1643,1986 1643,1988 1642,1988 1642,1989 1623,1989 1623,1990 1552,1990 1552,1991 1551,1991 1551,1990 1446,1990 1446,1989 1415,1989 1415,1988 1414,1988 1414,1972 1407,1972 1407,1971 1406,1971 1406,1966 1407,1966 1407,1965 1408,1965 1408,1964 1409,1964 1409,1963 1451,1963 1451,1962 1518,1962 1518,1952 1519,1952 1519,1949 1520,1949 1520,1947 1521,1947 1521,1946 1522,1946 1522,1945 1525,1945 1525,1944 1584,1944 1584,1942 1586,1942 1586,1941 1588,1941 1588,1940"/>
	<TextEquiv>
	<Unicode>τοσῶνδε.</Unicode></TextEquiv></Word>
	<TextEquiv>
	<Unicode>στάτην ἔσεσθαι τῇ πόλει κατ᾽ οἰκείων τοσῶνδε.</Unicode></TextEquiv></TextLine>
	<TextLine id="r33">
	<Coords points="1081,2010 1081,2011 1083,2011 1083,2014 1084,2014 1084,2015 1085,2015 1085,2018 1086,2018 1086,2021 1087,2021 1087,2024 1088,2024 1088,2025 1089,2025 1089,2028 1090,2028 1090,2032 1231,2032 1231,2010 1235,2010 1235,2013 1236,2013 1236,2014 1237,2014 1237,2017 1239,2017 1239,2020 1240,2020 1240,2021 1241,2021 1241,2024 1242,2024 1242,2031 1378,2031 1378,2018 1379,2018 1379,2016 1380,2016 1380,2015 1381,2015 1381,2014 1382,2014 1382,2013 1385,2013 1385,2012 1389,2012 1389,2013 1393,2013 1393,2014 1395,2014 1395,2016 1396,2016 1396,2018 1397,2018 1397,2031 1516,2031 1516,2030 1592,2030 1592,2020 1593,2020 1593,2017 1594,2017 1594,2016 1595,2016 1595,2015 1596,2015 1596,2014 1598,2014 1598,2013 1602,2013 1602,2012 1604,2012 1604,2013 1605,2013 1605,2014 1607,2014 1607,2016 1609,2016 1609,2017 1610,2017 1610,2018 1611,2018 1611,2032 1646,2032 1646,2033 1647,2033 1647,2036 1648,2036 1648,2039 1647,2039 1647,2042 1646,2042 1646,2044 1645,2044 1645,2045 1644,2045 1644,2047 1643,2047 1643,2048 1642,2048 1642,2049 1641,2049 1641,2050 1640,2050 1640,2051 1639,2051 1639,2052 1638,2052 1638,2053 1636,2053 1636,2055 1634,2055 1634,2056 1631,2056 1631,2057 1629,2057 1629,2058 1626,2058 1626,2059 1528,2059 1528,2060 1527,2060 1527,2068 1526,2068 1526,2072 1525,2072 1525,2074 1523,2074 1523,2075 1509,2075 1509,2076 1508,2076 1508,2075 1482,2075 1482,2074 1481,2074 1481,2059 1191,2059 1191,2061 1190,2061 1190,2066 1189,2066 1189,2071 1188,2071 1188,2073 1187,2073 1187,2074 1184,2074 1184,2073 1183,2073 1183,2064 1111,2064 1111,2063 1109,2063 1109,2060 947,2060 947,2061 791,2061 791,2062 763,2062 763,2063 623,2063 623,2066 622,2066 622,2069 621,2069 621,2073 620,2073 620,2075 619,2075 619,2076 618,2076 618,2077 616,2077 616,2076 615,2076 615,2063 507,2063 507,2064 459,2064 459,2069 458,2069 458,2073 457,2073 457,2075 385,2075 385,2077 384,2077 384,2078 380,2078 380,2070 289,2070 289,2069 288,2069 288,2066 240,2066 240,2065 237,2065 237,2064 236,2064 236,2063 235,2063 235,2062 234,2062 234,2061 233,2061 233,2058 232,2058 232,2050 233,2050 233,2047 234,2047 234,2045 235,2045 235,2044 236,2044 236,2042 237,2042 237,2041 238,2041 238,2040 240,2040 240,2039 242,2039 242,2038 261,2038 261,2022 262,2022 262,2020 263,2020 263,2019 264,2019 264,2018 266,2018 266,2017 269,2017 269,2016 273,2016 273,2017 276,2017 276,2018 278,2018 278,2019 382,2019 382,2018 478,2018 478,2017 485,2017 485,2018 487,2018 487,2019 488,2019 488,2020 490,2020 490,2021 608,2021 608,2014 609,2014 609,2013 611,2013 611,2014 613,2014 613,2016 614,2016 614,2018 615,2018 615,2020 616,2020 616,2023 617,2023 617,2027 618,2027 618,2028 619,2028 619,2035 748,2035 748,2034 824,2034 824,2032 825,2032 825,2029 826,2029 826,2027 827,2027 827,2025 828,2025 828,2023 829,2023 829,2022 830,2022 830,2020 831,2020 831,2018 832,2018 832,2017 834,2017 834,2016 835,2016 835,2015 837,2015 837,2014 840,2014 840,2013 841,2013 841,2014 847,2014 847,2016 891,2016 891,2017 893,2017 893,2018 895,2018 895,2020 896,2020 896,2022 897,2022 897,2032 1077,2032 1077,2011 1078,2011 1078,2010"/>
	<Word id="r203">
	<Coords points="273,2016 273,2017 276,2017 276,2018 278,2018 278,2019 279,2019 279,2022 280,2022 280,2038 295,2038 295,2039 299,2039 299,2040 300,2040 300,2041 302,2041 302,2043 303,2043 303,2044 304,2044 304,2047 303,2047 303,2048 299,2048 299,2065 298,2065 298,2067 297,2067 297,2068 296,2068 296,2069 293,2069 293,2070 289,2070 289,2069 288,2069 288,2066 240,2066 240,2065 237,2065 237,2064 236,2064 236,2063 235,2063 235,2062 234,2062 234,2061 233,2061 233,2058 232,2058 232,2050 233,2050 233,2047 234,2047 234,2045 235,2045 235,2044 236,2044 236,2042 237,2042 237,2041 238,2041 238,2040 240,2040 240,2039 242,2039 242,2038 261,2038 261,2022 262,2022 262,2020 263,2020 263,2019 264,2019 264,2018 266,2018 266,2017 269,2017 269,2016"/>
	<TextEquiv>
	<Unicode>οἷς</Unicode></TextEquiv></Word>
	<Word id="r204">
	<Coords points="387,2018 387,2019 389,2019 389,2040 391,2040 391,2042 392,2042 392,2044 393,2044 393,2050 392,2050 392,2053 391,2053 391,2056 390,2056 390,2059 389,2059 389,2063 388,2063 388,2067 387,2067 387,2070 386,2070 386,2074 385,2074 385,2077 384,2077 384,2078 380,2078 380,2063 368,2063 368,2049 364,2049 364,2048 363,2048 364,2048 364,2045 365,2045 365,2044 366,2044 366,2042 368,2042 368,2040 370,2040 370,2039 378,2039 378,2022 379,2022 379,2020 380,2020 380,2019 382,2019 382,2018"/>
	<TextEquiv>
	<Unicode>ἡ</Unicode></TextEquiv></Word>
	<Word id="r205">
	<Coords points="611,2013 611,2014 613,2014 613,2016 614,2016 614,2018 615,2018 615,2020 616,2020 616,2023 617,2023 617,2027 618,2027 618,2028 619,2028 619,2037 623,2037 623,2038 625,2038 625,2039 626,2039 626,2040 627,2040 627,2042 628,2042 628,2050 627,2050 627,2053 626,2053 626,2057 625,2057 625,2059 624,2059 624,2063 623,2063 623,2066 622,2066 622,2069 621,2069 621,2073 620,2073 620,2075 619,2075 619,2076 618,2076 618,2077 616,2077 616,2076 615,2076 615,2063 507,2063 507,2064 459,2064 459,2069 458,2069 458,2073 457,2073 457,2075 454,2075 454,2070 455,2070 455,2067 456,2067 456,2062 457,2062 457,2058 458,2058 458,2055 459,2055 459,2050 460,2050 460,2047 461,2047 461,2044 462,2044 462,2040 463,2040 463,2036 464,2036 464,2035 465,2035 465,2030 466,2030 466,2028 467,2028 467,2027 468,2027 468,2025 469,2025 469,2024 470,2024 470,2023 471,2023 471,2022 472,2022 472,2021 473,2021 473,2020 474,2020 474,2019 476,2019 476,2018 478,2018 478,2017 485,2017 485,2018 487,2018 487,2019 488,2019 488,2020 490,2020 490,2021 608,2021 608,2014 609,2014 609,2013"/>
	<TextEquiv>
	<Unicode>βουλὴ</Unicode></TextEquiv></Word>
	<Word id="r206">
	<Coords points="841,2013 841,2014 847,2014 847,2016 891,2016 891,2017 893,2017 893,2018 895,2018 895,2020 896,2020 896,2022 897,2022 897,2032 965,2032 965,2033 967,2033 967,2049 970,2049 970,2050 971,2050 971,2051 972,2051 972,2052 971,2052 971,2054 970,2054 970,2056 969,2056 969,2057 968,2057 968,2058 967,2058 967,2059 965,2059 965,2060 947,2060 947,2061 791,2061 791,2062 763,2062 763,2063 695,2063 695,2048 690,2048 690,2047 689,2047 689,2045 688,2045 688,2043 689,2043 689,2040 690,2040 690,2038 691,2038 691,2037 693,2037 693,2036 702,2036 702,2035 748,2035 748,2034 824,2034 824,2032 825,2032 825,2029 826,2029 826,2027 827,2027 827,2025 828,2025 828,2023 829,2023 829,2022 830,2022 830,2020 831,2020 831,2018 832,2018 832,2017 834,2017 834,2016 835,2016 835,2015 837,2015 837,2014 840,2014 840,2013"/>
	<TextEquiv>
	<Unicode>πεισθεῖσα</Unicode></TextEquiv></Word>
	<Word id="r207">
	<Coords points="1081,2010 1081,2011 1083,2011 1083,2014 1084,2014 1084,2015 1085,2015 1085,2018 1086,2018 1086,2021 1087,2021 1087,2024 1088,2024 1088,2025 1089,2025 1089,2028 1090,2028 1090,2032 1114,2032 1114,2033 1120,2033 1120,2034 1122,2034 1122,2035 1123,2035 1123,2037 1124,2037 1124,2041 1123,2041 1123,2042 1122,2042 1122,2043 1120,2043 1120,2056 1119,2056 1119,2059 1118,2059 1118,2061 1117,2061 1117,2062 1115,2062 1115,2063 1113,2063 1113,2064 1111,2064 1111,2063 1109,2063 1109,2060 1044,2060 1044,2059 1043,2059 1043,2056 1042,2056 1042,2044 1035,2044 1035,2043 1034,2043 1034,2041 1033,2041 1033,2037 1034,2037 1034,2035 1035,2035 1035,2034 1037,2034 1037,2033 1043,2033 1043,2032 1077,2032 1077,2011 1078,2011 1078,2010"/>
	<TextEquiv>
	<Unicode>τὰς</Unicode></TextEquiv></Word>
	<Word id="r208">
	<Coords points="1235,2010 1235,2013 1236,2013 1236,2014 1237,2014 1237,2017 1239,2017 1239,2020 1240,2020 1240,2021 1241,2021 1241,2024 1242,2024 1242,2031 1271,2031 1271,2032 1272,2032 1272,2033 1273,2033 1273,2042 1272,2042 1272,2043 1271,2043 1271,2046 1270,2046 1270,2047 1269,2047 1269,2048 1268,2048 1268,2049 1267,2049 1267,2050 1266,2050 1266,2051 1265,2051 1265,2052 1264,2052 1264,2053 1263,2053 1263,2054 1261,2054 1261,2055 1260,2055 1260,2056 1257,2056 1257,2057 1255,2057 1255,2058 1253,2058 1253,2059 1191,2059 1191,2061 1190,2061 1190,2066 1189,2066 1189,2071 1188,2071 1188,2073 1187,2073 1187,2074 1184,2074 1184,2073 1183,2073 1183,2070 1184,2070 1184,2067 1185,2067 1185,2062 1186,2062 1186,2061 1187,2061 1187,2060 1188,2060 1188,2053 1189,2053 1189,2050 1190,2050 1190,2046 1191,2046 1191,2043 1192,2043 1192,2038 1193,2038 1193,2036 1194,2036 1194,2034 1195,2034 1195,2033 1212,2033 1212,2032 1231,2032 1231,2010"/>
	<TextEquiv>
	<Unicode>μὲν</Unicode></TextEquiv></Word>
	<Word id="r209">
	<Coords points="1389,2012 1389,2013 1393,2013 1393,2014 1395,2014 1395,2016 1396,2016 1396,2018 1397,2018 1397,2032 1431,2032 1431,2033 1433,2033 1433,2039 1432,2039 1432,2042 1431,2042 1431,2043 1430,2043 1430,2046 1429,2046 1429,2047 1428,2047 1428,2048 1427,2048 1427,2049 1426,2049 1426,2050 1425,2050 1425,2051 1424,2051 1424,2052 1422,2052 1422,2053 1421,2053 1421,2054 1419,2054 1419,2055 1418,2055 1418,2056 1416,2056 1416,2057 1414,2057 1414,2058 1411,2058 1411,2059 1345,2059 1345,2058 1344,2058 1344,2056 1343,2056 1343,2042 1335,2042 1335,2041 1334,2041 1334,2035 1335,2035 1335,2034 1336,2034 1336,2033 1337,2033 1337,2032 1344,2032 1344,2031 1378,2031 1378,2018 1379,2018 1379,2016 1380,2016 1380,2015 1381,2015 1381,2014 1382,2014 1382,2013 1385,2013 1385,2012"/>
	<TextEquiv>
	<Unicode>τῶν</Unicode></TextEquiv></Word>
	<Word id="r210">
	<Coords points="1604,2012 1604,2013 1605,2013 1605,2014 1607,2014 1607,2016 1609,2016 1609,2017 1610,2017 1610,2018 1611,2018 1611,2032 1646,2032 1646,2033 1647,2033 1647,2036 1648,2036 1648,2039 1647,2039 1647,2042 1646,2042 1646,2044 1645,2044 1645,2045 1644,2045 1644,2047 1643,2047 1643,2048 1642,2048 1642,2049 1641,2049 1641,2050 1640,2050 1640,2051 1639,2051 1639,2052 1638,2052 1638,2053 1636,2053 1636,2055 1634,2055 1634,2056 1631,2056 1631,2057 1629,2057 1629,2058 1626,2058 1626,2059 1528,2059 1528,2060 1527,2060 1527,2068 1526,2068 1526,2072 1525,2072 1525,2074 1523,2074 1523,2075 1509,2075 1509,2076 1508,2076 1508,2075 1482,2075 1482,2074 1481,2074 1481,2039 1482,2039 1482,2037 1483,2037 1483,2035 1484,2035 1484,2034 1485,2034 1485,2032 1488,2032 1488,2031 1516,2031 1516,2030 1592,2030 1592,2020 1593,2020 1593,2017 1594,2017 1594,2016 1595,2016 1595,2015 1596,2015 1596,2014 1598,2014 1598,2013 1602,2013 1602,2012"/>
	<TextEquiv>
	<Unicode>χρεῶν</Unicode></TextEquiv></Word>
	<TextEquiv>
	<Unicode>οἷς ἡ βουλὴ πεισθεῖσα τὰς μὲν τῶν χρεῶν</Unicode></TextEquiv></TextLine>
	<TextLine id="r34">
	<Coords points="1297,2077 1297,2078 1298,2078 1298,2079 1299,2079 1299,2099 1365,2099 1365,2100 1485,2100 1485,2099 1504,2099 1504,2090 1505,2090 1505,2087 1506,2087 1506,2085 1507,2085 1507,2084 1508,2084 1508,2083 1601,2083 1601,2082 1602,2082 1602,2080 1603,2080 1603,2079 1604,2079 1604,2078 1605,2078 1605,2077 1637,2077 1637,2078 1638,2078 1638,2080 1639,2080 1639,2082 1640,2082 1640,2084 1641,2084 1641,2088 1642,2088 1642,2090 1643,2090 1643,2093 1644,2093 1644,2100 1645,2100 1645,2101 1646,2101 1646,2102 1647,2102 1647,2105 1646,2105 1646,2124 1645,2124 1645,2126 1644,2126 1644,2127 1641,2127 1641,2128 1540,2128 1540,2129 1539,2129 1539,2130 1537,2130 1537,2131 1534,2131 1534,2130 1533,2130 1533,2127 1389,2127 1389,2130 1388,2130 1388,2131 1387,2131 1387,2132 1386,2132 1386,2133 1383,2133 1383,2134 1382,2134 1382,2135 1379,2135 1379,2131 1358,2131 1358,2127 1212,2127 1212,2131 1211,2131 1211,2135 1210,2135 1210,2138 1209,2138 1209,2140 1208,2140 1208,2141 1205,2141 1205,2140 1204,2140 1204,2127 1049,2127 1049,2128 945,2128 945,2129 930,2129 930,2130 791,2130 791,2131 685,2131 685,2132 682,2132 682,2137 681,2137 681,2146 680,2146 680,2148 679,2148 679,2149 598,2149 598,2148 596,2148 596,2147 595,2147 595,2137 490,2137 490,2136 489,2136 489,2134 426,2134 426,2133 290,2133 290,2134 272,2134 272,2133 235,2133 235,2132 234,2132 234,2131 232,2131 232,2130 231,2130 231,2119 232,2119 232,2117 233,2117 233,2116 234,2116 234,2114 235,2114 235,2113 236,2113 236,2112 237,2112 237,2111 238,2111 238,2110 240,2110 240,2109 241,2109 241,2108 244,2108 244,2107 245,2107 245,2087 246,2087 246,2086 248,2086 248,2085 249,2085 249,2086 252,2086 252,2087 253,2087 253,2088 254,2088 254,2089 255,2089 255,2106 279,2106 279,2107 385,2107 385,2106 457,2106 457,2084 458,2084 458,2083 460,2083 460,2084 461,2084 461,2085 462,2085 462,2086 463,2086 463,2088 464,2088 464,2090 566,2090 566,2085 567,2085 567,2084 568,2084 568,2083 571,2083 571,2084 573,2084 573,2085 574,2085 574,2086 575,2086 575,2088 687,2088 687,2087 688,2087 688,2086 717,2086 717,2084 718,2084 718,2083 719,2083 719,2082 722,2082 722,2083 723,2083 723,2103 850,2103 850,2102 973,2102 973,2088 974,2088 974,2087 975,2087 975,2086 976,2086 976,2085 977,2085 977,2084 979,2084 979,2083 985,2083 985,2084 987,2084 987,2085 988,2085 988,2086 989,2086 989,2087 990,2087 990,2091 991,2091 991,2100 1101,2100 1101,2085 1102,2085 1102,2083 1103,2083 1103,2081 1104,2081 1104,2080 1105,2080 1105,2079 1106,2079 1106,2078 1112,2078 1112,2079 1113,2079 1113,2081 1148,2081 1148,2082 1152,2082 1152,2083 1154,2083 1154,2084 1155,2084 1155,2085 1156,2085 1156,2086 1157,2086 1157,2088 1158,2088 1158,2090 1159,2090 1159,2101 1272,2101 1272,2100 1286,2100 1286,2092 1287,2092 1287,2090 1288,2090 1288,2089 1289,2089 1289,2086 1290,2086 1290,2085 1291,2085 1291,2082 1292,2082 1292,2080 1293,2080 1293,2078 1294,2078 1294,2077"/>
	<Word id="r211">
	<Coords points="460,2083 460,2084 461,2084 461,2085 462,2085 462,2086 463,2086 463,2088 464,2088 464,2090 465,2090 465,2092 466,2092 466,2094 467,2094 467,2097 468,2097 468,2099 469,2099 469,2105 496,2105 496,2106 499,2106 499,2107 501,2107 501,2108 502,2108 502,2109 503,2109 503,2111 504,2111 504,2113 505,2113 504,2113 504,2114 503,2114 503,2115 499,2115 499,2133 498,2133 498,2134 497,2134 497,2135 495,2135 495,2136 494,2136 494,2137 490,2137 490,2136 489,2136 489,2134 426,2134 426,2133 290,2133 290,2134 272,2134 272,2133 235,2133 235,2132 234,2132 234,2131 232,2131 232,2130 231,2130 231,2119 232,2119 232,2117 233,2117 233,2116 234,2116 234,2114 235,2114 235,2113 236,2113 236,2112 237,2112 237,2111 238,2111 238,2110 240,2110 240,2109 241,2109 241,2108 244,2108 244,2107 245,2107 245,2087 246,2087 246,2086 248,2086 248,2085 249,2085 249,2086 252,2086 252,2087 253,2087 253,2088 254,2088 254,2089 255,2089 255,2106 279,2106 279,2107 385,2107 385,2106 457,2106 457,2084 458,2084 458,2083"/>
	<TextEquiv>
	<Unicode>ἀποκοπὰς</Unicode></TextEquiv></Word>
	<Word id="r212">
	<Coords points="722,2082 722,2083 723,2083 723,2103 850,2103 850,2102 851,2102 851,2103 854,2103 854,2104 856,2104 856,2105 857,2105 857,2106 858,2106 858,2107 859,2107 859,2109 860,2109 860,2114 861,2114 861,2115 860,2115 860,2119 859,2119 859,2121 858,2121 858,2122 857,2122 857,2124 856,2124 856,2125 855,2125 855,2126 854,2126 854,2127 853,2127 853,2128 852,2128 852,2129 850,2129 850,2130 791,2130 791,2131 685,2131 685,2132 682,2132 682,2137 681,2137 681,2146 680,2146 680,2148 679,2148 679,2149 598,2149 598,2148 596,2148 596,2147 595,2147 595,2131 562,2131 562,2130 558,2130 558,2128 557,2128 557,2126 556,2126 556,2125 555,2125 555,2124 554,2124 554,2116 555,2116 555,2114 556,2114 556,2112 557,2112 557,2110 558,2110 558,2109 560,2109 560,2107 562,2107 562,2106 564,2106 564,2105 566,2105 566,2085 567,2085 567,2084 568,2084 568,2083 571,2083 571,2084 573,2084 573,2085 574,2085 574,2086 575,2086 575,2088 687,2088 687,2087 688,2087 688,2086 717,2086 717,2084 718,2084 718,2083 719,2083 719,2082"/>
	<TextEquiv>
	<Unicode>ἐψηφίσατο</Unicode></TextEquiv></Word>
	<Word id="r213">
	<Coords points="985,2083 985,2084 987,2084 987,2085 988,2085 988,2086 989,2086 989,2087 990,2087 990,2091 991,2091 991,2100 1051,2100 1051,2101 1052,2101 1052,2103 1053,2103 1053,2116 1057,2116 1057,2118 1056,2118 1056,2119 1055,2119 1055,2122 1054,2122 1054,2124 1053,2124 1053,2125 1052,2125 1052,2126 1050,2126 1050,2127 1049,2127 1049,2128 945,2128 945,2129 930,2129 930,2130 928,2130 928,2129 927,2129 927,2128 926,2128 926,2115 921,2115 921,2113 920,2113 920,2107 921,2107 921,2105 922,2105 922,2104 924,2104 924,2103 927,2103 927,2102 973,2102 973,2088 974,2088 974,2087 975,2087 975,2086 976,2086 976,2085 977,2085 977,2084 979,2084 979,2083"/>
	<TextEquiv>
	<Unicode>πᾶσι</Unicode></TextEquiv></Word>
	<Word id="r214">
	<Coords points="1297,2077 1297,2078 1298,2078 1298,2079 1299,2079 1299,2099 1365,2099 1365,2100 1368,2100 1368,2101 1370,2101 1370,2102 1372,2102 1372,2103 1373,2103 1373,2105 1374,2105 1374,2118 1388,2118 1388,2119 1389,2119 1389,2121 1390,2121 1390,2122 1391,2122 1391,2125 1390,2125 1390,2127 1389,2127 1389,2130 1388,2130 1388,2131 1387,2131 1387,2132 1386,2132 1386,2133 1383,2133 1383,2134 1382,2134 1382,2135 1379,2135 1379,2131 1358,2131 1358,2127 1212,2127 1212,2131 1211,2131 1211,2135 1210,2135 1210,2138 1209,2138 1209,2140 1208,2140 1208,2141 1205,2141 1205,2140 1204,2140 1204,2127 1121,2127 1121,2094 1107,2094 1107,2093 1105,2093 1105,2092 1104,2092 1104,2091 1103,2091 1103,2090 1102,2090 1102,2087 1101,2087 1101,2085 1102,2085 1102,2083 1103,2083 1103,2081 1104,2081 1104,2080 1105,2080 1105,2079 1106,2079 1106,2078 1112,2078 1112,2079 1113,2079 1113,2081 1148,2081 1148,2082 1152,2082 1152,2083 1154,2083 1154,2084 1155,2084 1155,2085 1156,2085 1156,2086 1157,2086 1157,2088 1158,2088 1158,2090 1159,2090 1159,2101 1272,2101 1272,2100 1286,2100 1286,2092 1287,2092 1287,2090 1288,2090 1288,2089 1289,2089 1289,2086 1290,2086 1290,2085 1291,2085 1291,2082 1292,2082 1292,2080 1293,2080 1293,2078 1294,2078 1294,2077"/>
	<TextEquiv>
	<Unicode>Ῥωμαίοις,</Unicode></TextEquiv></Word>
	<Word id="r215">
	<Coords points="1517,2083 1517,2084 1518,2084 1518,2085 1519,2085 1519,2086 1520,2086 1520,2087 1521,2087 1521,2099 1538,2099 1538,2100 1540,2100 1540,2101 1543,2101 1543,2102 1545,2102 1545,2104 1546,2104 1546,2106 1547,2106 1547,2108 1546,2108 1546,2109 1545,2109 1545,2110 1542,2110 1542,2126 1541,2126 1541,2128 1540,2128 1540,2129 1539,2129 1539,2130 1537,2130 1537,2131 1534,2131 1534,2130 1533,2130 1533,2127 1452,2127 1452,2126 1451,2126 1451,2125 1450,2125 1450,2111 1442,2111 1442,2109 1441,2109 1441,2106 1442,2106 1442,2103 1443,2103 1443,2101 1444,2101 1444,2100 1485,2100 1485,2099 1504,2099 1504,2090 1505,2090 1505,2087 1506,2087 1506,2085 1507,2085 1507,2084 1508,2084 1508,2083"/>
	<TextEquiv>
	<Unicode>τοῖς</Unicode></TextEquiv></Word>
	<Word id="r216">
	<Coords points="1637,2077 1637,2078 1638,2078 1638,2080 1639,2080 1639,2082 1640,2082 1640,2084 1641,2084 1641,2088 1642,2088 1642,2090 1643,2090 1643,2093 1644,2093 1644,2100 1645,2100 1645,2101 1646,2101 1646,2102 1647,2102 1647,2105 1646,2105 1646,2124 1645,2124 1645,2126 1644,2126 1644,2127 1641,2127 1641,2128 1637,2128 1637,2127 1634,2127 1634,2126 1604,2126 1604,2125 1601,2125 1601,2124 1600,2124 1600,2122 1599,2122 1599,2121 1598,2121 1598,2119 1597,2119 1597,2112 1598,2112 1598,2108 1599,2108 1599,2107 1600,2107 1600,2105 1601,2105 1601,2082 1602,2082 1602,2080 1603,2080 1603,2079 1604,2079 1604,2078 1605,2078 1605,2077"/>
	<TextEquiv>
	<Unicode>δὲ</Unicode></TextEquiv></Word>
	<TextEquiv>
	<Unicode>ἀποκοπὰς ἐψηφίσατο πᾶσι Ῥωμαίοις, τοῖς δὲ</Unicode></TextEquiv></TextLine>
	<TextLine id="r35">
	<Coords points="1441,2145 1441,2146 1530,2146 1530,2147 1531,2147 1531,2153 1579,2153 1579,2154 1583,2154 1583,2155 1586,2155 1586,2156 1588,2156 1588,2157 1589,2157 1589,2158 1590,2158 1590,2159 1591,2159 1591,2160 1592,2160 1592,2161 1593,2161 1593,2162 1594,2162 1594,2164 1595,2164 1595,2166 1596,2166 1596,2169 1633,2169 1633,2170 1643,2170 1643,2171 1644,2171 1644,2185 1645,2185 1645,2186 1646,2186 1646,2190 1645,2190 1645,2191 1644,2191 1644,2193 1642,2193 1642,2194 1641,2194 1641,2195 1640,2195 1640,2196 1541,2196 1541,2195 1512,2195 1512,2194 1406,2194 1406,2195 1404,2195 1404,2196 1336,2196 1336,2199 1335,2199 1335,2202 1334,2202 1334,2207 1333,2207 1333,2208 1328,2208 1328,2195 1213,2195 1213,2196 1196,2196 1196,2197 1149,2197 1149,2200 1148,2200 1148,2204 1147,2204 1147,2208 1146,2208 1146,2210 1145,2210 1145,2211 1143,2211 1143,2210 1142,2210 1142,2197 939,2197 939,2198 863,2198 863,2199 726,2199 726,2200 593,2200 593,2201 591,2201 591,2202 590,2202 590,2204 587,2204 587,2205 500,2205 500,2207 499,2207 499,2214 498,2214 498,2216 497,2216 497,2217 452,2217 452,2218 448,2218 448,2219 421,2219 421,2218 420,2218 420,2202 273,2202 273,2203 241,2203 241,2202 240,2202 240,2201 239,2201 239,2200 238,2200 238,2187 232,2187 232,2186 231,2186 231,2184 230,2184 231,2184 231,2178 232,2178 232,2177 235,2177 235,2176 275,2176 275,2162 276,2162 276,2160 277,2160 277,2157 278,2157 278,2154 279,2154 279,2153 281,2153 281,2152 282,2152 282,2153 283,2153 283,2154 284,2154 284,2174 409,2174 409,2155 411,2155 411,2154 480,2154 480,2153 482,2153 482,2152 483,2152 483,2153 488,2153 488,2154 489,2154 489,2155 570,2155 570,2156 571,2156 571,2157 572,2157 572,2158 573,2158 573,2159 574,2159 574,2160 575,2160 575,2163 576,2163 576,2172 718,2172 718,2152 719,2152 719,2151 720,2151 720,2150 811,2150 811,2149 833,2149 833,2150 836,2150 836,2151 838,2151 838,2152 839,2152 839,2153 841,2153 841,2154 842,2154 842,2155 843,2155 843,2157 844,2157 844,2158 845,2158 845,2160 846,2160 846,2161 847,2161 847,2170 1059,2170 1059,2169 1084,2169 1084,2150 1085,2150 1085,2149 1086,2149 1086,2148 1088,2148 1088,2147 1190,2147 1190,2146 1325,2146 1325,2147 1326,2147 1326,2148 1327,2148 1327,2150 1328,2150 1328,2152 1329,2152 1329,2154 1330,2154 1330,2156 1331,2156 1331,2160 1332,2160 1332,2162 1333,2162 1333,2168 1435,2168 1435,2146 1436,2146 1436,2145"/>
	<Word id="r217">
	<Coords points="282,2152 282,2153 283,2153 283,2154 284,2154 284,2174 343,2174 343,2175 345,2175 345,2176 346,2176 346,2180 344,2180 344,2187 343,2187 343,2200 342,2200 342,2201 340,2201 340,2202 273,2202 273,2203 241,2203 241,2202 240,2202 240,2201 239,2201 239,2200 238,2200 238,2187 232,2187 232,2186 231,2186 231,2184 230,2184 231,2184 231,2178 232,2178 232,2177 235,2177 235,2176 275,2176 275,2162 276,2162 276,2160 277,2160 277,2157 278,2157 278,2154 279,2154 279,2153 281,2153 281,2152"/>
	<TextEquiv>
	<Unicode>τότε</Unicode></TextEquiv></Word>
	<Word id="r218">
	<Coords points="483,2152 483,2153 488,2153 488,2154 489,2154 489,2155 570,2155 570,2156 571,2156 571,2157 572,2157 572,2158 573,2158 573,2159 574,2159 574,2160 575,2160 575,2163 576,2163 576,2172 589,2172 589,2173 593,2173 593,2174 595,2174 595,2175 597,2175 597,2177 598,2177 598,2178 599,2178 599,2182 598,2182 598,2183 594,2183 594,2199 593,2199 593,2201 591,2201 591,2202 590,2202 590,2204 587,2204 587,2205 500,2205 500,2207 499,2207 499,2214 498,2214 498,2216 497,2216 497,2217 452,2217 452,2218 448,2218 448,2219 421,2219 421,2218 420,2218 420,2202 405,2202 405,2201 402,2201 402,2200 401,2200 401,2199 399,2199 399,2198 398,2198 398,2196 397,2196 397,2192 396,2192 396,2188 397,2188 397,2186 398,2186 398,2183 399,2183 399,2182 400,2182 400,2180 402,2180 402,2178 403,2178 403,2177 406,2177 406,2176 408,2176 408,2175 409,2175 409,2155 411,2155 411,2154 480,2154 480,2153 482,2153 482,2152"/>
	<TextEquiv>
	<Unicode>ἐχθροῖς</Unicode></TextEquiv></Word>
	<Word id="r219">
	<Coords points="721,2150 721,2151 723,2151 723,2152 724,2152 724,2154 725,2154 725,2157 726,2157 726,2158 727,2158 727,2161 728,2161 728,2165 729,2165 729,2166 730,2166 730,2188 733,2188 733,2189 734,2189 734,2191 733,2191 733,2193 732,2193 732,2194 731,2194 731,2196 730,2196 730,2198 729,2198 729,2199 726,2199 726,2200 648,2200 648,2199 647,2199 647,2197 648,2197 648,2194 649,2194 649,2192 650,2192 650,2189 651,2189 651,2186 652,2186 652,2184 653,2184 653,2179 654,2179 654,2177 655,2177 655,2176 656,2176 656,2174 657,2174 657,2173 673,2173 673,2172 718,2172 718,2152 719,2152 719,2151 720,2151 720,2150"/>
	<TextEquiv>
	<Unicode>καὶ</Unicode></TextEquiv></Word>
	<Word id="r220">
	<Coords points="811,2149 833,2149 833,2150 836,2150 836,2151 838,2151 838,2152 839,2152 839,2153 841,2153 841,2154 842,2154 842,2155 843,2155 843,2157 844,2157 844,2158 845,2158 845,2160 846,2160 846,2161 847,2161 847,2170 956,2170 956,2172 957,2172 957,2174 958,2174 958,2187 971,2187 971,2188 972,2188 972,2189 973,2189 973,2191 974,2191 974,2193 973,2193 973,2196 972,2196 972,2197 939,2197 939,2198 863,2198 863,2199 788,2199 788,2198 786,2198 786,2197 785,2197 785,2195 784,2195 784,2186 785,2186 785,2184 786,2184 786,2181 787,2181 787,2179 788,2179 788,2178 790,2178 790,2177 791,2177 791,2176 792,2176 792,2174 794,2174 794,2173 795,2173 795,2154 796,2154 796,2153 797,2153 797,2152 810,2152 810,2150 811,2150"/>
	<TextEquiv>
	<Unicode>ἄδειαν.</Unicode></TextEquiv></Word>
	<Word id="r222">
	<Coords points="1093,2147 1093,2148 1094,2148 1094,2149 1095,2149 1095,2150 1094,2150 1094,2151 1093,2151 1093,2152 1092,2152 1092,2153 1091,2153 1091,2161 1090,2161 1090,2190 1089,2190 1089,2192 1088,2192 1088,2193 1087,2193 1087,2194 1086,2194 1086,2195 1085,2195 1085,2196 1082,2196 1082,2197 1056,2197 1056,2196 1054,2196 1054,2195 1052,2195 1052,2194 1051,2194 1051,2193 1050,2193 1050,2192 1049,2192 1049,2189 1048,2189 1048,2181 1049,2181 1049,2179 1050,2179 1050,2178 1051,2178 1051,2177 1052,2177 1052,2175 1053,2175 1053,2173 1054,2173 1054,2172 1055,2172 1055,2171 1057,2171 1057,2170 1059,2170 1059,2169 1084,2169 1084,2150 1085,2150 1085,2149 1086,2149 1086,2148 1088,2148 1088,2147"/>
	<TextEquiv>
	<Unicode>οἱ</Unicode></TextEquiv></Word>
	<Word id="r223">
	<Coords points="1191,2146 1191,2147 1193,2147 1193,2148 1194,2148 1194,2150 1195,2150 1195,2152 1196,2152 1196,2155 1197,2155 1197,2157 1198,2157 1198,2159 1199,2159 1199,2161 1200,2161 1200,2163 1201,2163 1201,2168 1231,2168 1231,2169 1232,2169 1232,2170 1233,2170 1233,2173 1234,2173 1233,2173 1233,2177 1232,2177 1232,2179 1231,2179 1231,2181 1230,2181 1230,2182 1229,2182 1229,2183 1228,2183 1228,2184 1227,2184 1227,2185 1226,2185 1226,2186 1225,2186 1225,2189 1223,2189 1223,2190 1221,2190 1221,2192 1219,2192 1219,2193 1218,2193 1218,2194 1215,2194 1215,2195 1213,2195 1213,2196 1196,2196 1196,2197 1149,2197 1149,2200 1148,2200 1148,2204 1147,2204 1147,2208 1146,2208 1146,2210 1145,2210 1145,2211 1143,2211 1143,2210 1142,2210 1142,2209 1143,2209 1143,2203 1144,2203 1144,2199 1145,2199 1145,2196 1146,2196 1146,2192 1147,2192 1147,2187 1148,2187 1148,2185 1149,2185 1149,2182 1150,2182 1150,2178 1151,2178 1151,2174 1152,2174 1152,2171 1153,2171 1153,2170 1154,2170 1154,2169 1189,2169 1189,2147 1190,2147 1190,2146"/>
	<TextEquiv>
	<Unicode>μὲν</Unicode></TextEquiv></Word>
	<Word id="r224">
	<Coords points="1325,2146 1325,2147 1326,2147 1326,2148 1327,2148 1327,2150 1328,2150 1328,2152 1329,2152 1329,2154 1330,2154 1330,2156 1331,2156 1331,2160 1332,2160 1332,2162 1333,2162 1333,2169 1335,2169 1335,2170 1339,2170 1339,2171 1340,2171 1340,2172 1341,2172 1341,2176 1342,2176 1342,2179 1341,2179 1341,2183 1340,2183 1340,2186 1339,2186 1339,2189 1338,2189 1338,2193 1337,2193 1337,2195 1336,2195 1336,2199 1335,2199 1335,2202 1334,2202 1334,2207 1333,2207 1333,2208 1328,2208 1328,2195 1290,2195 1290,2194 1288,2194 1288,2193 1287,2193 1287,2192 1285,2192 1285,2190 1284,2190 1284,2189 1283,2189 1283,2185 1282,2185 1282,2184 1283,2184 1283,2179 1284,2179 1284,2178 1285,2178 1285,2176 1286,2176 1286,2174 1287,2174 1287,2173 1288,2173 1288,2149 1289,2149 1289,2147 1290,2147 1290,2146"/>
	<TextEquiv>
	<Unicode>δὴ</Unicode></TextEquiv></Word>
	<Word id="r225">
	<Coords points="1441,2145 1441,2147 1442,2147 1442,2150 1443,2150 1443,2153 1444,2153 1444,2155 1445,2155 1445,2157 1446,2157 1446,2159 1447,2159 1447,2162 1448,2162 1448,2168 1451,2168 1451,2169 1452,2169 1452,2170 1453,2170 1453,2184 1457,2184 1457,2185 1456,2185 1456,2188 1455,2188 1455,2189 1454,2189 1454,2191 1453,2191 1453,2192 1452,2192 1452,2193 1451,2193 1451,2194 1406,2194 1406,2195 1404,2195 1404,2196 1403,2196 1403,2195 1402,2195 1402,2194 1401,2194 1401,2179 1393,2179 1393,2178 1392,2178 1392,2172 1393,2172 1393,2171 1394,2171 1394,2170 1395,2170 1395,2169 1397,2169 1397,2168 1435,2168 1435,2146 1436,2146 1436,2145"/>
	<TextEquiv>
	<Unicode>τὰ</Unicode></TextEquiv></Word>
	<Word id="r226">
	<Coords points="1530,2146 1530,2147 1531,2147 1531,2153 1579,2153 1579,2154 1583,2154 1583,2155 1586,2155 1586,2156 1588,2156 1588,2157 1589,2157 1589,2158 1590,2158 1590,2159 1591,2159 1591,2160 1592,2160 1592,2161 1593,2161 1593,2162 1594,2162 1594,2164 1595,2164 1595,2166 1596,2166 1596,2169 1633,2169 1633,2170 1643,2170 1643,2171 1644,2171 1644,2185 1645,2185 1645,2186 1646,2186 1646,2190 1645,2190 1645,2191 1644,2191 1644,2193 1642,2193 1642,2194 1641,2194 1641,2195 1640,2195 1640,2196 1541,2196 1541,2195 1512,2195 1512,2194 1510,2194 1510,2193 1509,2193 1509,2192 1508,2192 1508,2191 1506,2191 1506,2189 1505,2189 1505,2178 1506,2178 1506,2176 1507,2176 1507,2174 1508,2174 1508,2173 1509,2173 1509,2172 1510,2172 1510,2171 1511,2171 1511,2153 1512,2153 1512,2152 1513,2152 1513,2151 1514,2151 1514,2150 1516,2150 1516,2149 1526,2149 1526,2148 1527,2148 1527,2147 1528,2147 1528,2146"/>
	<TextEquiv>
	<Unicode>ὅπλα</Unicode></TextEquiv></Word>
	<TextEquiv>
	<Unicode>τότε ἐχθροῖς καὶ ἄδειαν. οἱ μὲν δὴ τὰ ὅπλα</Unicode></TextEquiv></TextLine>
	<TextLine id="r15">
	<Coords points="977,2216 977,2217 978,2217 978,2218 979,2218 979,2220 980,2220 980,2223 981,2223 981,2225 982,2225 982,2229 983,2229 983,2231 984,2231 984,2236 1106,2236 1106,2227 1107,2227 1107,2222 1108,2222 1108,2220 1109,2220 1109,2217 1110,2217 1110,2216 1114,2216 1114,2217 1115,2217 1115,2223 1127,2223 1127,2224 1130,2224 1130,2225 1131,2225 1131,2226 1132,2226 1132,2227 1134,2227 1134,2228 1135,2228 1135,2229 1136,2229 1136,2231 1137,2231 1137,2233 1138,2233 1138,2235 1139,2235 1139,2236 1203,2236 1203,2237 1204,2237 1204,2238 1205,2238 1205,2255 1292,2255 1292,2222 1293,2222 1293,2221 1374,2221 1374,2220 1376,2220 1376,2219 1378,2219 1378,2220 1381,2220 1381,2221 1383,2221 1383,2228 1384,2228 1384,2235 1506,2235 1506,2223 1507,2223 1507,2222 1508,2222 1508,2221 1583,2221 1583,2220 1586,2220 1586,2221 1589,2221 1589,2222 1591,2222 1591,2224 1592,2224 1592,2225 1593,2225 1593,2226 1594,2226 1594,2228 1595,2228 1595,2230 1596,2230 1596,2233 1597,2233 1597,2238 1598,2238 1598,2255 1607,2255 1607,2256 1611,2256 1611,2257 1612,2257 1612,2259 1611,2259 1611,2263 1610,2263 1610,2264 1608,2264 1608,2265 1608,2264 1581,2264 1581,2263 1446,2263 1446,2277 1445,2277 1445,2278 1431,2278 1431,2277 1430,2277 1430,2264 1395,2264 1395,2263 1218,2263 1218,2264 1217,2264 1217,2265 1002,2265 1002,2266 988,2266 988,2269 987,2269 987,2273 986,2273 986,2277 985,2277 985,2279 983,2279 983,2280 982,2280 982,2279 980,2279 980,2272 890,2272 890,2271 889,2271 889,2268 693,2268 693,2269 692,2269 692,2272 691,2272 691,2276 690,2276 690,2279 689,2279 689,2280 687,2280 687,2281 679,2281 679,2283 678,2283 678,2284 676,2284 676,2285 672,2285 672,2284 670,2284 670,2281 669,2281 669,2270 604,2270 604,2269 468,2269 468,2270 404,2270 404,2273 403,2273 403,2280 402,2280 402,2283 401,2283 401,2284 400,2284 400,2285 398,2285 398,2284 397,2284 397,2270 276,2270 276,2271 238,2271 238,2270 236,2270 236,2269 234,2269 234,2268 232,2268 232,2266 231,2266 231,2265 230,2265 230,2257 231,2257 231,2255 232,2255 232,2254 233,2254 233,2251 234,2251 234,2250 235,2250 235,2248 236,2248 236,2247 239,2247 239,2246 241,2246 241,2245 243,2245 243,2244 245,2244 245,2223 246,2223 246,2222 251,2222 251,2223 252,2223 252,2224 253,2224 253,2225 356,2225 356,2224 358,2224 358,2223 361,2223 361,2222 390,2222 390,2221 392,2221 392,2220 395,2220 395,2221 396,2221 396,2242 615,2242 615,2241 686,2241 686,2233 687,2233 687,2230 688,2230 688,2227 689,2227 689,2223 690,2223 690,2221 691,2221 691,2220 692,2220 692,2219 695,2219 695,2220 696,2220 696,2240 870,2240 870,2221 871,2221 871,2220 973,2220 973,2217 974,2217 974,2216"/>
	<Word id="r121">
	<Coords points="395,2220 395,2221 396,2221 396,2242 533,2242 533,2258 537,2258 537,2261 536,2261 536,2263 535,2263 535,2264 534,2264 534,2266 533,2266 533,2267 532,2267 532,2268 530,2268 530,2269 468,2269 468,2270 404,2270 404,2273 403,2273 403,2280 402,2280 402,2283 401,2283 401,2284 400,2284 400,2285 398,2285 398,2284 397,2284 397,2270 276,2270 276,2271 238,2271 238,2270 236,2270 236,2269 234,2269 234,2268 232,2268 232,2266 231,2266 231,2265 230,2265 230,2257 231,2257 231,2255 232,2255 232,2254 233,2254 233,2251 234,2251 234,2250 235,2250 235,2248 236,2248 236,2247 239,2247 239,2246 241,2246 241,2245 243,2245 243,2244 245,2244 245,2223 246,2223 246,2222 251,2222 251,2223 252,2223 252,2224 253,2224 253,2225 356,2225 356,2224 358,2224 358,2223 361,2223 361,2222 390,2222 390,2221 392,2221 392,2220"/>
	<TextEquiv>
	<Unicode>ἀποθέμενοι</Unicode></TextEquiv></Word>
	<Word id="r122">
	<Coords points="695,2219 695,2220 696,2220 696,2240 829,2240 829,2241 830,2241 830,2243 831,2243 831,2245 830,2245 830,2249 829,2249 829,2251 828,2251 828,2254 827,2254 827,2255 826,2255 826,2256 825,2256 825,2257 824,2257 824,2258 823,2258 823,2260 821,2260 821,2261 820,2261 820,2262 819,2262 819,2263 818,2263 818,2264 817,2264 817,2265 815,2265 815,2267 813,2267 813,2268 693,2268 693,2269 692,2269 692,2272 691,2272 691,2276 690,2276 690,2279 689,2279 689,2280 687,2280 687,2281 679,2281 679,2283 678,2283 678,2284 676,2284 676,2285 672,2285 672,2284 670,2284 670,2281 669,2281 669,2270 604,2270 604,2269 564,2269 564,2262 565,2262 565,2260 566,2260 566,2256 567,2256 567,2255 568,2255 568,2250 569,2250 569,2248 570,2248 570,2246 571,2246 571,2244 572,2244 572,2243 575,2243 575,2242 615,2242 615,2241 686,2241 686,2233 687,2233 687,2230 688,2230 688,2227 689,2227 689,2223 690,2223 690,2221 691,2221 691,2220 692,2220 692,2219"/>
	<TextEquiv>
	<Unicode>κατῄεσαν</Unicode></TextEquiv></Word>
	<Word id="r123">
	<Coords points="877,2220 877,2221 879,2221 879,2224 880,2224 880,2239 895,2239 895,2240 898,2240 898,2241 901,2241 901,2242 903,2242 903,2244 904,2244 904,2245 905,2245 905,2249 901,2249 901,2266 900,2266 900,2268 899,2268 899,2269 898,2269 898,2270 897,2270 897,2271 895,2271 895,2272 890,2272 890,2271 889,2271 889,2268 867,2268 867,2267 863,2267 863,2266 862,2266 862,2265 861,2265 861,2264 860,2264 860,2263 859,2263 859,2261 858,2261 858,2257 857,2257 857,2255 858,2255 858,2251 859,2251 859,2249 860,2249 860,2248 861,2248 861,2246 862,2246 862,2245 864,2245 864,2243 866,2243 866,2242 868,2242 868,2241 870,2241 870,2221 871,2221 871,2220"/>
	<TextEquiv>
	<Unicode>ἐς</Unicode></TextEquiv></Word>
	<Word id="r124">
	<Coords points="977,2216 977,2217 978,2217 978,2218 979,2218 979,2220 980,2220 980,2223 981,2223 981,2225 982,2225 982,2229 983,2229 983,2231 984,2231 984,2238 1021,2238 1021,2239 1022,2239 1022,2240 1023,2240 1023,2247 1022,2247 1022,2249 1021,2249 1021,2250 1020,2250 1020,2253 1019,2253 1019,2254 1018,2254 1018,2255 1017,2255 1017,2256 1016,2256 1016,2257 1015,2257 1015,2258 1014,2258 1014,2259 1013,2259 1013,2260 1012,2260 1012,2261 1010,2261 1010,2262 1009,2262 1009,2263 1006,2263 1006,2264 1004,2264 1004,2265 1002,2265 1002,2266 988,2266 988,2269 987,2269 987,2273 986,2273 986,2277 985,2277 985,2279 983,2279 983,2280 982,2280 982,2279 980,2279 980,2266 942,2266 942,2265 941,2265 941,2263 940,2263 940,2249 933,2249 933,2248 932,2248 932,2244 933,2244 933,2242 934,2242 934,2241 935,2241 935,2240 936,2240 936,2239 973,2239 973,2217 974,2217 974,2216"/>
	<TextEquiv>
	<Unicode>τὴν</Unicode></TextEquiv></Word>
	<Word id="r125">
	<Coords points="1114,2216 1114,2217 1115,2217 1115,2223 1127,2223 1127,2224 1130,2224 1130,2225 1131,2225 1131,2226 1132,2226 1132,2227 1134,2227 1134,2228 1135,2228 1135,2229 1136,2229 1136,2231 1137,2231 1137,2233 1138,2233 1138,2235 1139,2235 1139,2236 1203,2236 1203,2237 1204,2237 1204,2238 1205,2238 1205,2255 1216,2255 1216,2256 1218,2256 1218,2258 1219,2258 1219,2263 1218,2263 1218,2264 1217,2264 1217,2265 1058,2265 1058,2264 1056,2264 1056,2263 1055,2263 1055,2249 1050,2249 1050,2248 1049,2248 1049,2241 1050,2241 1050,2240 1051,2240 1051,2239 1052,2239 1052,2238 1055,2238 1055,2237 1083,2237 1083,2236 1106,2236 1106,2227 1107,2227 1107,2222 1108,2222 1108,2220 1109,2220 1109,2217 1110,2217 1110,2216"/>
	<TextEquiv>
	<Unicode>πόλιν.</Unicode></TextEquiv></Word>
	<Word id="r126">
	<Coords points="1376,2219 1378,2219 1378,2220 1381,2220 1381,2221 1383,2221 1383,2228 1384,2228 1384,2255 1395,2255 1395,2256 1397,2256 1397,2257 1398,2257 1398,2258 1399,2258 1399,2259 1400,2259 1400,2262 1399,2262 1399,2263 1398,2263 1398,2264 1395,2264 1395,2263 1315,2263 1315,2261 1314,2261 1314,2258 1313,2258 1313,2255 1312,2255 1312,2251 1311,2251 1311,2250 1310,2250 1310,2245 1309,2245 1309,2242 1308,2242 1308,2240 1307,2240 1307,2237 1306,2237 1306,2235 1305,2235 1305,2232 1304,2232 1304,2231 1303,2231 1303,2228 1302,2228 1302,2225 1301,2225 1301,2223 1292,2223 1292,2222 1293,2222 1293,2221 1374,2221 1374,2220 1376,2220"/>
	<TextEquiv>
	<Unicode>Val.</Unicode></TextEquiv></Word>
	<Word id="r128">
	<Coords points="1450,2235 1450,2236 1452,2236 1452,2237 1453,2237 1453,2238 1455,2238 1455,2240 1457,2240 1457,2242 1458,2242 1458,2245 1459,2245 1459,2247 1460,2247 1460,2255 1469,2255 1469,2256 1470,2256 1470,2258 1471,2258 1470,2258 1470,2262 1469,2262 1469,2263 1446,2263 1446,2277 1445,2277 1445,2278 1431,2278 1431,2277 1430,2277 1430,2236 1432,2236 1432,2235"/>
	<TextEquiv>
	<Unicode>p.</Unicode></TextEquiv></Word>
	<Word id="r129">
	<Coords points="1586,2220 1586,2221 1589,2221 1589,2222 1591,2222 1591,2224 1592,2224 1592,2225 1593,2225 1593,2226 1594,2226 1594,2228 1595,2228 1595,2230 1596,2230 1596,2233 1597,2233 1597,2238 1598,2238 1598,2255 1607,2255 1607,2256 1611,2256 1611,2257 1612,2257 1612,2259 1611,2259 1611,2263 1610,2263 1610,2264 1608,2264 1608,2265 1608,2264 1581,2264 1581,2263 1511,2263 1511,2262 1508,2262 1508,2261 1507,2261 1507,2260 1506,2260 1506,2259 1505,2259 1505,2258 1504,2258 1504,2257 1503,2257 1503,2252 1504,2252 1504,2250 1505,2250 1505,2240 1506,2240 1506,2223 1507,2223 1507,2222 1508,2222 1508,2221 1583,2221 1583,2220"/>
	<TextEquiv>
	<Unicode>549.</Unicode></TextEquiv></Word>
	<TextEquiv>
	<Unicode>ἀποθέμενοι κατῄεσαν ἐς τὴν πόλιν. Val. p. 549.</Unicode></TextEquiv></TextLine>
	<TextLine id="r29">
	<Coords points="251,2515 251,2516 252,2516 252,2529 278,2529 278,2530 281,2530 281,2532 283,2532 283,2533 284,2533 284,2534 285,2534 285,2536 286,2536 286,2537 287,2537 287,2543 286,2543 286,2545 285,2545 285,2548 284,2548 284,2552 283,2552 283,2554 281,2554 281,2555 278,2555 278,2556 275,2556 275,2557 275,2556 240,2556 240,2555 237,2555 237,2554 235,2554 235,2553 234,2553 234,2552 233,2552 233,2551 232,2551 232,2550 231,2550 231,2549 230,2549 230,2539 229,2539 229,2533 230,2533 230,2530 231,2530 231,2528 232,2528 232,2526 233,2526 233,2525 234,2525 234,2523 235,2523 235,2521 236,2521 236,2520 238,2520 238,2519 239,2519 239,2518 241,2518 241,2517 243,2517 243,2516 245,2516 245,2515"/>
	<Word id="r195">
	<Coords points="251,2515 251,2516 252,2516 252,2529 278,2529 278,2530 281,2530 281,2532 283,2532 283,2533 284,2533 284,2534 285,2534 285,2536 286,2536 286,2537 287,2537 287,2543 286,2543 286,2545 285,2545 285,2548 284,2548 284,2552 283,2552 283,2554 281,2554 281,2555 278,2555 278,2556 275,2556 275,2557 275,2556 240,2556 240,2555 237,2555 237,2554 235,2554 235,2553 234,2553 234,2552 233,2552 233,2551 232,2551 232,2550 231,2550 231,2549 230,2549 230,2539 229,2539 229,2533 230,2533 230,2530 231,2530 231,2528 232,2528 232,2526 233,2526 233,2525 234,2525 234,2523 235,2523 235,2521 236,2521 236,2520 238,2520 238,2519 239,2519 239,2518 241,2518 241,2517 243,2517 243,2516 245,2516 245,2515"/>
	<TextEquiv>
	<Unicode>60</Unicode></TextEquiv></Word>
	<TextEquiv>
	<Unicode>60</Unicode></TextEquiv></TextLine></TextRegion></Page></PcGts>
