1747 2693
300 148 619 232 APPIAN'S
632 154 906 235 ROMAN
925 158 1264 238 HISTORY,
1267 151 1483 235 BOOK
1500 151 1596 225 III

919 314 967 358 II

286 418 418 469 Ὅτι
466 417 715 472 Μάλλιος
750 418 1074 483 Τορκουάτος
1112 417 1136 467 ὁ
1176 418 1375 471 ὕπατος
1423 420 1653 472 τοιοῦτος

234 488 293 550 ἦν
331 488 422 550 τὴν
471 486 674 552 ἀρετήν.
747 485 914 551 τούτῳ
952 485 1128 551 πατὴρ
1172 486 1438 550 ἐγεγένητο
1477 507 1649 551 μικρο-

232 556 388 620 λόγος
414 555 503 605 καὶ
542 553 735 619 ἀμελὴς
777 555 824 608 ἐς
859 552 1030 604 αὐτόν.
1104 554 1194 603 καὶ
1219 555 1269 604 ἐν
1295 555 1470 620 ἀγροῖς
1498 554 1654 604 αὐτὸν

233 624 357 691 εἶχε,
397 622 528 689 μετὰ
567 626 667 672 τῶν
711 620 1044 687 θεραπόντων
1088 622 1421 688 ἐργαζόμενόν
1470 644 1525 672 τε
1567 622 1655 672 καὶ

237 690 557 759 τρεφόμενον.
631 689 976 757 γραψαμένου
1019 690 1071 740 δὲ
1115 691 1273 740 αὐτὸν
1312 691 1398 740 ἐπὶ
1433 695 1655 744 πολλοῖς

236 760 522 825 ἀδικήμασι
560 757 879 823 Πομπωνίου
916 758 1203 826 δημάρχου,
1243 759 1331 808 καὶ
1367 759 1652 823 μέλλοντος

236 831 362 895 ἐρεῖν
400 850 449 879 τι
487 828 575 878 καὶ
612 827 730 893 περὶ
768 832 857 889 τῆς
895 828 943 881 ἐς
974 827 1061 877 τὸν
1096 827 1262 877 παῖδα
1301 828 1595 885 κακώσεως,
1626 827 1649 876 ὁ

235 901 359 952 παῖς
396 897 480 947 ὅδε
517 897 766 949 Μάλλιος
802 896 938 958 ἧκεν,
975 896 1305 961 ἐπικρύπτων
1344 896 1579 962 ξιφίδιον,
1608 896 1656 950 ἐς

240 966 327 1029 τὴν
376 965 544 1016 οἰκίαν
592 969 684 1014 τοῦ
733 964 1017 1031 δημάρχου,
1069 964 1157 1014 καὶ
1207 968 1382 1031 τυχεῖν
1438 964 1656 1028 ἠξίωσεν

237 1036 397 1085 αὐτοῦ
443 1033 601 1099 μόνου
650 1035 715 1086 ὡς
765 1032 827 1095 δή
876 1055 927 1083 τι
974 1033 1141 1096 λέξων
1177 1034 1437 1099 χρήσιμον
1478 1035 1525 1086 ἐς
1564 1032 1655 1095 τὴν

237 1103 392 1165 δίκην.
469 1101 772 1168 ὑποδεχθεὶς
810 1100 863 1151 δὲ
900 1101 989 1150 καὶ
1024 1101 1195 1165 λέγειν
1234 1101 1516 1168 ἀρχόμενος
1543 1101 1655 1151 ἐπέ-

236 1180 415 1222 κλεισε
441 1170 532 1225 τὰς
560 1170 734 1236 θύρας,
764 1170 852 1219 καὶ
878 1169 935 1220 τὸ
963 1168 1109 1235 ξίφος
1130 1171 1437 1223 ἐπισπάσας
1453 1169 1656 1233 ἠπείλει

237 1245 307 1307 τῷ
358 1240 609 1306 δημάρχῳ
658 1242 850 1288 κτενεῖν
898 1238 1071 1296 αὐτόν,
1109 1238 1153 1288 εἰ
1199 1238 1269 1302 μὴ
1308 1237 1539 1302 ὀμόσειεν
1576 1238 1656 1288 ὅτι

234 1308 387 1359 λύσει
416 1312 486 1374 τῷ
512 1307 676 1372 πατρὶ
702 1306 795 1369 τὴν
820 1306 979 1369 δίκην.
1055 1307 1142 1357 καὶ
1180 1305 1204 1357 ὁ
1242 1306 1333 1371 μὲν
1371 1307 1543 1370 ὤμοσε
1569 1306 1657 1356 καὶ

238 1377 492 1433 διέλυσεν,
538 1375 802 1440 ἐκθέμενος
845 1379 915 1441 τῷ
960 1375 1098 1439 δήμῳ
1141 1374 1197 1425 τὸ
1249 1375 1478 1438 συμβάν·
1530 1373 1555 1425 ὁ
1596 1372 1657 1425 δὲ

238 1447 486 1499 Μάλλιος
537 1446 594 1508 ἐξ
641 1443 835 1494 ἐκείνου
881 1443 1125 1509 λαμπρὸς
1170 1444 1247 1506 ἦν,
1298 1443 1657 1507 ἐπαινούμενος

236 1515 316 1565 ὅτι
366 1513 573 1564 τοιόσδε
621 1513 670 1567 ἐς
731 1512 925 1563 τοιόνδε
967 1512 1173 1578 πατέρα
1237 1511 1522 1577 ἐγεγένητο.
1592 1517 1652 1561 id.

237 1605 278 1648 p.
310 1588 419 1632 550.

908 1710 980 1753 III

305 1811 367 1862 Ὁ
431 1812 485 1862 δὲ
545 1811 705 1862 αὐτὸν
766 1813 834 1866 εἰς
893 1810 1222 1877 μονομαχίαν
1288 1814 1656 1876 προυκαλεῖτο,

239 1880 500 1932 σκώπτων
525 1881 573 1934 ἐς
595 1880 768 1930 αὐτόν.
841 1879 865 1930 ὁ
894 1880 946 1929 δὲ
975 1880 1097 1934 τέως
1122 1880 1214 1944 μὲν
1243 1880 1405 1929 αὑτοῦ
1430 1883 1657 1945 κατεῖχε,

237 1949 367 2015 μετὰ
393 1949 461 2007 δέ,
490 1950 548 1999 οὐ
573 1949 742 2015 φέρων
777 1948 854 1999 ἔτι
889 1948 945 1998 τὸ
982 1949 1250 2015 ἐρέθισμα,
1277 1947 1545 2010 ἀντήλασε
1570 1947 1659 1997 τὸν

239 2019 417 2069 ἵππον.
490 2023 619 2066 Suid.
648 2038 690 2067 v.
720 2017 985 2084 ἐρέθισμα.

927 2169 990 2210 IV

310 2279 350 2322 1.
377 2271 507 2322 Ὅτι
533 2272 783 2323 Σαυνῖται
810 2271 858 2324 ἐς
885 2269 977 2332 τὴν
1004 2272 1382 2335 Φρεγελλανῶν
1401 2268 1656 2333 ἐμβαλόν-

241 2363 319 2394 τες
348 2340 613 2406 ἐπόρθουν,
640 2340 887 2404 Ῥωμαῖοι
914 2338 967 2388 δὲ
998 2335 1263 2391 Σαυνιτῶν
1300 2338 1388 2387 καὶ
1426 2335 1659 2386 Δαυνίων

240 2410 558 2473 ὀγδοήκοντα
585 2408 761 2473 κώμας
796 2407 884 2458 καὶ
916 2406 1040 2473 μίαν
1073 2407 1230 2463 εἷλον,
1266 2407 1354 2456 καὶ
1390 2405 1577 2472 ἄνδρας
1604 2405 1660 2470 ἐξ

240 2502 296 2548 62
