1747 2693
300 145 612 229 APPIAN'S
638 151 903 222 ROMAN
919 148 1254 238 HISTORY,
1264 154 1464 238 BOOK
1480 161 1600 225 III

234 285 401 334 αὐτῶν
437 284 642 352 χιλίους
680 286 768 336 καὶ
804 287 1104 355 δισμυρίους
1141 290 1407 346 ἀνελόντες
1458 294 1647 344 ἀπανέ-

235 381 440 421 στησαν
477 361 665 415 αὐτοὺς
702 361 807 411 ἀπὸ
846 368 936 425 τῆς
974 365 1292 430 Φρεγέλλης.
1365 368 1455 417 καὶ
1484 369 1648 418 πάλιν

233 436 280 487 ἐς
305 432 504 499 Ῥώμην
531 434 851 501 ἐπρέσβευον
877 436 925 486 οἱ
952 434 1216 496 Σαυνῖται,
1244 440 1398 506 νεκρὰ
1426 442 1645 506 σώματα

233 508 428 575 ἀνδρῶν
463 509 703 577 φέροντες
742 513 807 565 ὡς
856 512 1052 568 αἰτίους
1091 514 1239 565 τοῦδε
1276 520 1368 566 τοῦ
1416 518 1647 583 πολέμου

230 585 509 649 γεγονότας
559 586 882 652 ἀνῃρηκότες,
923 588 1011 638 καὶ
1056 589 1277 655 χρυσίον
1316 593 1380 645 ὡς
1417 592 1522 642 ἀπὸ
1560 598 1648 656 τῆς

232 659 433 711 ἐκείνων
457 661 761 727 περιουσίας
786 665 1182 729 πεπορισμένον.
1257 665 1335 733 ἐφ᾽
1362 667 1436 721 οἷς
1462 668 1648 722 αὐτοὺς

232 737 261 798 ἡ
297 735 471 799 βουλὴ
511 736 649 786 πάνυ
686 737 967 801 νομίζουσα
1007 741 1305 805 τετρῦσθαι,
1346 742 1645 808 προσεδόκα

231 813 665 866 κακοπαθοῦντας
692 812 931 863 ἐνδώσειν
957 814 1076 879 περὶ
1113 821 1203 879 τῆς
1237 816 1526 881 ἡγεμονίας.
1602 819 1649 868 οἱ

232 885 284 935 δὲ
310 884 375 935 τὰ
399 886 490 950 μὲν
517 886 660 936 ἄλλα
688 886 942 955 ἐδέχοντο,
971 890 1059 939 καὶ
1098 892 1143 940 εἴ
1167 912 1216 940 τι
1242 891 1331 941 καὶ
1356 892 1645 957 ἀντέλεγον,

230 961 260 1024 ἢ
304 965 632 1028 παρῃτοῦντο
676 962 765 1012 καὶ
807 965 1141 1030 παρεκάλουν
1179 966 1210 1029 ἢ
1253 966 1301 1020 ἐς
1342 965 1432 1021 τὰς
1469 967 1647 1022 πόλεις

230 1035 538 1087 ἀνετίθεντο·
579 1038 696 1102 περὶ
723 1037 773 1087 δὲ
803 1043 891 1101 τῆς
931 1039 1203 1104 ἡγεμονίας
1238 1043 1328 1091 οὐκ
1356 1042 1647 1110 ἀνασχόμε-

230 1132 305 1161 νοι
346 1113 511 1162 πάλιν
548 1112 652 1162 οὐδ᾽
690 1114 931 1171 ἀκοῦσαι,
960 1116 1051 1164 οὐκ
1089 1115 1430 1181 ἐκδωσόμενοι
1469 1117 1529 1181 δὴ
1557 1118 1647 1172 τὰς

229 1186 409 1241 πόλεις
449 1187 658 1254 ἔφασαν
694 1190 849 1253 ἥκειν,
886 1189 1008 1239 ἀλλ᾽
1036 1191 1083 1244 ἐς
1109 1191 1295 1257 φιλίαν
1322 1193 1644 1257 συνάξοντες.

228 1262 513 1326 λυσάμενοι
563 1262 623 1326 δὴ
674 1267 765 1314 τοῦ
812 1264 1038 1332 χρυσίου
1099 1267 1216 1321 τοὺς
1277 1267 1647 1334 αἰχμαλώτους

229 1336 470 1403 ἀπῄεσαν
507 1338 649 1404 ὀργῇ,
688 1339 776 1389 καὶ
814 1340 905 1404 τὴν
941 1344 1125 1407 πεῖραν
1163 1343 1366 1409 ἔχοντες
1404 1343 1495 1407 τὴν
1531 1345 1647 1411 περὶ

230 1416 319 1475 τῆς
343 1413 631 1477 ἡγεμονίας.

299 1494 340 1536 2.
385 1489 491 1538 Καὶ
529 1488 776 1554 Ῥωμαῖοι
818 1490 909 1555 μὲν
953 1491 1273 1559 ἐψηφίζοντο
1315 1493 1444 1558 μηδὲ
1487 1516 1645 1561 πρεσ-

227 1562 376 1622 βείας
437 1563 510 1613 ἔτι
572 1564 719 1631 παρὰ
784 1562 1048 1619 Σαυνιτῶν
1116 1568 1450 1634 προσίεσθαι,
1524 1569 1645 1620 ἀλλ᾽

229 1638 490 1689 ἄσπονδον
538 1640 628 1690 καὶ
676 1640 964 1706 ἀκήρυκτον
1013 1642 1242 1708 πόλεμον
1279 1646 1455 1699 αὐτοῖς
1491 1652 1644 1696 πολε-

225 1717 336 1777 μεῖν
396 1715 486 1768 ἕως
549 1715 685 1764 κατὰ
744 1717 934 1781 κράτος
995 1718 1229 1782 ἐξέλωσι,
1293 1720 1406 1774 θεὸς
1455 1719 1497 1769 δ᾽
1547 1722 1643 1771 ἐνε-

225 1789 426 1852 μέσησε
480 1795 569 1853 τῆς
622 1792 1029 1859 μεγαληγορίας,
1082 1794 1172 1844 καὶ
1223 1795 1439 1861 ὕστερον
1493 1797 1643 1861 ἡττή-

226 1864 397 1927 θησαν
435 1865 535 1915 ὑπὸ
572 1861 837 1919 Σαυνιτῶν
875 1868 963 1918 καὶ
1001 1868 1101 1919 ὑπὸ
1143 1869 1291 1934 ζυγὸν
1327 1872 1574 1937 ἤχθησαν
1599 1872 1646 1921 οἱ

225 1939 489 2005 Ῥωμαῖοι.
587 1943 635 1997 ἐς
683 1942 784 2008 γὰρ
834 1945 1161 1996 στενώτατον
1207 1950 1379 2012 χῶρον
1428 1947 1638 2002 τούτους

225 2016 634 2080 συγκλείσαντες
684 2017 731 2067 οἱ
780 2014 1031 2072 Σαυνῖται
1081 2024 1172 2070 τοῦ
1221 2021 1446 2072 Ποντίου
1496 2026 1644 2089 σφῶν

227 2096 660 2157 στρατηγοῦντος,
699 2094 788 2143 καὶ
824 2098 961 2160 λιμῷ
999 2096 1310 2160 πιεζομένων
1357 2096 1640 2162 Ῥωμαίων,

225 2166 272 2216 οἱ
308 2168 598 2232 στρατηγοὶ
635 2172 784 2234 σφῶν
819 2171 1273 2235 πρεσβευσάμενοι
1310 2174 1643 2238 παρεκάλουν

225 2241 313 2291 τὸν
350 2241 573 2292 Πόντιον
610 2243 938 2294 καταθέσθαι
976 2245 1249 2309 Ῥωμαίοις
1285 2248 1458 2314 χάριν,
1485 2248 1547 2310 ἣν
1584 2250 1643 2298 οὐ

223 2317 417 2367 πολλοὶ
459 2318 757 2385 παρέχουσι
800 2319 985 2386 καιροί.
1063 2320 1086 2371 ὁ
1131 2322 1183 2372 δὲ
1224 2322 1539 2390 ἀπεκρίνατο
1572 2324 1641 2389 μὴ

222 2392 326 2443 δεῖν
368 2392 496 2457 μηδὲ
537 2395 846 2459 πρεσβεύειν
887 2396 961 2446 ἔτι
1006 2396 1131 2463 πρὸς
1173 2397 1347 2454 αὐτόν,
1389 2398 1429 2448 εἰ
1469 2399 1538 2463 μὴ
1578 2399 1640 2449 τὰ

222 2486 279 2539 64
