1747 2693
470 141 812 219 APPIAN'S
825 145 1083 219 ROMAN
1103 141 1425 212 HISTORY

238 283 382 333 ὅπλα
420 282 509 332 καὶ
551 280 738 335 αὑτοὺς
778 280 1071 346 παραδοῖεν.
1146 281 1326 346 θρῆνος
1362 281 1447 329 οὖν
1482 281 1540 342 ἦν
1567 280 1650 329 οἷα

238 357 440 411 πόλεως
482 355 730 417 ἁλούσης.
802 355 891 405 καὶ
940 355 988 405 οἱ
1036 353 1324 419 στρατηγοὶ
1370 353 1652 419 διέτριψαν

237 433 327 497 μὲν
363 433 438 482 ἔτι
477 431 647 484 ἄλλας
684 429 887 496 ἡμέρας,
927 429 1189 483 ὀκνοῦντες
1227 427 1435 493 ἀνάξιόν
1469 450 1518 479 τι
1564 434 1651 491 τῆς

239 508 437 560 πόλεως
464 505 813 571 ἐργάσασθαι·
855 506 919 558 ὡς
947 503 988 554 δ᾽
1016 504 1133 554 οὔτε
1157 503 1366 570 μηχανὴ
1394 503 1651 569 σωτηρίας

238 580 491 648 ἐφαίνετο,
536 580 564 630 ὅ
605 601 659 630 τε
699 578 850 644 λιμὸς
882 577 1077 642 ἐπίεζεν
1113 578 1315 634 αὐτούς,
1355 578 1443 627 καὶ
1480 580 1651 640 νεότης

237 656 298 717 ἦν
322 655 475 705 πέντε
499 652 775 720 μυριάδων,
811 653 872 715 ἣν
911 654 1104 703 ὤκνουν
1139 652 1474 719 φθειρομένην
1502 654 1651 719 ὑπερ-

238 730 375 787 ιδεῖν,
404 729 701 795 ἐπέτρεψαν
735 727 945 782 ἑαυτοὺς
979 732 1048 793 τῷ
1094 726 1313 793 Ποντίῳ,
1341 727 1428 776 καὶ
1461 748 1650 792 παρεκ-

239 806 413 863 άλουν,
454 807 554 854 εἴτε
591 803 802 853 κτείνειν
839 804 939 853 εἴτε
976 806 1173 852 πωλεῖν
1211 803 1313 851 εἴτε
1351 803 1649 868 φυλάσσειν

238 880 321 930 ἐπὶ
369 878 577 944 λύτροις
639 878 827 935 ἕλοιτο,
876 877 1032 942 μηδὲν
1080 879 1127 930 ἐς
1178 876 1397 941 σώματα
1457 876 1653 943 ἀνδρῶν

239 953 573 1021 ἀτυχούντων
601 951 831 1019 ὑβρίσαι.

306 1037 347 1078 3.
387 1028 449 1078 Ὁ
484 1029 535 1079 δὲ
563 1032 633 1094 τῷ
661 1028 822 1094 πατρὶ
848 1026 1272 1089 συνεβουλεύετο,
1304 1028 1647 1093 μεταπεμψά-

236 1126 382 1169 μενος
406 1103 563 1154 αὐτὸν
589 1106 644 1153 ἐκ
670 1107 762 1153 τοῦ
788 1102 1032 1159 Καυδίου,
1062 1101 1338 1168 φερόμενον
1359 1102 1459 1151 ὑπὸ
1485 1104 1651 1168 γήρως

238 1181 424 1246 ἁμάξῃ.
499 1178 585 1228 καὶ
612 1176 636 1228 ὁ
674 1177 979 1241 πρεσβύτης
1017 1177 1129 1243 ἔφη,
1161 1177 1261 1226 "ἓν
1288 1177 1445 1233 ἔστιν,
1473 1176 1511 1226 ὦ
1538 1181 1650 1233 παῖ,

236 1256 467 1320 μεγάλης
516 1254 706 1320 ἔχθρας
757 1253 1044 1319 φάρμακον,
1088 1250 1381 1318 εὐεργεσίας
1421 1252 1451 1314 ἢ
1496 1253 1650 1301 κολά-

238 1352 368 1384 σεως
395 1329 681 1395 ὑπερβολή.
757 1329 811 1378 αἱ
836 1327 927 1392 μὲν
953 1328 1042 1377 οὖν
1068 1328 1313 1381 κολάσεις
1341 1328 1650 1389 καταπλήσ-

238 1427 439 1461 σουσιν,
467 1404 521 1453 αἱ
548 1403 598 1453 δὲ
624 1401 913 1470 εὐεργεσίαι
936 1402 1309 1466 προσάγονται.
1374 1403 1484 1452 ἴσθι
1510 1400 1653 1464 νίκην

239 1479 387 1542 τήνδε
446 1478 657 1544 πρώτην
716 1477 802 1527 καὶ
861 1478 1129 1541 μεγίστην,
1183 1478 1512 1543 θησαυρίζειν
1561 1477 1653 1540 τὴν

239 1556 500 1621 εὐτυχίαν·
548 1554 633 1603 καὶ
684 1554 884 1607 πάντας
933 1552 1206 1603 ἀπόλυσον
1256 1553 1489 1608 ἀπαθεῖς,
1535 1552 1649 1616 μήτ᾽

239 1632 517 1693 ἐνυβρίσας
543 1628 658 1692 μήτ᾽
687 1626 1003 1692 ἀφελόμενος
1028 1626 1197 1691 μηδέν,
1227 1626 1307 1676 ἵνα
1347 1630 1482 1676 σῶον
1508 1626 1537 1693 ᾖ
1565 1648 1651 1676 σοι

240 1704 297 1754 τὸ
335 1703 545 1768 μέγεθος
586 1708 675 1767 τῆς
724 1701 1029 1769 εὐεργεσίας.
1106 1701 1207 1751 εἰσὶ
1252 1701 1307 1757 δ᾽,
1351 1703 1415 1755 ὡς
1463 1701 1649 1758 ἀκούω,

241 1771 651 1838 φιλοτιμότατοι.
726 1771 868 1823 ἀλλὰ
893 1769 1071 1835 μόναις
1095 1769 1407 1836 εὐεργεσίαις
1428 1771 1648 1834 ἡττώμε-

240 1863 314 1890 νοι
366 1839 755 1904 διαγωνιοῦνταί
803 1861 888 1889 σοι
938 1839 1054 1903 περὶ
1091 1838 1249 1900 τῆσδε
1289 1843 1375 1901 τῆς
1420 1839 1647 1905 χάριτος.

240 1910 375 1977 ἔχεις
435 1908 676 1975 ἐνέχυρον
737 1908 884 1969 τήνδε
944 1908 1037 1964 τὴν
1096 1909 1394 1973 εὐεργεσίαν
1454 1906 1652 1973 εἰρήνης

240 1977 502 2027 ἀθανάτου
549 1979 751 2036 λαβεῖν.
825 1977 887 2038 ἢν
937 1975 989 2025 δέ
1038 1997 1097 2025 σε
1146 1981 1313 2025 ταῦτα
1360 1974 1429 2038 μὴ
1478 1975 1648 2038 πείθῃ,

241 2050 439 2095 κτεῖνον
464 2045 699 2098 ἅπαντας
726 2043 945 2108 ὁμαλῶς,
966 2043 1082 2107 μηδ᾽
1109 2043 1333 2107 ἄγγελον
1361 2043 1649 2093 ὑπολιπών.

239 2114 375 2178 λέγω
438 2113 477 2162 δ᾽
537 2115 707 2163 ἐκεῖνα
754 2112 847 2177 μὲν
895 2112 1204 2178 αἱρούμενος,
1257 2115 1422 2161 ταῦτα
1484 2111 1523 2160 δ᾽
1586 2113 1650 2165 ὡς

240 2184 514 2247 ἀναγκαῖα.
620 2181 865 2245 Ῥωμαῖοι
924 2180 1023 2247 γὰρ
1085 2179 1255 2230 ὁτιοῦν
1314 2179 1651 2245 ὑβρισθέντες

240 2249 557 2314 ἀμυνοῦνταί
593 2272 654 2299 σε
685 2250 908 2303 πάντως·
948 2249 1257 2307 ἀμυνεῖσθαι
1287 2247 1338 2297 δὲ
1363 2247 1650 2312 μέλλοντας

241 2320 424 2373 αὐτοὺς
451 2318 922 2385 προκατάβλαπτε.
995 2319 1167 2381 μεῖζον
1201 2315 1240 2365 δ᾽
1276 2317 1367 2366 οὐκ
1402 2316 1463 2366 ἂν
1490 2318 1650 2383 εὕροις

239 2389 449 2449 βλάβος
477 2386 601 2437 νέων
628 2385 753 2452 ὁμοῦ
779 2386 933 2436 πέντε
957 2382 1264 2451 μυριάδων."

241 2479 300 2522 66
