1747 2693
458 122 793 216 APPIAN'S
806 125 1074 219 ROMAN
1087 125 1406 212 HISTORY

294 281 335 325 4.
374 274 437 324 Ὁ
468 274 561 340 μὲν
585 278 824 325 τοσαῦτα
859 274 1014 333 εἶπεν,
1052 273 1076 325 ὁ
1107 274 1160 325 δὲ
1193 277 1318 328 παῖς
1352 275 1635 340 ἀντέλεξεν·

226 357 351 407 "ὅτι
370 355 475 421 μέν,
495 355 532 405 ὦ
549 356 732 422 πάτερ,
752 356 1102 406 ἐναντιώτατα
1119 354 1269 409 εἶπας
1287 356 1558 419 ἀλλήλοις,
1581 357 1639 407 οὐ

225 437 487 501 θαυμάζω·
510 440 765 503 προεῖπας
781 435 882 503 γὰρ
900 437 1028 503 ἐρεῖν
1049 436 1349 503 ὑπερβολὰς
1367 438 1639 505 ἑκατέρων.

226 519 324 583 ἐγὼ
352 518 404 569 δὲ
430 521 489 569 οὐ
514 522 675 569 κτενῶ
700 519 791 584 μὲν
818 519 1006 586 ἄνδρας
1031 520 1328 577 τοσούτους,
1356 518 1559 585 νέμεσίν
1584 542 1640 572 τε

225 602 344 651 θεοῦ
371 600 773 668 φυλασσόμενος
808 601 899 652 καὶ
933 600 1124 668 φθόνον
1161 601 1447 668 ἀνθρώπων
1470 601 1640 653 αἰδού-

223 704 385 747 μενος,
413 682 502 732 καὶ
544 682 609 734 τὰ
653 684 771 745 ἔθνη
807 683 898 738 τὰς
937 685 985 738 ἐς
1011 683 1279 747 ἀλλήλους
1307 683 1523 738 ἐλπίδας
1549 685 1641 735 οὐκ

224 764 586 831 ἀφαιρήσομαι
622 763 684 814 δι᾽
722 764 1009 828 ἀνηκέστου
1048 768 1225 816 κακοῦ.
1298 765 1415 832 περὶ
1465 764 1517 815 δὲ
1554 771 1642 830 τῆς

224 847 462 914 ἀφέσεως
509 847 612 898 οὐδ᾽
671 849 811 914 αὐτῷ
869 848 964 913 μέν
1012 869 1101 914 μοι
1160 847 1311 906 δοκεῖ,
1375 848 1642 914 Ῥωμαίων

223 929 406 980 πολλὰ
453 930 539 980 καὶ
590 929 729 980 δεινὰ
778 928 1099 997 δεδρακότων
1144 931 1289 995 ἡμᾶς,
1339 931 1425 981 καὶ
1472 931 1641 999 χωρία

224 1011 312 1062 καὶ
371 1009 552 1066 πόλεις
603 1010 849 1078 ἡμετέρας
898 1011 974 1062 ἔτι
1022 1015 1110 1063 νῦν
1166 1010 1406 1079 ἐχόντων,
1456 1012 1641 1063 τούσδε

225 1092 342 1148 τοὺς
382 1092 715 1158 εἰλημμένους
750 1092 1004 1144 ἀπολύειν
1045 1093 1239 1148 παντὸς
1275 1095 1508 1149 ἀπαθεῖς.
1583 1097 1641 1146 οὐ

223 1174 443 1238 ποιήσω·
482 1174 744 1240 ἐμπληξία
786 1174 887 1242 γὰρ
935 1177 965 1239 ἡ
1016 1175 1206 1239 ἄλογος
1255 1176 1639 1243 φιλανθρωπία.

224 1257 501 1309 ἐπισκόπει
540 1258 607 1315 δέ,
647 1258 826 1324 παρεὶς
857 1257 957 1324 ἐμέ,
998 1257 1085 1309 καὶ
1121 1257 1178 1309 τὸ
1220 1262 1321 1309 τῶν
1359 1255 1637 1313 Σαυνιτῶν·

223 1340 293 1391 ὧν
317 1340 496 1395 παῖδες
522 1341 607 1391 καὶ
646 1340 865 1407 πατέρες
903 1340 987 1391 καὶ
1025 1339 1245 1407 ἀδελφοὶ
1271 1341 1513 1392 τεθνᾶσιν
1540 1342 1639 1392 ὑπὸ

220 1421 501 1487 Ῥωμαίων,
529 1422 616 1473 καὶ
652 1421 892 1487 κτήματα
929 1423 1013 1473 καὶ
1051 1422 1297 1490 χρήματα
1323 1424 1639 1490 ἀφῃρημένοι

222 1503 476 1572 χρῄζουσι
513 1503 860 1571 παραμυθίας·
900 1503 1056 1573 φύσει
1106 1504 1157 1555 δὲ
1205 1508 1396 1572 γαῦρον
1444 1504 1468 1556 ὁ
1518 1527 1640 1557 νενι-

223 1586 405 1648 κηκώς,
450 1585 537 1636 καὶ
592 1585 657 1636 τὰ
712 1585 863 1653 κέρδη
913 1586 1343 1652 περιβλέπονται.
1440 1585 1515 1642 τίς
1553 1588 1641 1638 οὖν

223 1666 460 1733 ἀνέξεταί
504 1689 604 1732 μου
654 1666 841 1718 τούσδε
888 1667 957 1732 μὴ
1007 1667 1220 1719 κτείνειν
1265 1668 1391 1732 μηδὲ
1445 1674 1641 1721 πωλεῖν

221 1749 348 1814 μηδὲ
400 1751 622 1815 ζημιοῦν,
672 1750 795 1800 ἀλλ᾽
845 1752 910 1804 ὡς
959 1750 1225 1817 εὐεργέτας
1261 1751 1479 1805 ἀπαθεῖς
1514 1773 1638 1818 προ-

222 1827 468 1893 πέμπειν;
510 1826 593 1877 διὰ
627 1827 719 1892 μὲν
759 1826 818 1890 δὴ
859 1832 1023 1878 ταῦτα
1066 1832 1311 1895 παρῶμεν
1353 1827 1445 1883 τὰς
1488 1830 1638 1895 ὑπερ-

221 1907 404 1967 βολάς,
468 1906 579 1956 ἐπεὶ
638 1911 727 1970 τῆς
785 1906 877 1970 μὲν
936 1908 994 1957 οὐ
1054 1907 1224 1973 κύριος
1283 1906 1397 1971 ἐγώ,
1460 1913 1547 1971 τῆς
1597 1908 1638 1958 δ᾽

222 1983 697 2050 ἀπανθρωποτέρας
746 1985 838 2034 οὐκ
887 1984 1155 2052 ἀνέχομαι·
1205 1986 1270 2039 ὡς
1329 1984 1372 2034 δ᾽
1430 1986 1493 2036 ἂν
1552 1987 1638 2037 καὶ

221 2060 487 2126 Ῥωμαίων
526 2083 575 2112 τι
619 2066 710 2112 τοῦ
747 2062 1074 2129 φρονήματος
1111 2062 1401 2129 περιέλοιμι
1450 2064 1535 2114 καὶ
1573 2064 1637 2115 τὰ

221 2139 349 2206 πρὸς
407 2139 524 2194 τοὺς
573 2140 768 2195 ἄλλους
816 2140 1138 2203 ἀδιάβλητος
1187 2142 1306 2203 εἴην,
1356 2143 1499 2193 ὅπλα
1545 2143 1638 2207 μὲν

222 2217 422 2276 αὐτούς,
446 2219 519 2274 οἷς
544 2218 838 2286 ἐχρήσαντο
864 2219 942 2269 ἀεὶ
968 2219 1082 2269 καθ᾽
1100 2222 1255 2284 ἡμῶν,
1277 2220 1636 2287 ἀφαιρήσομαι

222 2296 308 2347 καὶ
344 2296 591 2364 χρήματα
628 2297 739 2361 (καὶ
764 2296 862 2362 γὰρ
890 2301 1055 2348 ταῦτα
1086 2298 1270 2367 ἔχουσι
1307 2299 1430 2365 παρ᾽
1455 2302 1634 2365 ἡμῶν),

223 2375 480 2442 ἐκπέμψω
524 2375 565 2424 δ᾽
607 2375 707 2425 ὑπὸ
752 2374 903 2440 ζυγὸν
949 2375 1131 2434 σώους,
1181 2376 1214 2442 ᾗ
1263 2376 1361 2428 τινὶ
1407 2377 1635 2445 αἰσχύνῃ

223 2466 281 2510 68
