1747 2693
454 135 774 225 APPIAN'S
793 138 1061 222 ROMAN
1090 141 1406 216 HISTORY

221 281 306 331 καὶ
351 280 501 331 αὐτοὶ
540 281 671 331 κατ᾽
712 280 892 331 ἄλλων
941 280 1251 347 ἐχρήσαντο,
1303 279 1389 329 καὶ
1437 279 1637 345 εἰρήνην

219 356 347 406 εἶναι
396 359 502 409 τοῖς
557 356 725 406 ἔθνεσι
775 355 1119 419 συνθήσομαι,
1172 358 1273 404 τῶν
1321 375 1377 404 τε
1437 353 1638 404 ἱππέων

219 429 524 494 ἐπιλέξομαι
579 429 696 484 τοὺς
758 430 1207 496 ἐπιφανεστάτους
1255 428 1421 494 ὅμηρα
1482 427 1637 478 τῶνδε

220 508 321 555 τῶν
368 505 653 566 συνθηκῶν,
706 504 797 558 ἕως
844 504 983 557 ἅπας
1032 502 1057 553 ὁ
1108 503 1262 567 δῆμος
1314 501 1635 570 ἐπιψηφίσῃ.

220 579 307 629 καὶ
353 579 475 629 τάδε
523 582 686 629 ποιῶν
744 580 966 643 ἡγοῦμαι
1028 576 1350 640 νενικηκότος
1410 599 1465 628 τε
1513 578 1637 642 ἔργα

219 654 460 717 ποιήσειν
496 654 583 704 καὶ
621 653 1011 720 φιλανθρώπου,
1036 651 1318 717 Ῥωμαίους
1355 674 1411 702 τε
1436 653 1637 717 ἀγαπή-

221 751 332 780 σειν
355 731 457 779 ὅσα
484 729 571 779 καὶ
596 727 759 785 αὐτοί,
789 729 1078 794 φάσκοντες
1104 729 1287 794 ἀρετῆς
1325 728 1637 778 ἀντιποιεῖσ-

222 806 323 861 θαι,
351 805 613 858 πολλάκις
638 806 686 858 ἐς
712 804 908 857 ἄλλους
933 803 1206 871 ἔδρασαν."

291 887 332 929 5.
372 882 552 930 Ταῦτα
594 883 685 929 τοῦ
724 879 949 929 Ποντίου
987 878 1231 942 λέγοντος
1272 877 1296 928 ὁ
1336 877 1639 945 πρεσβύτης

221 954 473 1022 ἐδάκρυσέ
499 976 567 1011 τε,
590 955 676 1004 καὶ
702 953 893 1015 ἐπιβὰς
919 958 1007 1017 τῆς
1028 953 1228 1017 ἀπήνης
1255 955 1302 1008 ἐς
1329 953 1387 1003 τὸ
1416 954 1642 1005 Καύδιον

221 1033 538 1092 ἀπήλαυνεν.
610 1029 634 1079 ὁ
663 1029 714 1079 δὲ
742 1028 962 1083 Πόντιος
989 1030 1106 1083 τοὺς
1131 1028 1383 1094 πρέσβεις
1410 1030 1640 1084 καλέσας

221 1108 372 1172 ἤρετο
410 1108 456 1156 εἴ
491 1127 567 1159 τις
608 1103 921 1170 εἰρηνοδίκης
960 1105 1135 1158 αὐτοῖς
1172 1102 1375 1169 παρείη.
1451 1108 1557 1159 τοῖς
1589 1104 1640 1154 δὲ

223 1187 397 1248 παρῆν
444 1181 604 1235 οὐδεὶς
654 1182 719 1234 ὡς
769 1179 855 1230 ἐπὶ
905 1179 1169 1229 ἄσπονδον
1217 1179 1304 1229 καὶ
1352 1179 1643 1245 ἀκήρυκτον

223 1257 454 1321 πόλεμον
503 1255 892 1322 ἐστρατευκόσι.
999 1258 1104 1309 τοῖς
1153 1255 1241 1304 οὖν
1290 1255 1506 1309 ὑπάτοις
1555 1255 1641 1305 καὶ

225 1336 330 1386 τοῖς
357 1332 540 1386 ἄλλοις
579 1331 806 1397 ἄρχουσι
844 1335 933 1393 τῆς
972 1333 1223 1396 στρατιᾶς
1261 1330 1347 1379 καὶ
1376 1330 1535 1380 παντὶ
1572 1335 1641 1396 τῷ

223 1408 415 1471 πλήθει
439 1406 613 1471 λέγειν
650 1406 853 1456 ἐκέλευε
890 1405 1008 1459 τοὺς
1038 1404 1307 1471 πρέσβεις,
1337 1407 1528 1468 "ἡμεῖς
1565 1406 1642 1455 ἀεὶ

224 1482 489 1543 Ῥωμαίοις
539 1480 892 1545 ἐσπενδόμεθα
943 1478 1141 1547 φιλίαν,
1191 1480 1255 1541 ἣν
1290 1480 1439 1529 αὐτοὶ
1478 1479 1642 1529 διελύ-

225 1579 370 1615 σατε,
410 1556 697 1618 Σιδικηνοῖς
735 1559 839 1610 τοῖς
888 1555 1149 1621 ἡμετέροις
1189 1555 1393 1621 ἐχθροῖς
1440 1577 1642 1619 συμμα-

224 1636 453 1700 χοῦντες.
549 1632 639 1681 εἶτ᾽
676 1631 825 1685 αὖθις
861 1632 926 1681 αὖ
977 1629 1155 1697 φιλίας
1192 1632 1312 1693 ἡμῖν
1357 1629 1641 1695 γενομένης,

226 1699 585 1754 Νεαπολίταις
622 1702 921 1763 ἐπολεμεῖτε
959 1702 1065 1753 τοῖς
1102 1698 1364 1765 ἡμετέροις
1399 1698 1641 1761 γείτοσιν.

226 1776 312 1826 καὶ
338 1776 431 1826 οὐκ
467 1777 748 1839 ἠγνοοῦμεν
783 1775 864 1824 ὅτι
902 1773 1046 1824 ταῦτ᾽
1083 1774 1146 1835 ἦν
1184 1775 1300 1837 ὑμῖν
1334 1773 1644 1841 παρασκευὴ

225 1843 527 1908 πλεονεξίας
566 1843 652 1894 ἐπὶ
700 1844 828 1904 ὅλην
876 1842 969 1905 τὴν
1016 1841 1266 1892 Ἰταλίαν.
1338 1842 1390 1891 ἔν
1439 1863 1494 1891 τε
1533 1845 1644 1896 ταῖς

225 1912 501 1980 προτέραις
526 1912 723 1979 μάχαις
760 1910 943 1961 πολλὰ
980 1910 1125 1977 παρὰ
1162 1909 1254 1973 τὴν
1280 1909 1519 1976 ἀπειρίαν
1546 1914 1645 1960 τῶν

226 1982 484 2048 ἡμετέρων
520 1983 831 2046 στρατηγῶν
869 1977 1231 2046 προλαβόντες
1270 1979 1413 2028 οὐδὲν
1455 1978 1643 2028 ἐπεδεί-

226 2049 391 2114 ξασθε
427 2048 634 2115 μέτριον
671 2050 720 2102 ἐς
757 2050 903 2112 ἡμᾶς,
931 2047 1037 2097 οὐδ᾽
1074 2047 1316 2113 ἠρκεῖσθε
1348 2047 1439 2109 τὴν
1468 2047 1646 2114 χώραν

225 2118 536 2184 πορθοῦντες
575 2117 663 2167 καὶ
699 2115 868 2183 χωρία
906 2115 993 2166 καὶ
1029 2114 1211 2169 πόλεις
1249 2115 1455 2181 ἔχοντες
1487 2116 1644 2165 ἀλλο-

226 2185 385 2251 τρίας,
411 2185 500 2236 καὶ
536 2185 863 2253 κληρούχους
900 2186 948 2239 ἐς
985 2183 1119 2235 αὐτὰ
1157 2182 1463 2248 πέμποντες,
1501 2183 1645 2234 ἀλλὰ

230 2499 288 2542 70
