1747 2693
464 135 800 229 APPIAN'S
816 141 1074 219 ROMAN
1100 138 1425 216 HISTORY

233 285 320 336 καὶ
370 283 847 351 πρεσβευσαμένων
893 283 1036 346 ἡμῶν
1079 280 1152 335 δὶς
1199 279 1328 347 πρὸς
1377 280 1521 343 ὑμᾶς,
1558 278 1643 328 καὶ

233 360 413 411 πολλὰ
473 357 900 425 συγχωρούντων,
963 355 1266 423 ὑπερήφανα
1325 356 1444 418 ἡμῖν
1501 352 1643 403 ἄλλα

234 436 571 491 ἐπετάσσετε,
601 431 693 495 τὴν
718 430 887 498 ἀρχὴν
924 432 1051 493 ὅλην
1075 428 1370 480 ἀποθέσθαι
1396 427 1481 478 καὶ
1510 429 1646 492 ὑμῶν

236 509 530 566 ὑπακούειν,
576 507 755 573 ὥσπερ
804 508 861 557 οὐ
901 503 1275 569 σπενδομένους
1315 502 1437 553 ἀλλ᾽
1487 503 1644 553 ἑαλω-

236 585 402 640 κότας.
521 583 608 634 καὶ
680 582 765 633 ἐπὶ
825 581 999 632 τοῖσδε
1070 579 1158 630 τὸν
1216 579 1446 643 πόλεμον
1504 576 1647 628 τόνδε

237 660 501 711 ἄσπονδον
573 657 660 708 καὶ
737 656 1026 723 ἀκήρυκτον
1099 652 1458 720 ἐψηφίσασθε,
1531 653 1645 702 κατ᾽

236 735 433 802 ἀνδρῶν
467 734 597 785 ποτὲ
633 732 816 799 φίλων,
844 730 979 781 κατὰ
1016 726 1256 790 Σαβίνων
1293 727 1513 791 ἐκγόνων
1548 731 1647 777 τῶν

238 813 353 876 ὑμῖν
378 806 769 860 συνοικούντων.
844 807 988 857 ἕνεκα
1024 805 1117 870 μὲν
1154 804 1242 854 οὖν
1278 808 1366 866 τῆς
1406 803 1647 868 ὑμετέρας

237 884 536 950 πλεονεξίας
572 883 673 933 ἔδει
709 882 796 933 καὶ
821 880 887 932 τὰ
923 881 1046 947 παρ᾽
1085 882 1224 945 ἡμῶν
1261 880 1376 943 ὑμῖν
1412 877 1647 928 ἄσπονδα

238 961 383 1011 εἶναι.
455 958 553 1023 ἐγὼ
592 956 796 1021 νέμεσίν
832 977 887 1007 τε
925 956 1051 1005 θεῶν
1086 954 1396 1018 αἰδούμενος,
1423 953 1485 1014 ἣν
1512 954 1648 1016 ὑμεῖς

240 1027 580 1094 ὑπερείδεσθε,
609 1026 696 1077 καὶ
733 1022 1033 1090 συγγενείας
1070 1022 1157 1073 καὶ
1194 1021 1372 1087 φιλίας
1399 1026 1487 1085 τῆς
1523 1021 1651 1071 ποτὲ

238 1096 580 1162 μνημονεύων,
631 1094 809 1159 δίδωμι
857 1094 1079 1143 ἕκαστον
1128 1093 1265 1155 ὑμῶν
1313 1090 1411 1140 σὺν
1464 1088 1650 1155 ἱματίῳ

240 1171 377 1217 σῶον
425 1164 525 1216 ὑπὸ
576 1163 725 1228 ζυγὸν
772 1162 1034 1217 ἀπελθεῖν,
1083 1159 1145 1223 ἢν
1194 1158 1419 1223 ὀμόσητε
1457 1157 1550 1221 τήν
1598 1179 1652 1207 τε

240 1241 336 1300 γῆν
359 1234 447 1285 καὶ
472 1233 538 1283 τὰ
562 1231 730 1300 χωρία
755 1230 911 1281 πάνθ᾽
938 1232 1057 1293 ἡμῖν
1088 1227 1394 1283 ἀποδώσειν,
1423 1227 1510 1277 καὶ
1536 1226 1651 1280 τοὺς

241 1302 563 1369 κληρούχους
600 1299 705 1351 ἀπὸ
745 1302 847 1350 τῶν
883 1297 1089 1349 πόλεων
1128 1297 1361 1362 ἀπάξειν,
1407 1294 1493 1345 καὶ
1528 1294 1653 1360 μηδέ

240 1373 360 1423 ποτ᾽
399 1371 484 1422 ἐπὶ
521 1367 773 1422 Σαυνίτας
811 1364 1198 1433 στρατεύσειν."

312 1446 353 1490 6.
393 1438 861 1503 Ἀπαγγελθέντων
878 1435 930 1485 δὲ
947 1433 1141 1485 τούτων
1156 1435 1205 1489 ἐς
1222 1433 1277 1483 τὸ
1299 1430 1654 1499 στρατόπεδον

242 1507 536 1575 ὀλοφυρμὸς
561 1507 624 1569 ἦν
659 1506 746 1555 καὶ
782 1505 963 1571 θρῆνος
1001 1503 1087 1554 ἐπὶ
1123 1506 1390 1553 πλεῖστον·
1427 1501 1653 1550 θανάτου

241 1579 341 1644 γὰρ
368 1579 585 1641 ἡγοῦντο
623 1573 750 1625 εἶναι
774 1571 983 1640 χείρονα
1021 1570 1113 1634 τὴν
1138 1571 1292 1637 ὕβριν
1327 1568 1420 1633 τὴν
1447 1568 1546 1619 ὑπὸ
1584 1572 1653 1634 τῷ

246 1650 392 1712 ζυγῷ.
466 1646 530 1699 ὡς
592 1643 643 1693 δὲ
690 1641 778 1693 καὶ
825 1641 943 1707 περὶ
991 1643 1092 1690 τῶν
1138 1638 1340 1690 ἱππέων
1386 1636 1653 1693 ἐπύθοντο,

243 1715 390 1769 αὖθις
429 1713 673 1779 ἐθρήνουν
710 1710 795 1761 ἐπὶ
842 1712 1112 1760 πλεῖστον.
1188 1706 1288 1758 ὑπὸ
1333 1706 1385 1757 δὲ
1433 1707 1654 1772 ἀπορίας

243 1782 378 1833 αὐτὰ
425 1781 680 1849 ἐδέχοντο,
743 1779 829 1829 καὶ
887 1778 1004 1832 τοὺς
1052 1777 1232 1844 ὅρκους
1283 1775 1480 1840 ὤμνυον
1526 1774 1554 1824 ὅ
1601 1795 1656 1823 τε

244 1850 466 1905 Πόντιος
502 1850 589 1900 καὶ
615 1848 662 1899 οἱ
699 1846 961 1912 Ῥωμαίων
997 1845 1203 1901 ὕπατοι,
1233 1843 1321 1893 δύο
1347 1844 1485 1897 ὄντες
1513 1845 1652 1891 Ποσ-

245 1918 452 1984 τούμιός
494 1939 550 1969 τε
597 1917 683 1967 καὶ
721 1914 1043 1981 Οὐετούριος,
1083 1913 1170 1964 καὶ
1213 1920 1392 1976 ταμίαι
1433 1910 1520 1961 δύο
1570 1910 1655 1961 καὶ

245 1989 527 2055 ταξιάρχαι
565 1986 817 2051 τέσσαρες
854 1984 942 2034 καὶ
977 1981 1251 2050 χιλίαρχοι
1288 1980 1497 2037 δώδεκα,
1526 1978 1653 2042 σύμ-

243 2078 434 2110 παντες
481 2056 597 2106 ὅσοι
656 2052 785 2119 μετὰ
846 2052 963 2106 τοὺς
1022 2049 1419 2116 διεφθαρμένους
1476 2049 1652 2114 ἦρχον.

243 2124 524 2190 γενομένων
544 2123 595 2173 δὲ
622 2127 723 2173 τῶν
747 2122 912 2188 ὅρκων
937 2119 961 2170 ὁ
986 2119 1079 2183 μὲν
1098 2118 1317 2172 Πόντιος
1342 2117 1656 2181 παραλύσας

246 2216 295 2244 τι
331 2197 423 2244 τοῦ
459 2191 898 2258 διατειχίσματος,
941 2188 1027 2238 καὶ
1066 2187 1185 2237 δυσὶ
1228 2185 1441 2253 δόρασιν
1479 2185 1527 2239 ἐς
1565 2183 1656 2247 τὴν

243 2267 341 2326 γῆν
376 2261 737 2326 ἐμπεπηγόσιν
775 2258 1080 2324 ἐπικάρσιον
1119 2255 1255 2306 ἄλλο
1304 2251 1508 2309 ἐπιθείς,
1554 2252 1655 2317 ἐξέ-

244 2351 417 2395 πεμπε
451 2327 720 2391 Ῥωμαίων
768 2327 989 2377 ἕκαστον
1027 2323 1127 2374 ὑπὸ
1165 2323 1345 2389 τούτῳ.
1419 2321 1507 2371 καί
1542 2342 1656 2371 τινα

245 2397 496 2463 ὑποζύγια
533 2397 717 2448 ἔδωκεν
763 2395 939 2449 αὐτοῖς
982 2395 1031 2448 ἐς
1079 2392 1197 2447 τοὺς
1244 2392 1653 2458 ἀρρωστοῦντας,

246 2502 302 2547 72
