1747 2693
458 145 816 245 APPIAN'S
829 148 1096 241 ROMAN
1103 148 1432 241 HISTORY

242 299 327 349 καὶ
353 300 563 367 τροφήν,
590 300 715 367 ἄχρι
753 306 841 364 τῆς
865 301 1064 366 Ῥώμης
1102 302 1368 369 φέρεσθαι.
1443 304 1654 356 δύναται

243 367 301 424 δ᾽,
328 368 438 431 ἐμοὶ
476 368 655 425 δοκεῖν,
685 368 742 419 τὸ
780 369 910 423 εἶδος
946 375 1036 433 τῆς
1074 371 1321 438 ἀφέσεως,
1349 372 1374 422 ὃ
1401 378 1655 424 καλοῦσιν

242 436 288 485 οἱ
313 436 431 501 τῇδε
460 435 624 500 ζυγόν,
653 436 906 499 ὀνειδίζειν
939 440 1004 493 ὡς
1030 439 1379 506 δοριαλώτοις.

312 508 352 553 7.
393 504 845 569 Ἀπαγγελθείσης
893 506 945 556 δὲ
994 513 1083 571 τῆς
1132 513 1402 575 συμφορᾶς
1461 512 1509 565 ἐς
1564 511 1655 573 τὴν

240 571 399 623 πόλιν
422 572 617 637 οἰμωγὴ
643 574 730 623 καὶ
755 575 937 640 θρῆνος
960 575 1023 637 ἦν
1048 577 1112 630 ὡς
1139 577 1224 626 ἐπὶ
1257 577 1447 634 πένθει,
1475 579 1562 629 καὶ
1600 581 1654 629 αἱ

239 645 478 704 γυναῖκες
526 640 807 692 ἐκόπτοντο
869 643 987 698 τοὺς
1045 644 1278 711 αἰσχρῶς
1328 667 1650 711 περισεσωσ-

238 709 417 772 μένους
453 711 519 762 ὡς
556 709 929 768 ἀποφανόντας,
955 712 987 774 ἥ
1025 734 1079 762 τε
1113 713 1287 776 βουλὴ
1325 713 1417 777 τὴν
1443 715 1651 782 ἐπιπόρ-

241 782 401 842 φυρον
450 778 647 839 ἐσθῆτα
695 779 933 836 ἀπέθετο,
983 781 1070 830 καὶ
1117 781 1296 831 θυσίαι
1346 784 1431 833 καὶ
1479 785 1650 847 γάμοι,

238 845 325 904 καὶ
373 846 475 895 ὅσα
524 846 667 897 ἄλλα
716 846 1109 914 τοιουτότροπα,
1162 849 1418 917 ἐπέσχετο
1469 853 1553 902 ἐπὶ
1592 854 1647 903 τὸ

238 913 348 969 ἔτος
387 915 525 971 ὅλον,
554 916 644 969 ἕως
682 914 774 977 τὴν
811 916 1086 983 συμφορὰν
1112 918 1388 980 ἀνέλαβον.
1463 925 1562 970 τῶν
1600 921 1649 971 δὲ

238 982 524 1048 ἀφειμένων
564 984 611 1033 οἱ
648 984 741 1047 μὲν
779 985 827 1038 ἐς
870 987 987 1038 τοὺς
1026 987 1213 1052 ἀγροὺς
1252 987 1520 1054 διέφευγον
1555 989 1652 1039 ὑπὸ

237 1050 424 1107 αἰδοῦς,
451 1051 499 1101 οἱ
535 1051 588 1101 δὲ
625 1052 804 1106 νυκτὸς
841 1053 889 1107 ἐς
925 1053 1018 1116 τὴν
1053 1054 1212 1103 πόλιν
1237 1055 1477 1120 ἐσῄεσαν·
1517 1057 1566 1107 οἱ
1601 1059 1652 1108 δὲ

237 1118 484 1186 ἄρχοντες
521 1120 710 1185 ἡμέρας
745 1120 837 1184 μὲν
879 1123 1104 1185 ἐσῆλθον
1145 1124 1231 1173 ὑπ᾽
1281 1126 1521 1187 ἀνάγκης,
1567 1127 1652 1176 καὶ

235 1187 301 1237 τὰ
338 1193 529 1248 σημεῖα
568 1194 656 1251 τῆς
693 1191 857 1256 ἀρχῆς
896 1191 1129 1241 ἐπέκειτο
1166 1193 1355 1249 αὐτοῖς,
1384 1194 1653 1260 ἔπρασσον

236 1255 290 1305 δὲ
315 1256 475 1307 οὐδέν.
549 1262 610 1306 U.
640 1278 681 1321 p.
715 1264 823 1306 338.

922 1388 965 1431 V

301 1491 544 1555 Δεντάτῳ
570 1489 706 1539 κατὰ
745 1493 900 1552 ζῆλον
925 1493 1107 1557 ἀρετῆς
1146 1493 1319 1544 εἵπετο
1346 1516 1468 1544 νεων
1492 1497 1649 1559 λογά-

235 1556 334 1607 δων
391 1558 594 1620 πλῆθος
656 1558 993 1617 ὀκτακοσίων,
1044 1561 1129 1610 ἐπὶ
1190 1563 1362 1612 πάντα
1413 1563 1475 1612 τὰ
1526 1564 1649 1629 ἔργα

233 1625 437 1689 ἕτοιμοι.
510 1627 598 1676 καὶ
656 1628 825 1694 βαρὺς
885 1629 947 1690 ἦν
1009 1633 1069 1693 τῇ
1128 1631 1301 1695 βουλῇ
1364 1632 1510 1697 παρὰ
1558 1632 1649 1687 τὰς

232 1693 532 1756 ἐκκλησίας.
607 1700 735 1745 Suid.
764 1717 804 1745 v.
838 1698 1004 1759 ζῆλος.

902 1877 967 1920 VI

301 1983 342 2027 1.
383 1976 513 2028 Ὅτι
563 1981 779 2029 Κελτῶν
818 1978 1045 2032 Σενόνων
1084 1982 1224 2031 πολὺ
1272 1984 1475 2047 πλῆθος
1519 1987 1644 2049 Τυρ-

227 2070 398 2131 ρηνοῖς
417 2068 747 2134 συνεμάχουν
768 2069 902 2119 κατὰ
922 2067 1205 2134 Ῥωμαίων.
1258 2071 1504 2134 Ῥωμαῖοι
1521 2072 1573 2123 δὲ
1598 2075 1646 2127 ἐς

227 2152 319 2208 τὰς
358 2150 585 2207 Σενόνων
633 2156 812 2211 πόλεις
861 2156 1195 2223 ἐπρέσβευον,
1237 2159 1324 2209 καὶ
1373 2161 1646 2212 ἐνεκάλουν

226 2242 305 2292 ὅτι
330 2243 471 2297 ὄντες
498 2244 771 2309 ἔνσπονδοι
792 2246 1177 2313 μισθοφοροῦσι
1198 2247 1333 2298 κατὰ
1360 2248 1639 2312 Ῥωμαίων.

225 2326 411 2378 τούσδε
437 2329 555 2383 τοὺς
580 2328 832 2395 πρέσβεις
859 2331 1171 2399 Βριτόμαρις
1206 2332 1338 2397 μετὰ
1365 2337 1467 2383 τῶν
1491 2356 1638 2399 κηρυ-

224 2412 372 2461 κείων
406 2413 491 2462 καὶ
531 2418 620 2478 τῆς
657 2414 793 2482 ἱερᾶς
831 2420 1028 2479 στολῆς
1064 2417 1339 2482 κατέτεμεν
1375 2419 1423 2473 ἐς
1460 2420 1639 2469 πολλὰ

228 2515 286 2559 74
