1747 2693
461 141 803 241 APPIAN'S
812 148 1090 245 ROMAN
1103 145 1422 235 HISTORY

235 292 323 343 καὶ
371 292 646 359 διέρριψεν,
685 294 921 357 ἐγκαλῶν
968 295 1048 344 ὅτι
1099 296 1259 345 αὐτοῦ
1307 293 1332 346 ὁ
1380 298 1557 363 πατὴρ
1599 298 1650 348 ἐν

235 362 493 430 Τυρρηνίᾳ
568 365 814 425 πολεμῶν
886 362 1111 429 ἀνῄρητο
1195 363 1296 414 ὑπὸ
1365 364 1648 429 Ῥωμαίων.

238 429 524 493 Κορνήλιος
561 429 613 480 δὲ
650 428 674 479 ὁ
702 431 900 484 ὕπατος
925 435 1017 480 τοῦ
1051 430 1247 495 μύσους
1285 433 1336 482 ἐν
1367 432 1462 498 ὁδῷ
1490 433 1647 483 πυθό-

235 519 381 561 μενος
408 496 471 547 τὰ
507 497 599 561 μὲν
625 500 897 565 Τυρρηνῶν
931 501 1117 557 εἴασεν,
1145 501 1192 555 ἐς
1231 500 1283 549 δὲ
1309 500 1400 555 τὰς
1427 502 1650 553 Σενόνων

235 565 415 620 πόλεις
442 566 671 633 συντόνῳ
709 567 913 632 σπουδῇ
946 567 1028 617 διὰ
1065 564 1305 628 Σαβίνων
1342 569 1430 619 καὶ
1469 572 1649 620 Πικεν-

238 634 389 685 τίνων
436 634 685 695 ἐσβαλὼν
733 636 906 686 πάντα
956 636 1168 703 καθῄρει
1219 638 1305 687 καὶ
1346 637 1648 703 ἐνεπίμπρη,

237 703 324 753 καὶ
349 703 441 758 τὰς
475 703 567 768 μὲν
605 707 855 767 γυναῖκας
895 704 981 754 καὶ
1021 704 1086 755 τὰ
1124 705 1308 756 παιδία
1345 706 1650 772 ἠνδραποδί-

240 773 367 832 ζετο,
417 773 535 826 τοὺς
585 771 637 822 δὲ
697 774 936 836 ἡβῶντας
995 774 1195 827 πάντας
1255 775 1461 831 ἔκτεινε,
1511 775 1652 838 πλὴν

238 840 595 907 Βριτομάριος,
644 840 700 891 ὃν
738 840 908 896 δεινῶς
956 841 1285 907 αἰκισάμενος
1323 843 1444 907 ἦγεν
1480 844 1529 899 ἐς
1565 843 1653 894 τὸν

240 909 511 973 θρίαμβον.

309 983 351 1027 2.
393 977 462 1028 Οἱ
488 977 540 1027 δὲ
566 976 807 1035 Σενόνων,
830 978 947 1029 ὅσοι
972 979 1110 1042 ἦσαν
1129 980 1182 1030 ἐν
1200 981 1473 1049 Τυρρηνίᾳ,
1495 982 1651 1031 πυθό-

238 1047 412 1107 μενοι1
455 1046 761 1113 ἀνῃρῆσθαι,
800 1048 1089 1114 Τυρρηνοὺς
1136 1048 1263 1112 ἦγον
1306 1049 1391 1099 ἐπὶ
1438 1049 1650 1114 Ῥώμης.

241 1114 326 1164 καὶ
364 1118 582 1164 πολλῶν
620 1116 814 1181 μεταξὺ
852 1116 1134 1180 γενομένων
1182 1117 1230 1167 οἱ
1279 1115 1499 1175 Σένονες,
1540 1119 1655 1169 οὔτε

239 1182 495 1249 πατρίδας
533 1183 737 1249 ἔχοντες
776 1186 823 1238 ἐς
866 1185 926 1239 ἃς
964 1184 1302 1250 διαφύγωσιν,
1342 1186 1657 1251 ὀργιζόμενοί

240 1273 294 1301 τε
342 1255 444 1301 τῶν
489 1251 790 1316 γεγονότων,
840 1253 1114 1303 ἐνέπιπτον
1174 1258 1244 1320 τῷ
1293 1255 1520 1321 Δομιτίῳ
1569 1257 1655 1306 καὶ

241 1320 594 1387 διεφθάρησαν
624 1322 833 1371 πολλοί.
931 1321 989 1372 τὸ
1016 1322 1067 1372 δὲ
1092 1324 1281 1373 λοιπὸν
1307 1327 1445 1390 σφᾶς
1470 1325 1655 1379 αὐτοὺς

241 1388 519 1456 διεχρῶντο
551 1393 792 1454 μανικῶς.
831 1390 917 1440 καὶ
955 1389 1067 1453 δίκη
1092 1391 1183 1456 μὲν
1220 1392 1308 1454 ἥδε
1334 1392 1655 1459 παρανομίας

240 1458 287 1511 ἐς
313 1456 565 1523 πρέσβεις
591 1457 788 1523 ἐγένετο
815 1456 1045 1512 Σένοσιν.
1117 1464 1179 1510 U.
1206 1480 1249 1524 p.
1278 1466 1388 1510 343.

901 1706 994 1751 VII

313 1808 353 1852 1.
390 1801 521 1853 Ὃτι
550 1803 838 1869 Κορνήλιος
867 1804 949 1853 ἐπὶ
968 1805 1356 1872 καταφράκτων
1388 1806 1509 1857 δεκα
1536 1810 1657 1857 νεῶν

240 1878 418 1927 ἐθεᾶτο
444 1875 537 1939 τὴν
561 1879 796 1942 μεγάλην
821 1876 1075 1935 Ἑλλάδα,
1104 1878 1195 1930 καί
1231 1902 1307 1934 τις
1345 1883 1396 1931 ἐν
1431 1882 1657 1948 Τάραντι

240 1952 544 2017 δημαγωγὸς
572 1952 879 2020 Φιλόχαρις,
906 1954 1141 2021 αἰσχρῶς
1168 1977 1223 2005 τε
1259 1957 1533 2017 βεβιωκὼς
1570 1958 1657 2008 καὶ

239 2026 387 2093 παρὰ
446 2032 599 2077 τοῦτο
659 2028 975 2093 καλούμενος
1036 2032 1180 2087 Θαΐς,
1244 2035 1486 2083 παλαιῶν
1540 2034 1656 2087 τοὺς

240 2101 583 2168 Ταραντίνους
643 2102 988 2168 ἀνεμίμνησκε
1050 2105 1333 2167 συνθηκῶν,
1385 2107 1455 2171 μὴ
1504 2113 1655 2159 πλεῖν

239 2175 521 2241 Ῥωμαίους
547 2177 729 2244 πρόσω
763 2178 1013 2234 Λακινίας
1052 2180 1227 2247 ἄκρας,
1267 2182 1564 2247 παροξύνας
1601 2205 1655 2234 τε

241 2251 444 2302 ἔπεισεν
470 2254 833 2321 ἐπαναχθῆναι
861 2259 930 2320 τῷ
970 2255 1259 2322 Κορνηλίῳ.
1335 2259 1423 2307 καὶ
1462 2259 1651 2308 τέσσα-

238 2347 330 2392 ρας
375 2326 467 2392 μὲν
514 2329 674 2378 αὐτοῦ
724 2333 846 2383 ναῦς
894 2330 1190 2381 κατέδυσαν
1240 2331 1287 2381 οἱ
1336 2334 1653 2397 Ταραντῖνοι,

350 2433 636 2486 1 Something
655 2436 729 2474 has
748 2436 950 2488 probably
970 2437 1097 2476 fallen
1116 2443 1191 2477 out
1209 2439 1318 2477 after
1337 2440 1548 2487 πυθόμενοι.

243 2501 299 2558 76
