1747 2693
480 135 809 229 APPIAN'S
829 138 1103 232 ROMAN
1122 135 1451 229 HISTORY

248 275 371 342 μίαν
397 276 449 327 δὲ
476 276 675 337 ἔλαβον
701 277 874 330 αὐτοῖς
900 276 1163 342 ἀνδράσιν.
1238 279 1287 332 ἔς
1325 301 1379 329 τε
1418 281 1666 345 Θουρίους

250 352 556 416 ἐγκλήματα
616 352 912 415 ποιούμενοι
973 354 1051 402 ὅτι
1086 352 1347 415 Ἕλληνες
1396 356 1534 410 ὄντες
1583 358 1667 407 ἐπὶ

248 425 532 491 Ῥωμαίους
576 426 871 492 κατέφυγον
911 427 1025 476 ἀντὶ
1065 431 1228 493 σφῶν,
1258 430 1342 479 καὶ
1387 433 1666 497 παρελθεῖν

249 502 435 555 αὐτοὺς
463 501 697 552 ἐπέκεινα
734 502 892 551 αἴτιοι
929 502 1168 566 μάλιστα
1206 503 1519 567 ἐγεγένηντο,
1548 507 1666 563 τοὺς

246 577 339 641 μὲν
387 579 651 642 ἐπιφανεῖς
700 578 869 626 αὐτῶν
923 576 1192 640 ἐξέβαλον,
1244 578 1336 640 τὴν
1397 579 1450 629 δὲ
1509 582 1665 632 πόλιν

249 652 563 718 διήρπασαν,
613 652 700 701 καὶ
750 652 868 705 τοὺς
916 651 1183 716 Ῥωμαίων
1230 654 1486 720 φρουροὺς
1542 657 1663 708 ὑπο-

248 725 502 779 σπόνδους
523 728 746 793 ἀφῆκαν.

317 809 358 851 2.
397 800 643 866 Ῥωμαῖοι
682 802 735 851 δὲ
773 803 971 853 τούτων
1012 803 1291 865 πυθόμενοι
1327 805 1578 871 πρέσβεις
1616 810 1663 863 ἐς

245 879 489 944 Ταραντα
570 876 853 941 πέμπουσι,
929 878 1046 931 τοὺς
1122 880 1214 941 μὲν
1294 881 1662 947 αἰχμαλώτους

245 951 554 1008 κελεύοντες,
593 954 677 1006 οὓς
716 954 772 1002 οὐ
809 957 1165 1017 πολεμοῦντας
1203 954 1347 1004 ἀλλὰ
1383 957 1663 1021 θεωμένους

245 1028 456 1089 ἔλαβον,
515 1027 817 1083 ἀποδοῦναι,
869 1027 1103 1094 Θουρίων
1151 1028 1192 1078 δ᾽
1246 1031 1331 1084 οὓς
1390 1031 1661 1095 ἐξέβαλον,

246 1096 314 1149 εἰς
387 1094 479 1158 τὴν
549 1095 707 1145 πόλιν
779 1101 1112 1159 καταγαγεῖν,
1186 1097 1218 1146 ἅ
1301 1120 1356 1148 τε
1444 1100 1658 1166 διηρπά-

245 1186 405 1214 κεσαν
454 1163 656 1221 αὐτούς,
706 1164 736 1226 ἢ
789 1163 879 1226 τὴν
932 1164 1112 1228 ζημίαν
1162 1170 1261 1216 τῶν
1309 1168 1660 1232 ἀπολομένων,

245 1234 513 1288 ἀποτῖσαι,
566 1231 724 1299 σφίσι
773 1231 813 1282 δ᾽
863 1233 1097 1283 ἐκδοῦναι
1147 1234 1262 1289 τοὺς
1317 1235 1511 1290 αἰτίους
1573 1243 1660 1301 τῆς

244 1300 583 1367 παρανομίας,
625 1301 668 1350 εἰ
707 1300 976 1364 Ῥωμαίων
1017 1302 1287 1353 ἐθέλουσιν
1326 1305 1453 1355 εἶναι
1498 1305 1656 1371 φίλοι.

245 1370 293 1419 οἱ
336 1369 389 1419 δὲ
433 1369 549 1423 τοὺς
589 1369 841 1434 πρέσβεις
880 1369 1030 1433 μόλις
1073 1372 1202 1421 ποτὲ
1251 1373 1337 1422 ἐπὶ
1387 1373 1444 1423 τὸ
1493 1374 1661 1425 κοινὸν

245 1439 527 1501 ἐπήγαγον,
579 1438 669 1487 καὶ
718 1437 1032 1492 ἐπελθόντας
1081 1439 1363 1506 ἐχλεύαζον
1411 1442 1458 1491 εἴ
1493 1465 1541 1492 τι
1589 1443 1660 1507 μὴ

244 1510 418 1561 καλῶς
445 1505 793 1568 ἑλληνίσειαν·
854 1507 1127 1558 ἔσκωπτον
1154 1508 1205 1558 δὲ
1232 1510 1319 1559 καὶ
1345 1509 1436 1572 τὴν
1462 1511 1660 1574 στολὴν

244 1576 410 1625 αὐτῶν
459 1575 547 1625 καὶ
591 1574 650 1625 τὸ
693 1575 1064 1641 ἐπιπόρφυρον.
1142 1577 1431 1640 Φιλωνίδης
1475 1579 1529 1628 δέ
1567 1602 1657 1639 τις,

243 1642 371 1709 ἀνὴρ
410 1648 613 1707 γελοῖος
656 1644 743 1693 καὶ
782 1644 1189 1709 φιλοσκώμμων,
1234 1646 1550 1714 Ποστουμίῳ
1587 1653 1657 1714 τῷ

243 1717 332 1775 τῆς
370 1710 658 1778 πρεσβείας
694 1712 956 1778 ἡγουμένῳ
995 1714 1305 1778 προσελθὼν
1341 1716 1657 1783 ἀπεστράφη

245 1802 312 1836 τε,
363 1780 451 1830 καὶ
510 1779 778 1846 ἐπικύψας
842 1780 933 1843 τὴν
982 1782 1181 1844 ἐσθῆτα
1231 1782 1517 1849 ἀνεσύρατο
1568 1784 1659 1848 τὴν

243 1849 444 1906 ἑαυτοῦ,
496 1849 583 1898 καὶ
644 1852 737 1898 τοῦ
779 1851 1109 1913 πρεσβευτοῦ
1170 1851 1657 1919 κατησχημόνησεν.

243 1917 329 1967 καὶ
354 1917 413 1967 τὸ
436 1917 529 1981 μὲν
554 1916 771 1982 θέατρον
807 1918 1014 1979 ἔπαιζεν
1051 1920 1115 1973 ὡς
1157 1920 1240 1969 ἐπὶ
1281 1920 1484 1987 γελοίῳ,
1512 1924 1655 1972 Ποσ-

243 1984 447 2049 τούμιος
485 1985 538 2035 δὲ
574 1985 847 2051 προτείνας
891 1986 949 2036 τὸ
978 1988 1383 2052 μεμολυσμένον,
1418 1992 1654 2040 "ἐκπλυ-

242 2053 415 2113 νεῖτε,"
465 2054 578 2120 ἔφη,
631 2058 829 2103 "τοῦτο
898 2054 1080 2119 αἵματι
1145 2061 1346 2123 πολλῷ,
1410 2057 1658 2113 τοιούτοις

242 2121 575 2186 ἀρεσκόμενοι
595 2121 873 2180 γέλωσιν."
922 2124 1009 2173 καὶ
1035 2124 1177 2174 οὐδὲν
1203 2130 1303 2175 τῶν
1329 2125 1658 2192 Ταραντίνων

242 2190 663 2256 ἀποκριναμένων
734 2192 975 2253 ἀπῆλθον
1047 2192 1094 2241 οἱ
1165 2194 1431 2258 πρέσβεις.
1507 2194 1532 2245 ὁ
1604 2196 1658 2245 δὲ

242 2259 570 2323 Ποστούμιος
609 2258 701 2321 τὴν
740 2261 894 2325 ὕβριν
928 2260 983 2309 ἐκ
1015 2265 1103 2322 τῆς
1139 2261 1358 2324 ἐσθῆτος
1396 2264 1487 2312 οὐκ
1525 2264 1652 2313 ἀπο-

241 2327 441 2382 πλύνας
467 2327 693 2392 ἐπέδειξε
711 2326 998 2391 Ῥωμαίοις,
1048 2331 1125 2393 (3)
1153 2330 1238 2379 καὶ
1266 2329 1289 2380 ὁ
1318 2330 1472 2395 δῆμος
1499 2333 1654 2395 ἀγαν-

241 2399 410 2445 ακτῶν
458 2395 682 2461 Αἰμιλίῳ
720 2400 1035 2461 πολεμοῦντι
1073 2395 1348 2453 Σαυνίταις
1387 2399 1658 2450 ἐπέστειλε

243 2488 299 2540 78
