1747 2693
480 129 816 219 APPIAN'S
835 125 1096 219 ROMAN
1122 138 1435 219 HISTORY

258 280 323 331 τὰ
356 281 448 346 μὲν
485 276 747 334 Σαυνιτῶν
785 283 837 331 ἐν
873 285 944 347 τῷ
979 279 1200 347 παρόντι
1239 283 1340 338 ἐᾶν,
1380 281 1448 335 εἰς
1488 281 1540 331 δὲ
1576 282 1669 345 τὴν

257 347 585 416 Ταραντίνων
609 349 932 409 εἰσβάλλειν,
960 349 1049 399 καὶ
1073 348 1259 402 αὐτοὺς
1285 348 1363 415 ἐφ᾽
1390 350 1465 403 οἷς
1494 349 1668 413 ἠξίουν

258 418 305 467 οἱ
340 417 591 482 πρέσβεις
628 417 676 471 ἐς
714 417 1008 481 διαλλαγὰς
1045 417 1500 484 προκαλέσασθαι,
1528 419 1588 468 ἂν
1626 418 1665 467 δ᾽

256 487 528 542 ἀπειθῶσι,
555 491 802 549 πολεμεῖν
829 485 962 535 κατὰ
986 487 1189 552 κράτος.
1266 485 1290 535 ὁ
1320 488 1412 550 μὲν
1449 485 1509 549 δὴ
1547 487 1668 536 τάδε

255 553 522 626 προύτεινε
548 558 654 608 τοῖς
689 553 1037 620 Ταραντίνοις,
1065 554 1112 604 οἱ
1148 554 1199 603 δὲ
1238 556 1329 605 οὐκ
1367 554 1557 619 ἐγέλων
1594 556 1667 605 ἔτι

256 626 347 685 τὴν
421 621 675 687 στρατιὰν
747 621 973 689 ὁρῶντες,
1034 621 1156 672 ἀλλ᾽
1227 621 1489 687 ἐγίγνοντο
1555 627 1667 677 ταῖς

255 690 479 755 γνώμαις
539 690 865 757 ἀγχώμαλοι,
913 690 1069 757 μέχρι
1129 711 1205 744 τις
1265 692 1523 757 ἀποροῦσι
1580 692 1667 742 καὶ

253 759 649 823 βουλευομένοις
687 760 799 825 ἔφη,
857 759 915 809 τὸ
963 759 1055 824 μὲν
1104 758 1339 809 ἐκδοῦναί
1386 780 1525 814 τινας
1571 760 1665 824 ἤδη

257 826 646 888 δεδουλωμένων
689 828 831 884 εἶναι,
871 826 929 878 τὸ
968 827 1020 877 δὲ
1056 832 1304 891 πολεμεῖν
1337 827 1519 891 μόνους
1556 825 1663 879 ἐπι-

257 895 475 961 σφαλές.
553 895 641 945 "εἰ
691 895 745 945 δὲ
793 895 880 946 καὶ
929 900 1019 958 τῆς
1069 894 1361 961 ἐλεὺθερίας
1408 896 1665 962 ἐγκρατῶς

256 962 471 1028 ἑξόμεθα
521 964 609 1014 καὶ
657 964 1024 1029 πολεμήσομεν
1072 965 1128 1028 ἐξ
1175 965 1307 1021 ἴσου,
1359 963 1564 1030 Πύρρον
1613 967 1669 1049 ἐξ

253 1031 505 1098 Ἠπείρου
545 1032 633 1082 τὸν
667 1032 903 1093 βασιλέα
941 1036 1192 1097 καλῶμεν,
1236 1033 1321 1083 καὶ
1371 1054 1667 1099 στρατηγὸν

255 1101 602 1167 ἀποφήνωμεν
638 1101 785 1151 τοῦδε
822 1105 913 1151 τοῦ
949 1101 1229 1165 πολέμου."
1261 1101 1285 1151 ὃ
1323 1101 1410 1151 καὶ
1444 1101 1663 1166 γέγονεν.

254 1173 316 1219 U.
345 1189 387 1232 p.
419 1175 528 1218 343.

902 1327 1023 1371 VIII

337 1444 439 1491 Οτι
486 1441 618 1504 μετὰ
667 1440 725 1491 τὸ
763 1442 1009 1505 ναυάγιον
1047 1440 1071 1491 ὁ
1109 1441 1312 1508 Πύρρος
1350 1441 1375 1493 ὁ
1411 1444 1669 1503 βασιλεὺς

254 1514 345 1573 τῆς
382 1509 635 1575 Ἠπείρου
677 1511 726 1563 ἐς
769 1509 859 1559 τὸν
907 1509 1147 1575 Τάραντα
1190 1511 1458 1576 κατήγετο,
1497 1513 1586 1563 καὶ
1622 1513 1671 1564 οἱ

255 1580 564 1645 Ταραντῖνοι
591 1579 708 1628 τότε
731 1579 970 1642 μάλιστα
996 1578 1113 1632 τοὺς
1136 1579 1453 1639 βασιλικοὺς
1479 1581 1665 1649 ἐβαρύ-

255 1668 416 1704 νοντο,
467 1646 873 1708 ἐσοικιζομένους
933 1668 989 1696 τε
1045 1647 1188 1710 παρὰ
1239 1652 1378 1714 σφᾶς
1422 1648 1534 1716 βίᾳ,
1583 1650 1668 1701 καὶ

257 1718 486 1782 φανερῶς
537 1714 895 1779 ἐνυβρίζοντας
943 1719 1057 1770 ταῖς
1103 1716 1274 1766 αὐτῶν
1320 1719 1524 1781 γυναιξὶ
1584 1719 1670 1769 καὶ

255 1783 454 1834 παισίν.
529 1786 594 1837 ὡς
634 1783 687 1834 δὲ
719 1784 805 1834 καὶ
847 1784 911 1833 τὰ
948 1783 1203 1834 συσσίτια
1239 1789 1389 1851 σφῶν
1413 1784 1438 1835 ὁ
1466 1785 1669 1853 Πύρρος

256 1853 339 1902 καὶ
392 1852 483 1906 τὰς
533 1853 704 1906 ἄλλας
753 1851 999 1906 συνόδους
1049 1854 1137 1903 καὶ
1186 1852 1459 1919 διατριβὰς
1507 1856 1572 1909 ὡς
1611 1857 1668 1905 οὐ

256 1921 559 1987 πρεπούσας
598 1919 812 1987 πολέμῳ
856 1920 1038 1980 διέλυε,
1075 1921 1341 1986 γυμνάσιά
1378 1944 1433 1973 τε
1469 1922 1667 1974 ἔνοπλα

257 1989 481 2039 ἔτασσεν
541 1990 731 2047 αὐτοῖς,
783 1989 867 2039 καὶ
937 1990 1160 2039 θάνατον
1220 1994 1325 2044 τοῖς
1384 1992 1669 2053 ἀμελοῦσιν

256 2057 415 2124 ὥριζε,
454 2056 573 2108 τότε
621 2057 679 2120 δὴ
720 2057 807 2108 καὶ
849 2058 1073 2120 πάμπαν
1121 2057 1335 2121 ἀήθεσιν
1381 2059 1546 2125 ἔργοις
1584 2061 1668 2110 καὶ

257 2127 580 2190 ἐπιτάγμασι
606 2127 885 2189 κάμνοντες
923 2126 970 2176 οἱ
1005 2128 1311 2193 Ταραντῖνοι
1350 2133 1440 2191 τῆς
1465 2127 1668 2183 πόλεως

255 2196 320 2249 ὡς
346 2193 631 2261 ἀλλοτρίας
668 2196 717 2249 ἐς
753 2195 871 2248 τοὺς
898 2195 1084 2260 ἀγροὺς
1111 2195 1508 2262 ἀπεδίδρασκον.
1580 2198 1665 2247 καὶ

256 2261 280 2312 ὁ
331 2262 589 2324 βασιλεὺς
649 2262 739 2316 τὰς
789 2261 945 2329 θύρας
994 2262 1251 2319 ἀπέκλειε,
1303 2264 1387 2314 καὶ
1442 2265 1667 2331 φρουρὰς

255 2330 460 2397 ἐφίστη.
533 2331 620 2381 καὶ
656 2331 705 2380 οἱ
741 2333 1048 2397 Ταραντῖνοι
1087 2337 1175 2393 τῆς
1215 2331 1471 2393 ἀβουλίας
1518 2337 1666 2401 σφῶν

254 2399 545 2464 ᾐσθάνοντο
571 2403 768 2465 σαφῶς.
841 2404 948 2448 Val.
976 2420 1017 2463 p.
1049 2406 1158 2449 553.

256 2491 315 2533 80
