1747 2693
525 138 854 219 APPIAN'S
874 145 1138 219 ROMAN
1161 148 1474 219 HISTORY

969 313 1039 357 IX

361 427 399 471 1.
450 420 581 473 Ὃτι
662 424 779 473 ὅσοι
863 425 915 474 ἐν
984 425 1175 492 Ῥηγίῳ
1260 427 1529 492 Ῥωμαίων
1622 433 1707 482 ἐπὶ

289 498 522 569 σωτηρίᾳ
557 499 643 550 καὶ
671 505 881 568 φυλακῇ
918 508 1007 565 τῆς
1046 504 1263 561 πόλεως,
1298 506 1368 570 μή
1406 528 1455 557 τι
1491 509 1705 560 πάθοιεν

290 576 390 627 ὑπὸ
416 581 517 628 τῶν
541 578 755 645 ἐχθρῶν,
783 579 1085 644 παρέμενον,
1119 583 1273 632 αὐτοί
1308 606 1363 634 τε
1401 586 1486 636 καὶ
1527 587 1705 643 Δέκιος

289 654 313 706 ὁ
362 656 564 720 ἡγεμὼν
611 658 797 715 αὐτῶν,
851 663 957 714 τοῖς
1017 660 1230 725 ἀγαθοῖς
1291 666 1392 712 τῶν
1457 663 1704 729 Ῥηγίνων

288 734 655 800 φθονήσαντες,
707 737 791 786 καὶ
851 739 1176 803 φυλάξαντες
1237 740 1423 796 αὐτοὺς
1484 744 1703 812 εὐωχου-

285 808 463 872 μένους
513 812 566 860 ἐν
613 811 762 877 ἑορτῇ
813 811 1119 879 διέφθειραν,
1165 814 1250 865 καὶ
1301 821 1414 870 ταῖς
1472 821 1705 884 γυναιξὶν

286 884 555 939 ἀκουσίαις
582 891 832 949 συνῆσαν.
895 888 1164 954 πρόφασιν
1189 889 1241 939 δὲ
1267 895 1356 953 τῆς
1382 893 1703 958 παρανομίας

287 959 469 1025 ἔφερον
516 960 596 1011 ὅτι
643 959 871 1025 Ῥηγῖνοι
922 961 1015 1025 τὴν
1075 963 1303 1029 φρουρὰν
1361 967 1703 1032 προεδίδοσαν

286 1033 490 1101 Πύρρῳ.
531 1036 616 1086 καὶ
644 1035 827 1091 Δέκιος
850 1036 944 1101 μὲν
969 1038 1083 1088 ἀντὶ
1105 1041 1436 1107 φρουράρχου
1463 1042 1703 1108 τύραννος

284 1110 361 1173 ἦν,
407 1110 493 1160 καὶ
539 1110 723 1177 φιλίαν
765 1112 909 1162 ἔθετο
947 1114 1298 1180 Μαμερτίνοις
1347 1120 1453 1170 τοῖς
1491 1118 1576 1168 ἐπὶ
1613 1124 1703 1169 τοῦ

284 1185 521 1251 πορθμοῦ
576 1190 667 1236 τοῦ
716 1182 994 1240 Σικελικοῦ
1054 1189 1450 1254 κατῳκημένοις,
1493 1194 1552 1243 οὐ
1599 1195 1701 1260 πρὸ

285 1265 490 1311 πολλοῦ
533 1261 789 1316 κἀκείνοις
828 1264 877 1317 ἐς
919 1262 1077 1318 ἰδίους
1121 1264 1291 1329 ξένους
1331 1266 1481 1330 ὅμοια
1531 1268 1700 1336 δεδρα-

285 1335 447 1385 κόσιν.

355 1417 395 1460 2.
436 1410 778 1476 Ἀλγήσαντα
829 1412 868 1462 δ᾽
917 1413 1075 1464 αὐτὸν
1113 1419 1220 1469 τοῖς
1259 1414 1563 1481 ὀφθαλμοῖς,
1615 1420 1701 1470 καὶ

283 1489 388 1541 τοῖς
423 1487 477 1536 ἐν
511 1486 701 1554 Ῥηγίῳ
739 1487 936 1554 ἰατροῖς
962 1490 1304 1547 ἀπιστοῦντα,
1329 1494 1701 1558 μετάπεμπτος

283 1560 389 1610 ἀπὸ
432 1562 719 1625 Μεσσήνης
760 1564 1036 1630 ἐθεράπευε
1077 1565 1310 1629 Ῥηγῖνος
1348 1567 1490 1633 ἀνήρ,
1541 1591 1699 1636 μετῳ-

283 1636 449 1699 κηκὼς
475 1639 525 1691 ἐς
550 1639 842 1701 Μεσσήνην
879 1639 979 1706 πρὸ
1019 1645 1241 1698 πολλοῦ,
1269 1642 1349 1691 ὅτι
1375 1641 1603 1707 Ῥηγῖνος
1640 1648 1701 1710 ἦν

282 1711 637 1776 ἀγνοούμενος.
711 1714 859 1768 οὗτος
884 1713 1042 1765 αὐτὸν
1067 1715 1273 1765 ἔπεισεν
1299 1717 1382 1767 ἐπὶ
1409 1719 1699 1786 ἀπαλλαγῇ

282 1786 518 1853 συντόμῳ
547 1788 832 1855 φαρμάκων
858 1789 1189 1857 ἀνασχέσθαι
1226 1792 1436 1857 θερμῶν,
1465 1794 1550 1844 καὶ
1587 1796 1698 1863 χρί-

282 1884 379 1916 σας
428 1867 533 1917 τοῖς
582 1863 928 1915 κατακαίουσι
965 1865 1053 1915 καὶ
1090 1865 1391 1917 δαπανῶσιν
1429 1868 1700 1921 ἐκέλευσεν

281 1938 614 2005 ἀνασχέσθαι
664 1943 755 1989 τοῦ
802 1939 964 1990 πόνου
1010 1939 1164 2008 μέχρι
1202 1941 1355 1996 αὐτὸς
1405 1944 1696 2004 ἐπανέλθοι,

282 2013 367 2063 καὶ
392 2013 570 2063 λαθὼν
595 2013 851 2064 ἔπλευσεν
876 2016 924 2068 ἐς
951 2016 1255 2079 Μεσσήνην.
1331 2015 1355 2066 ὁ
1393 2016 1434 2067 δ᾽
1472 2020 1521 2073 ἐς
1558 2021 1699 2071 πολὺ

281 2093 370 2150 τῆς
398 2087 576 2151 ὀδύνης
601 2089 957 2157 ἀνασχόμενος
983 2091 1301 2157 ἀπενίψατο,
1330 2092 1417 2142 καὶ
1443 2093 1555 2160 εὗρε
1581 2096 1697 2151 τοὺς

281 2162 582 2229 ὀφθαλμοὺς
609 2163 1061 2229 δεδαπανημένους.

351 2243 392 2287 3.
433 2238 722 2305 Φαβρίκιος
761 2239 814 2289 δὲ
855 2239 955 2290 ὑπὸ
998 2239 1265 2303 Ῥωμαίων
1301 2241 1386 2291 ἐπὶ
1426 2241 1695 2310 διορθώσει

280 2312 437 2363 τῶνδε
479 2314 732 2379 πεμφθεὶς
773 2313 866 2377 τήν
904 2336 959 2364 τε
1001 2314 1160 2365 πόλιν
1203 2319 1309 2370 τοῖς
1346 2316 1421 2367 ἔτι
1445 2314 1696 2382 Ῥηγίνοις

277 2390 483 2442 λοιποῖς
522 2388 787 2445 ἀπεδίδου,
815 2388 901 2439 καὶ
935 2392 1035 2439 τῶν
1074 2393 1312 2457 φρουρῶν
1346 2391 1462 2446 τοὺς
1500 2391 1696 2449 αἰτίους

279 2479 335 2522 82
