1747 2693
496 135 822 222 APPIAN'S
845 141 1122 212 ROMAN
1138 135 1454 219 HISTORY

271 286 360 344 τῆς
385 280 731 333 ἀποστάσεως
759 281 805 333 ἐς
830 277 1031 342 Ῥώμην
1064 277 1315 342 ἔπεμψεν,
1344 276 1395 325 οἳ
1422 296 1682 340 μαστιγω-

272 349 439 403 θέντες
480 351 531 399 ἐν
565 349 729 414 ἀγορᾷ
764 346 898 411 μέσῃ
940 345 1032 399 τὰς
1068 344 1301 410 κεφαλὰς
1339 343 1685 405 ἀπεκόπησαν

272 418 357 468 καὶ
383 416 725 482 ἐξερρίφησαν
752 415 961 481 ἄταφοι.
1016 414 1198 467 Δέκιος
1219 412 1271 462 δὲ
1287 410 1683 478 φυλασσόμενος

271 487 510 549 ἀμελῶς,1
535 485 619 534 οἷα
644 484 822 549 πηρός,
851 481 1032 533 ἑαυτὸν
1057 480 1388 548 διεχρήσατο.
1460 485 1521 530 id.
1547 484 1607 529 ib.

992 635 1037 678 X

344 749 384 792 1.
408 740 542 792 Ὃτι
590 740 614 791 ὁ
665 740 866 806 Πύρρος
917 737 940 788 ὁ
989 736 1245 800 βασιλεὺς
1296 740 1385 797 τῆς
1420 734 1684 801 Ἠπείρου,

274 809 488 874 νικήσας
525 809 642 863 τοὺς
677 806 961 872 Ῥωμαίους
1010 806 1095 856 καὶ
1151 806 1439 865 ἀναλαβεῖν
1484 804 1687 871 χρῄζων

275 879 366 943 τὴν
408 877 660 943 στρατιὰν
708 879 763 926 ἐκ
798 877 971 943 μάχης
1009 873 1232 930 εὐτόνου,
1282 873 1366 923 καὶ
1409 871 1687 934 Ῥωμαίους

275 946 498 1008 ἐλπίζων
547 948 594 1001 ἐς
644 946 908 998 διαλύσεις
957 942 1073 993 τότε
1132 942 1370 1006 μάλιστα
1431 940 1683 997 ἐνδώσειν,

275 1017 504 1080 ἔπεμπεν
530 1017 578 1068 ἐς
604 1014 806 1075 Ῥώμην
846 1011 1036 1063 Κινέαν
1076 1010 1165 1061 τὸν
1205 1008 1504 1066 Θεσσαλόν,
1534 1008 1687 1074 δόξαν

277 1084 363 1135 ἐπὶ
408 1082 587 1148 λόγοις
631 1083 821 1151 ἔχοντα
864 1080 1136 1145 μιμεῖσθαι
1185 1078 1277 1142 τὴν
1326 1077 1686 1141 Δημοσθένους

273 1153 476 1216 ἀρετήν.
551 1152 636 1201 καὶ
675 1149 954 1214 παρελθὼν
991 1147 1015 1198 ὁ
1058 1146 1243 1200 Κινέας
1284 1149 1331 1200 ἐς
1369 1146 1426 1195 τὸ
1465 1149 1683 1207 βουλευ-

278 1220 452 1288 τήριον
476 1219 619 1269 ἄλλα
645 1241 699 1269 τε
724 1217 905 1269 πολλὰ
932 1217 1049 1281 περὶ
1074 1220 1165 1266 τοῦ
1189 1214 1456 1277 βασιλέως
1484 1217 1686 1278 ἐσεμνο-

278 1289 436 1354 λόγει,
499 1289 584 1339 καὶ
646 1287 738 1351 τὴν
798 1287 882 1338 ἐπὶ
944 1290 1012 1351 τῷ
1073 1286 1232 1346 ἀγῶνι
1289 1284 1689 1349 μετριοπάθειαν

279 1357 654 1421 κατελογίζετο,
683 1354 799 1419 μήτ᾽
828 1355 913 1405 ἐπὶ
939 1356 1031 1416 τὴν
1057 1353 1214 1404 πόλιν
1234 1352 1380 1406 εὐθὺς
1401 1353 1687 1406 ἐλάσαντος

277 1426 395 1490 μήτ᾽
443 1427 529 1477 ἐπὶ
570 1424 627 1475 τὸ
676 1423 973 1488 ἡσσημένον
1021 1420 1394 1486 στρατόπεδον·
1433 1419 1598 1470 ἐδίδου
1648 1420 1689 1470 δ᾽

278 1497 453 1548 αὐτοῖς
491 1493 691 1559 εἰρήνην
728 1493 812 1542 καὶ
858 1490 1041 1558 φιλίαν
1088 1491 1175 1540 καὶ
1214 1488 1521 1555 συμμαχίαν
1560 1488 1687 1555 πρὸς

280 1563 501 1629 Πύρρον,
551 1562 595 1611 εἰ
631 1560 977 1626 Ταραντίνους
1015 1559 1104 1616 μὲν
1142 1561 1189 1612 ἐς
1228 1561 1393 1608 ταῦτα
1441 1579 1687 1623 συμπερι-

278 1633 511 1694 λάβοιεν,
533 1629 649 1685 τοὺς
677 1630 719 1679 δ᾽
745 1630 939 1683 ἄλλους
963 1627 1233 1689 Ἕλληνας
1271 1625 1386 1680 τοὺς
1413 1628 1464 1676 ἐν
1487 1625 1688 1695 Ἰταλίᾳ

281 1704 650 1753 κατοικοῦντας
702 1697 997 1764 ἐλευθέρους
1048 1696 1132 1746 καὶ
1181 1694 1494 1759 αὐτονόμους
1554 1695 1685 1760 ἐῷεν,

280 1772 560 1822 Λευκανοῖς
609 1767 661 1817 δὲ
709 1767 794 1817 καὶ
843 1763 1118 1820 Σαυνίταις
1168 1764 1254 1814 καὶ
1303 1761 1541 1817 Δαυνίοις
1602 1763 1687 1813 καὶ

280 1836 541 1904 Βρεττίοις
590 1835 832 1885 ἀποδοῖεν
879 1835 980 1884 ὅσα
1031 1834 1198 1883 αὐτῶν
1246 1831 1429 1898 ἔχουσι
1477 1829 1689 1896 πολέμῳ

277 1904 550 1967 λαβόντες.
623 1904 710 1954 καὶ
746 1902 1058 1968 γιγνομένων
1108 1901 1204 1967 ἔφη
1243 1901 1437 1951 τούτων
1487 1898 1691 1965 Πύρρον

280 1973 572 2025 ἀποδώσειν
598 1973 771 2027 αὐτοῖς
799 1971 916 2025 τοὺς
932 1969 1300 2037 αἰχμαλώτους
1326 1968 1445 2018 ἄνευ
1469 1968 1687 2034 λύτρων.

350 2050 391 2092 2.
432 2041 502 2091 Οἱ
546 2041 587 2090 δ᾽
623 2039 904 2101 ἐνεδοίαζον
940 2040 1026 2089 ἐπὶ
1064 2042 1333 2093 πλεῖστον,
1373 2041 1433 2100 τῇ
1476 2057 1530 2086 τε
1569 2035 1690 2099 δόξῃ

280 2114 370 2161 τοῦ
414 2109 625 2176 Πύρρου
668 2108 755 2159 καὶ
799 2113 869 2173 τῷ
913 2105 1279 2171 συμβεβηκότι
1328 2106 1484 2155 πάθει
1533 2126 1686 2154 κατα-

280 2178 581 2243 πλαγέντες,
611 2179 701 2231 ἕως
730 2177 964 2230 Ἄππιος
1004 2174 1281 2231 Κλαύδιος,
1310 2172 1333 2223 ὁ
1362 2176 1558 2227 Καῖκος
1584 2170 1690 2222 ἐπί-

280 2256 484 2309 κλησιν,
530 2246 626 2309 ἤδη
671 2243 1077 2312 τετυφλωμένος,
1121 2245 1168 2297 ἐς
1211 2242 1267 2292 τὸ
1317 2240 1690 2307 βουλευτήριον

281 2320 385 2370 τοῖς
412 2315 599 2366 παισὶν
625 2313 781 2365 αὑτὸν
807 2315 1023 2377 ἀγαγεῖν
1061 2311 1329 2367 κελεύσας,
1360 2307 1692 2377 "ἠχθόμην,"

461 2416 623 2455 1 MSS.
647 2419 848 2463 ἐπιμελῶς,
872 2414 1006 2452 which
1027 2426 1103 2451 can
1123 2412 1272 2461 hardly
1292 2411 1342 2448 be
1361 2411 1485 2460 right.

280 2492 339 2544 84
