1747 2693
470 100 803 216 APPIAN'S
822 122 1096 200 ROMAN
1109 122 1432 206 HISTORY

247 261 403 319 εἶπεν,
431 263 559 313 "ὅτι
585 261 655 325 μὴ
679 262 888 322 βλέπω·
917 265 1006 313 νῦν
1031 262 1074 313 δ᾽
1098 262 1178 314 ὅτι
1209 263 1396 314 ἀκούω.
1469 263 1535 315 τὰ
1559 263 1660 331 γὰρ

248 340 464 388 τοιαῦτα
491 337 631 401 ὑμῶν
658 336 1001 400 βουλεύματα
1034 337 1210 402 ἠξίουν
1239 338 1359 403 μήθ᾽
1397 337 1520 406 ὁρᾶν
1542 339 1661 403 μήτ᾽

246 412 465 469 ἀκούειν,
494 413 546 462 οἳ
579 411 641 462 δι᾽
677 411 730 462 ἓν
763 411 1008 480 ἀτύχημα
1047 412 1243 479 ἀθρόως
1281 415 1441 468 οὕτως
1467 415 1663 465 ἑαυτῶν

248 487 550 549 ἐκλέλησθε,
578 486 666 537 καὶ
704 486 792 537 τὸν
829 491 981 537 τοῦτο
1020 486 1286 554 δράσαντα
1312 487 1470 539 αὐτόν
1495 510 1551 539 τε
1574 488 1662 539 καὶ

247 563 365 618 τοὺς
413 561 831 627 ἐπαγαγομένους
890 561 1050 612 αὐτὸν
1106 561 1430 620 βουλεύεσθε
1478 562 1661 630 φίλους

247 637 363 688 ἀντὶ
409 637 675 701 πολεμίων
735 637 936 695 θέσθαι,
986 637 1072 688 καὶ
1122 636 1187 687 τὰ
1235 641 1336 688 τῶν
1394 637 1662 704 προγόνων

247 712 488 777 κτήματα
535 715 817 767 Λευκανοῖς
876 711 966 762 καὶ
1024 711 1289 779 Βρεττίοις
1348 713 1537 765 δοῦναι.
1611 713 1663 765 τί

248 787 388 838 τοῦτ᾽
412 787 557 839 ἐστὶν
582 787 614 850 ἢ
636 786 919 850 Ῥωμαίους
955 786 1042 838 ἐπὶ
1078 786 1353 838 Μακεδόσι
1385 787 1658 852 γενέσθαι;

248 857 336 906 καὶ
361 855 528 907 ταῦτά
569 877 700 909 τινες
745 855 945 921 εἰρήνην
983 856 1098 906 ἀντὶ
1136 855 1370 912 δουλείας
1397 861 1663 921 τολμῶσιν

248 924 558 989 ὀνομάζειν."
664 924 808 974 ἄλλα
856 945 911 974 τε
958 922 1139 974 πολλὰ
1186 924 1338 987 ὅμοια
1385 925 1586 980 τούτοις
1634 924 1659 976 ὁ

240 993 473 1047 Ἄππιος
497 991 656 1044 εἰπὼν
698 993 784 1042 καὶ
827 992 1076 1059 ἐρεθίσας,
1103 993 1404 1056 ἐσηγήσατο
1438 992 1658 1061 Πύρρον,

248 1061 290 1111 εἰ
317 1060 481 1112 δέοιτο
507 1066 598 1125 τῆς
636 1059 903 1124 Ῥωμαίων
933 1059 1112 1127 φιλίας
1136 1062 1224 1111 καὶ
1259 1061 1578 1129 συμμαχίας,
1606 1064 1663 1127 ἐξ

248 1128 479 1184 Ἰταλίας
502 1128 804 1180 ἀπελθόντα
827 1129 1153 1196 πρεσβεύειν,
1181 1129 1419 1196 παρόντα
1455 1129 1509 1181 δὲ
1531 1129 1662 1195 μήτε

249 1197 404 1264 φίλον
440 1199 682 1263 ἡγεῖσθαι
717 1196 847 1261 μήτε
886 1196 1166 1265 σύμμαχον
1211 1198 1343 1261 μήτε
1390 1197 1660 1262 Ῥωμαίοις

249 1265 500 1329 δικαστὴν
523 1267 553 1328 ἢ
581 1265 863 1329 διαιτητήν.

320 1342 365 1384 3.
404 1337 509 1385 Καὶ
536 1337 567 1398 ἡ
592 1334 766 1397 βουλὴ
793 1335 941 1385 ταῦθ᾽
967 1334 1101 1401 ἅπερ
1140 1335 1227 1385 καὶ
1255 1335 1489 1390 Ἄππιος
1520 1336 1662 1386 εἶπεν

248 1403 562 1469 ἀπεκρίνατο
591 1402 767 1472 Κινέᾳ.
840 1402 1098 1468 Λαιουίνῳ
1137 1403 1179 1452 δ᾽
1217 1403 1360 1454 ἄλλα
1410 1403 1498 1454 δύο
1535 1404 1659 1467 τέλη

248 1471 625 1535 καταλέγοντες
673 1472 926 1537 ἐκήρυξαν
964 1473 1139 1529 οὕτως,
1183 1472 1230 1522 εἴ
1273 1493 1351 1525 τις
1398 1472 1514 1523 ἀντὶ
1560 1476 1660 1523 τῶν

248 1540 605 1591 ἀπολωλότων
643 1539 800 1590 αὑτὸν
838 1540 1149 1597 ἐπιδίδωσιν,
1190 1542 1239 1594 ἐς
1276 1540 1369 1605 τὴν
1406 1540 1659 1607 στρατιὰν

247 1608 666 1675 ἀπογράφεσθαι.
760 1609 845 1658 καὶ
896 1608 920 1658 ὁ
971 1608 1159 1663 Κινέας
1208 1609 1283 1659 ἔτι
1329 1609 1525 1675 παρών,
1574 1609 1661 1660 καὶ

248 1677 497 1741 θεώμενος
532 1676 719 1731 αὐτοὺς
757 1676 1070 1741 ὠθουμένους
1108 1678 1156 1732 ἐς
1194 1677 1286 1731 τὰς
1333 1677 1659 1745 ἀπογραφάς,

245 1745 457 1810 λέγεται
497 1744 623 1811 πρὸς
660 1744 749 1795 τὸν
793 1747 1000 1811 Πύρρον
1042 1746 1342 1795 ἐπανελθὼν
1380 1746 1542 1797 εἰπεῖν
1580 1747 1660 1797 ὅτι

247 1814 376 1881 πρὸς
418 1815 576 1880 ὕδραν
618 1814 761 1864 ἐστὶν
810 1815 987 1868 αὐτοῖς
1024 1812 1049 1864 ὁ
1087 1814 1329 1878 πόλεμος.
1404 1815 1454 1865 οἱ
1500 1814 1553 1865 δὲ
1601 1815 1660 1865 οὐ

251 1882 439 1933 Κινέαν
464 1880 608 1932 ἀλλὰ
645 1881 852 1948 Πύρρον
880 1881 1039 1932 αὐτὸν
1075 1882 1234 1933 εἰπεῖν
1261 1887 1412 1933 τοῦτο
1440 1882 1496 1933 τὸ
1522 1883 1659 1941 ἔπος,

247 1950 422 2002 ἰδόντα
447 1950 540 2015 τὴν
565 1951 819 2018 στρατιὰν
843 1955 945 2001 τῶν
984 1949 1251 2015 Ῥωμαίων
1282 1956 1372 2015 τῆς
1407 1952 1662 2039 προτέρας

246 2019 483 2070 πλείονα·
523 2020 610 2070 καὶ
645 2018 746 2086 γὰρ
782 2018 807 2069 ὁ
846 2020 1013 2085 ἕτερος
1061 2021 1259 2074 ὕπατος
1296 2024 1365 2086 τῷ
1403 2023 1661 2087 Λαιουίνῳ

249 2088 630 2154 Κορουγκάνιος
678 2090 800 2151 ἧκεν
849 2089 905 2137 ἐκ
953 2087 1235 2155 Τυρρηνίας
1281 2089 1393 2151 μεθ᾽
1440 2089 1499 2151 ἧς
1552 2088 1661 2156 εἶχε

245 2161 596 2222 παρασκευῆς.
684 2156 895 2220 λέγεται
945 2156 998 2206 δὲ
1045 2157 1131 2207 καὶ
1180 2156 1357 2207 τἆλλα
1405 2157 1523 2222 περὶ
1570 2163 1660 2220 τῆς

243 2224 443 2288 Ῥώμης
486 2225 852 2290 πυνθανομένῳ
896 2224 1086 2291 Πύρρῳ
1136 2226 1323 2278 Κινέας
1371 2225 1534 2276 εἰπεῖν
1579 2226 1659 2276 ὅτι

245 2293 401 2347 πόλις
427 2294 541 2343 ἐστὶ
567 2297 876 2359 στρατηγῶν
907 2294 1019 2355 ὅλη,
1048 2293 1135 2343 καὶ
1169 2297 1260 2343 τοῦ
1290 2293 1500 2360 Πύρρου
1535 2295 1659 2344 θαυ-

244 2362 511 2426 μάσαντος
542 2361 861 2425 μεταλαβὼν
895 2362 1073 2429 φάναι,
1102 2361 1417 2422 "βασιλέων
1452 2366 1659 2426 μᾶλλον

246 2473 305 2517 86
