1747 2693
464 106 800 193 APPIAN'S
819 109 1067 193 ROMAN
1096 112 1416 187 HISTORY

240 252 267 311 ἢ
296 249 652 314 στρατηγῶν."
725 249 929 316 Πύρρος
957 249 1012 307 δ᾽,
1042 251 1106 303 ὡς
1133 248 1277 299 οὐδὲν
1308 248 1560 314 εἰρηναῖόν
1604 248 1651 299 οἱ

238 324 383 391 παρὰ
431 329 520 388 τῆς
567 327 769 387 βουλῆς
818 323 1133 387 ἀπήντησεν,
1186 323 1271 374 ἐπὶ
1311 322 1403 387 τὴν
1450 323 1652 387 Ῥώμην

237 399 495 465 ἠπείγετο,
531 400 705 449 πάντα
742 400 891 464 δῃῶν.
965 399 1053 449 καὶ
1087 397 1271 464 φθάνει
1304 398 1398 463 μὲν
1422 400 1470 453 ἐς
1495 397 1653 449 πόλιν

237 475 531 539 Ἀναγνίαν,
556 477 777 536 βαρεῖαν
804 474 844 523 δ᾽
872 474 1007 541 ἔχων
1030 474 1126 536 ἤδη
1154 473 1247 537 τὴν
1272 472 1527 538 στρατιὰν
1552 474 1651 523 ὑπὸ

236 549 381 604 λείας
417 550 505 600 καὶ
541 550 777 612 πλήθους
814 549 1184 616 αἰχμαλώτων,
1211 548 1520 613 ἀναθέμενος
1556 550 1650 613 μά-

237 648 338 694 χην
375 625 687 692 ἀνέστρεφεν
725 624 812 675 ἐπὶ
852 623 1183 688 Καμπανίας,
1222 623 1516 688 ἡγουμένων
1553 628 1653 674 τῶν

238 701 548 767 ἐλεφάντων,
576 700 663 750 καὶ
703 699 794 763 τὴν
837 698 1094 765 στρατιὰν
1132 700 1181 754 ἐς
1210 697 1495 767 χειμασίαν
1519 698 1652 748 κατὰ

237 777 417 830 πόλεις
444 775 616 842 διῄρει.

308 857 352 901 4.
387 849 655 915 Ῥωμαίων
699 849 752 900 δὲ
790 850 1041 917 πρέσβεις
1080 850 1238 900 αὐτὸν
1275 849 1451 913 ἠξίουν
1490 854 1653 899 λῦσαι

239 930 301 993 τῇ
326 925 479 977 πόλει
508 925 625 979 τοὺς
662 924 1047 992 αἰχμαλώτους,
1086 925 1117 989 ἢ
1156 926 1463 985 ἀντιλαβεῖν
1500 925 1652 979 ὅσους

239 1003 424 1069 ἔχουσι
472 1000 805 1067 Ταραντίνων
854 1001 941 1051 καὶ
978 1004 1079 1051 τῶν
1129 1001 1310 1051 ἄλλων
1359 1001 1655 1068 συμμάχων

238 1080 409 1128 αὐτοῦ.
483 1075 508 1127 ὁ
535 1076 586 1126 δὲ
614 1075 977 1140 σπενδομένοις
1000 1076 1093 1140 μὲν
1127 1077 1240 1143 ἔφη,
1267 1076 1504 1144 καθάπερ
1530 1098 1653 1142 προ-

239 1157 354 1203 εῖπε
381 1151 584 1209 Κινέας,
611 1152 914 1220 χαριεῖσθαι
942 1151 1059 1206 τοὺς
1085 1152 1469 1220 αἰχμαλώτους,
1497 1160 1652 1202 πολε-

238 1231 395 1292 μοῦσι
433 1227 473 1277 δ᾽
512 1228 570 1277 οὐ
610 1226 795 1277 δώσειν
832 1227 911 1292 ἐφ᾽
949 1226 1131 1277 ἑαυτὸν
1168 1227 1352 1293 ἄνδρας
1391 1228 1654 1282 τοιούτους

240 1303 327 1354 καὶ
352 1301 647 1357 τοσούτους.
721 1301 906 1367 ἐξένιζε
941 1302 983 1351 δ᾽
1023 1303 1208 1358 αὐτοὺς
1232 1305 1543 1364 βασιλικῶς,
1569 1303 1655 1352 καὶ

240 1377 328 1428 τὸν
354 1383 443 1442 τῆς
478 1376 768 1443 πρεσβείας
806 1378 1089 1441 ἡγούμενον
1129 1376 1423 1444 Φαβρίκιον
1461 1378 1652 1428 πυνθα-

241 1452 445 1517 νόμενος
491 1454 542 1503 ἐν
582 1457 644 1518 τῇ
695 1451 848 1503 πόλει
884 1451 1017 1517 μέγα
1055 1451 1308 1503 δύνασθαι
1347 1453 1433 1503 καὶ
1483 1453 1652 1507 δεινῶς

239 1522 491 1572 πένεσθαι
518 1520 820 1585 καθωμίλει,
847 1521 1031 1585 λέγων,
1061 1522 1101 1571 εἰ
1128 1521 1372 1588 πράξειεν
1397 1523 1537 1587 αὐτῷ
1564 1521 1655 1575 τὰς

241 1591 520 1647 διαλύσεις,
542 1590 943 1657 ὑποστράτηγον
970 1590 1056 1641 καὶ
1076 1590 1314 1640 κοινωνὸν
1341 1594 1441 1641 τῶν
1465 1590 1652 1657 παρόν-

240 1681 342 1709 των
378 1660 589 1723 ἀγαθῶν
637 1660 858 1723 ἀπάξειν
895 1660 944 1713 ἐς
976 1660 1245 1726 Ἤπειρον.
1317 1659 1565 1727 χρήματά
1601 1680 1656 1710 τε

239 1727 397 1779 αὐτὸν
418 1729 609 1787 λαβεῖν
651 1728 881 1778 ἐντεῦθεν
917 1727 1014 1790 ἤδη
1057 1728 1359 1795 παρεκάλει,
1386 1727 1656 1794 πρόφασιν

241 1799 305 1851 ὡς
373 1796 608 1846 δώσοντα
676 1800 782 1851 τοῖς
849 1796 942 1859 τὴν
1008 1796 1210 1863 εἰρήνην
1269 1796 1651 1863 ἐργασαμένοις.

242 1866 564 1930 ἐπιγελάσας
639 1863 680 1913 δ᾽
747 1863 772 1915 ὁ
845 1864 1136 1932 Φαβρίκιος
1206 1865 1325 1932 περὶ
1393 1865 1485 1930 μὲν
1555 1868 1656 1915 τῶν

241 1937 423 1984 κοινῶν
483 1932 584 1983 οὐδ᾽
635 1932 963 1998 ἀπεκρίνατο,
1016 1933 1157 1995 "τὴν
1215 1933 1256 1983 δ᾽
1317 1934 1492 1998 ἐμήν,"
1540 1934 1653 2000 ἔφη,

243 2001 594 2068 "παρρησίαν
642 2002 759 2052 οὔτε
809 2005 909 2052 τῶν
957 2006 1065 2053 σῶν
1113 2001 1281 2069 φίλων
1329 2002 1490 2057 οὐδεὶς
1539 2003 1656 2053 οὔτε

239 2070 394 2125 αὐτὸς
422 2072 581 2125 οἴσεις
616 2070 699 2127 σύ,
728 2070 765 2119 ὦ
802 2072 1051 2131 βασιλεῦ·
1092 2071 1179 2121 καὶ
1217 2070 1309 2134 τὴν
1345 2070 1526 2121 πενίαν
1564 2070 1657 2133 τὴν

241 2141 464 2203 ἐμαυτοῦ
500 2138 766 2206 μακαρίζω
809 2144 1018 2203 μᾶλλον
1057 2139 1089 2203 ἢ
1129 2140 1218 2190 τὸν
1256 2143 1357 2190 τῶν
1399 2140 1656 2206 τυράννων

241 2211 473 2257 πλοῦτον
499 2206 626 2272 ὁμοῦ
651 2207 739 2258 καὶ
766 2206 983 2275 φόβον."
1056 2208 1104 2258 οἱ
1131 2208 1182 2258 δὲ
1208 2209 1308 2275 οὐχ
1333 2209 1467 2258 οὕτω
1495 2209 1657 2274 φασὶν

240 2275 412 2333 αὐτόν,
474 2276 597 2325 ἀλλ᾽
646 2277 727 2326 ὅτι
784 2298 884 2340 μου
945 2281 1033 2339 τῆς
1084 2276 1287 2343 φύσεως
1334 2278 1655 2344 Ἠπειρῶται

240 2344 629 2408 μεταλαβόντες
657 2344 743 2409 ἐμὲ
770 2348 867 2395 σοῦ
894 2345 1268 2411 προθήσουσιν.

242 2456 300 2499 88
