1747 2693
454 122 787 203 APPIAN'S
806 125 1074 209 ROMAN
1090 129 1409 203 HISTORY

297 269 343 315 5.
380 262 678 330 Ὁποτέρως
738 263 780 313 δ᾽
834 264 922 314 οὖν
981 263 1310 330 ἀπεκρίνατο,
1366 265 1641 328 θαυμάσας

227 332 384 383 αὐτὸν
420 336 511 382 τοῦ
548 332 872 398 φρονήματος
914 330 939 383 ὁ
984 333 1187 398 Πύρρος
1229 333 1406 399 ἑτέραν
1443 332 1559 384 ὁδὸν
1593 334 1643 388 ἐς

229 400 319 455 τὰς
346 400 638 464 διαλλαγὰς
676 400 884 457 ἐπενόει,
913 400 999 450 καὶ
1035 401 1153 454 τοὺς
1187 399 1557 467 αἰχμαλώτους
1594 403 1642 456 ἐς

229 472 331 519 τῶν
357 468 588 535 Κρονίων
614 467 707 530 τὴν
743 468 922 535 ἑορτὴν
958 469 1186 532 ἔπεμπεν
1222 469 1340 519 ἄνευ
1379 471 1641 535 φυλάκων,

229 536 307 604 ἐφ᾽
345 536 401 604 ᾧ,
443 536 719 604 δεχομένης
754 538 848 602 μὲν
896 542 984 600 τῆς
1032 536 1235 591 πόλεως
1284 537 1317 586 ἃ
1366 536 1391 587 ὁ
1441 537 1644 604 Πύρρος

229 606 501 671 προτείνει,
551 605 719 669 μένειν
766 604 851 655 καὶ
902 610 991 668 τῆς
1038 605 1412 672 αἰχμαλωσίας
1454 607 1644 656 ἀπολε-

227 673 439 730 λύσθαι,
478 672 548 737 μὴ
586 672 860 740 δεχομένης
898 673 951 723 δὲ
987 674 1337 740 ἑορτάσαντας
1374 674 1646 737 ἐπανήκειν

230 744 278 796 ἐς
303 741 476 792 αὐτόν.
551 741 763 796 τούτους
788 744 819 805 ἡ
844 741 1033 804 βουλή,
1053 743 1191 792 πάνυ
1208 746 1643 809 παρακαλοῦντας

229 810 316 860 καὶ
343 811 622 874 ἐνάγοντας
649 812 697 865 ἐς
725 809 817 864 τὰς
854 809 1133 867 διαλύσεις,
1162 810 1434 861 ἐκέλευσεν
1469 812 1642 877 ἑορτά-

230 900 426 933 σαντας
455 879 644 945 Πύρρῳ
671 877 992 945 παραδοῦναι
1019 882 1159 946 σφᾶς
1184 879 1371 934 αὐτοὺς
1408 881 1461 930 ἐν
1485 879 1646 949 ἡμέρᾳ

228 948 376 1013 ῥητῇ,
402 948 487 997 καὶ
525 948 751 997 θάνατον
776 947 994 1011 ἐπέταξε
1020 951 1126 1001 τοῖς
1150 948 1520 1014 ἀπολειφθεῖσι
1558 953 1646 1011 τῆς

232 1014 435 1082 ἡμέρας.
510 1015 557 1066 οἱ
606 1015 658 1065 δὲ
715 1016 800 1065 καὶ
861 1015 1025 1075 αὐτὴν
1080 1015 1306 1071 ἅπαντες
1363 1016 1645 1083 ἐφύλαξαν,

230 1084 317 1134 καὶ
378 1083 565 1150 Πύρρῳ
627 1083 927 1148 πολεμητέα
985 1085 1193 1139 πάντως
1257 1084 1405 1139 αὖθις
1469 1083 1646 1135 ἐδόκει.

231 1157 293 1202 U.
321 1173 363 1216 p.
395 1158 505 1202 345.

900 1325 969 1369 XI

304 1432 343 1477 1.
375 1425 505 1477 Ὃτι
531 1426 620 1478 τὸν
646 1426 855 1494 Πύρρον
880 1427 976 1490 ἤδη
1001 1427 1094 1492 μὲν
1120 1428 1184 1479 τὰ
1223 1427 1491 1493 Ῥωμαίων
1527 1451 1648 1480 κατ-

233 1510 517 1573 έπλησσεν,
569 1512 832 1578 ἐτάρασσε
882 1511 935 1562 δὲ
983 1512 1069 1562 καὶ
1123 1512 1188 1563 τὰ
1237 1513 1290 1562 ἐν
1337 1514 1649 1567 Μολοσσοῖς

231 1591 606 1659 θορυβούμενα.
677 1593 1009 1657 Ἀγαθοκλῆς
1058 1615 1128 1651 τε,
1169 1593 1347 1661 ἄρχων
1389 1589 1643 1649 Σικελίαν

233 1673 351 1740 ἄρτι
389 1673 660 1738 ἐτεθνήκει,
701 1674 759 1725 οὗ
809 1675 1070 1742 θυγατέρα
1108 1672 1423 1736 Λάνασσαν
1453 1675 1589 1743 ἔχων
1624 1688 1649 1725 ο

232 1753 435 1822 Πύρρος
472 1757 525 1806 ἐν
561 1759 673 1810 ταῖς
711 1756 931 1821 γυναιξί,
970 1756 1064 1818 τὴν
1107 1761 1265 1820 νῆσον
1307 1755 1500 1806 οἰκείαν
1535 1756 1650 1807 ἀντὶ

233 1838 322 1897 τῆς
360 1832 592 1888 Ἰταλίας
641 1833 1039 1901 περιεβλέπετο.
1114 1834 1261 1885 ὤκνει
1309 1833 1351 1884 δ᾽
1393 1834 1526 1899 ὅμως
1574 1834 1649 1885 ἔτι

233 1909 350 1965 τοὺς
371 1910 790 1967 ἐπικαλέσαντας
808 1912 927 1962 ἄνευ
953 1911 1087 1967 τινὸς
1108 1911 1305 1980 εἰρήνης
1322 1916 1649 1964 καταλιπεῖν.

233 1989 455 2054 ἄσμενος
481 1990 571 2040 οὖν
613 1994 703 2052 τῆς
741 1991 1055 2057 προφάσεως
1094 1995 1183 2054 τῆς
1220 1990 1340 2057 περὶ
1378 1990 1466 2041 τὸν
1501 1990 1650 2042 αὐτό-

231 2075 395 2132 μολον
420 2067 612 2130 ἐπιβὰς
638 2069 909 2136 ἐμαρτύρει
936 2073 1041 2124 τοῖς
1080 2069 1309 2126 ὑπάτοις,
1339 2069 1423 2119 καὶ
1464 2069 1653 2120 Κινέαν

234 2146 462 2211 ἔπεμπεν
523 2149 571 2201 ἐς
629 2145 831 2211 Ῥώμην
889 2148 1047 2215 χάριν
1106 2146 1500 2213 ὁμολογήσοντα
1561 2152 1651 2211 τῆς

235 2224 492 2290 σωτηρίας
534 2228 625 2275 τοῦ
666 2224 952 2285 βασιλέως,
996 2225 1084 2276 καὶ
1123 2224 1240 2279 τοὺς
1281 2225 1647 2293 αἰχμαλώτους

234 2302 463 2366 ἀμοιβὴν
506 2303 717 2367 ἄγοντα,
756 2303 956 2369 εἰρήνην
999 2324 1055 2354 τε
1096 2304 1199 2366 ὅτῃ
1242 2303 1449 2354 δύναιτο
1488 2304 1650 2371 πράξ-

234 2401 375 2431 οντα.
437 2381 575 2448 δῶρα
602 2380 643 2430 δ᾽
670 2379 695 2432 ὁ
724 2381 911 2437 Κινέας
937 2381 1086 2449 ἔφερε
1110 2381 1291 2432 πολλὰ
1315 2382 1407 2447 μὲν
1432 2381 1651 2449 ἀνδράσι

235 2485 295 2526 90
