1747 2693
477 129 803 209 APPIAN'S
819 135 1090 203 ROMAN
1109 129 1432 219 HISTORY

247 269 427 320 πολλά
471 270 523 319 δὲ
561 269 778 335 γυναιξί,
807 270 1207 337 φιλοχρήματον
1244 271 1329 322 καὶ
1373 271 1660 339 φιλόδωρον

247 338 374 388 εἶναι
435 338 528 400 τὴν
586 338 744 388 πόλιν
790 338 1090 403 πυθόμενος,
1141 340 1226 389 καὶ
1276 340 1367 394 τὰς
1413 345 1659 405 γυναῖκας

248 406 451 473 ἰσχύειν
476 406 622 473 παρὰ
645 405 916 471 Ῥωμαίοις
942 409 997 457 ἐκ
1022 412 1269 457 παλαιοῦ.

317 482 361 524 2.
401 475 471 524 Οἱ
514 475 566 525 δὲ
609 475 727 541 περὶ
766 475 859 539 μὲν
900 479 1003 526 τῶν
1044 475 1217 543 δώρων
1264 476 1658 529 ἐνεκελεύσαντο

247 541 515 607 ἀλλήλοις·
589 543 677 593 καί
707 548 871 610 φασιν
908 544 1087 594 οὐδένα
1124 546 1315 604 λαβεῖν
1347 545 1504 603 οὐδέν,
1543 547 1659 597 οὔτε

247 610 405 678 ἄνδρα
430 612 546 662 οὔτε
582 616 818 677 γυναῖκα.
892 611 1233 680 ἀπεκρίναντο
1272 612 1313 662 δ᾽
1338 615 1493 679 αὐτῷ,
1523 616 1659 665 καθὰ

247 680 333 731 καὶ
388 678 654 748 πρότερον,
704 680 1004 731 ἀπελθόντα
1061 682 1270 748 Πύρρον
1318 684 1374 746 ἐξ
1427 682 1658 739 Ἰταλίας

245 748 558 815 πρεσβεύειν
594 748 722 815 πρὸς
758 749 945 804 αὐτοὺς
983 749 1101 799 ἄνευ
1139 749 1325 815 δώρων·
1375 751 1660 818 ἀπορήσειν

244 817 344 883 γὰρ
384 817 582 871 οὐδενὸς
609 820 709 867 τῶν
745 816 968 868 δικαίων.
1043 817 1160 873 τοὺς
1198 818 1250 868 δὲ
1285 818 1536 885 πρέσβεις
1572 822 1659 871 καὶ

245 886 393 936 αὐτοὶ
418 888 722 941 πολυτελῶς
748 885 978 951 ἐξένιζον,
1001 887 1088 936 καὶ
1114 886 1302 953 Πύρρῳ
1330 888 1447 942 τοὺς
1463 890 1657 955 Ταραν-

246 953 395 1005 τίνων
430 954 518 1005 καὶ
555 957 656 1004 τῶν
704 954 884 1005 ἄλλων
929 956 1090 1005 αὐτοῦ
1138 957 1433 1023 συμμάχων
1467 957 1657 1031 αἰχμα-

242 1022 442 1077 λώτους
461 1022 804 1087 ἀντέπεμπον.
870 1022 895 1073 ὁ
920 1024 1012 1087 μὲν
1033 1024 1091 1085 δὴ
1120 1023 1324 1090 Πύρρος
1350 1025 1435 1075 ἐπὶ
1460 1031 1659 1082 τούτοις

245 1093 293 1146 ἐς
319 1087 565 1145 Σικελίαν
591 1091 790 1142 διέπλει
825 1093 956 1155 μετά
994 1113 1049 1142 τε
1085 1095 1187 1143 τῶν
1219 1090 1674 1160 ἐλεφάντων...1

245 1159 329 1210 καὶ
384 1159 799 1227 ὀκτακισχιλίων
858 1160 1073 1218 ἱππέων,
1136 1161 1495 1229 ὑποσχόμενος
1554 1167 1658 1219 τοῖς

244 1230 543 1296 συμμάχοις
570 1231 625 1279 ἐκ
650 1225 892 1283 Σικελίας
918 1229 1190 1293 ἐπανήξειν
1219 1232 1267 1284 ἐς
1293 1230 1386 1293 τὴν
1408 1230 1655 1283 Ἰταλίαν.

244 1297 331 1348 καὶ
379 1298 671 1361 ἐπανῆλθεν
717 1297 818 1347 ἔτει
867 1297 1037 1364 τρίτῷ,
1084 1298 1457 1365 Καρχηδονίων
1502 1300 1659 1351 αὐτὸν

244 1366 605 1430 ἐξελασάντων
642 1368 698 1416 ἐκ
724 1362 981 1421 Σικελίας.
1055 1371 1116 1416 id.
1144 1387 1188 1430 p.
1216 1372 1325 1417 348.

908 1499 1004 1542 ΧΙΙ

316 1591 354 1634 1.
380 1583 510 1635 Ὃτι
547 1585 752 1652 Πύρρος
786 1584 917 1650 μετὰ
955 1584 1047 1649 τὴν
1077 1587 1257 1653 μάχην
1280 1586 1367 1637 καὶ
1403 1586 1494 1642 τὰς
1530 1588 1658 1655 πρὸς

241 1652 522 1717 Ῥωμαίους
549 1653 812 1716 συνθήκας
838 1655 887 1708 ἐς
912 1649 1156 1707 Σικελίαν
1182 1654 1396 1712 διέπλει,
1426 1656 1657 1725 ὑποσχό-

242 1743 386 1784 μενος
427 1726 532 1776 τοῖς
573 1723 871 1789 συμμάχοις
920 1724 976 1772 ἐκ
1025 1722 1265 1777 Σικελίας
1302 1724 1574 1789 ἐπανήξειν
1610 1727 1657 1781 ἐς

242 1789 491 1841 Ἰταλίαν.
542 1790 629 1841 καὶ
648 1791 937 1854 ἐπανῆλθεν
963 1790 1064 1841 ἔτει
1091 1790 1261 1858 τρίτῳ,
1287 1792 1658 1861 Καρχηδονίων

243 1858 402 1909 αὐτὸν
448 1860 811 1923 ἐξελασάντων
861 1861 917 1910 ἐκ
964 1856 1221 1917 Σικελίας,
1271 1860 1367 1924 ἤδη
1416 1862 1503 1912 καὶ
1551 1866 1657 1917 τοῖς

242 1924 579 1982 Σικελιώταις
617 1927 790 1991 βαρὺν
827 1927 915 1979 ἐπί
953 1950 1008 1978 τε
1045 1927 1230 1993 ξενίαις
1263 1929 1350 1979 καὶ
1386 1929 1657 1997 χορηγίαις

242 1995 328 2046 καὶ
354 2000 601 2063 φρουραῖς
640 1996 727 2047 καὶ
760 1998 1010 2063 ἐσφοραῖς
1048 1998 1329 2062 γενόμενον.
1404 1999 1429 2046 ὁ
1468 1999 1560 2061 μὲν
1596 1999 1655 2061 δὴ

242 2064 496 2120 πλούσιος
534 2066 585 2115 ἐν
626 2065 783 2115 τῶνδε
819 2064 1041 2130 γεγονὼς
1067 2067 1115 2120 ἐς
1143 2067 1201 2116 τὸ
1225 2066 1431 2131 Ῥήγιον
1458 2067 1657 2118 διέπλει

243 2134 396 2184 ναυσὶ
433 2135 824 2199 καταφράκτοις
864 2133 985 2184 δέκα
1024 2136 1111 2184 καὶ
1138 2135 1335 2191 ἑκατόν,
1364 2136 1577 2201 φορτίσι
1604 2136 1657 2187 δὲ

242 2202 329 2252 καὶ
385 2200 579 2252 ὁλκάσι
627 2202 768 2252 πολὺ
816 2202 1075 2252 πλείοσιν·
1121 2203 1169 2253 οἱ
1216 2202 1269 2253 δὲ
1308 2204 1656 2270 Καρχηδόνιοι

243 2270 761 2337 διαναυμαχήσαντες
788 2273 925 2336 αὐτῷ
964 2270 1255 2321 κατέδυσαν
1280 2276 1399 2326 ναῦς
1437 2272 1655 2337 ἑβδομή-

242 2360 414 2395 κοντα,
455 2340 542 2389 καὶ
590 2339 682 2393 τὰς
719 2340 911 2394 λοιπὰς
960 2340 1161 2394 ἄπλους
1210 2339 1476 2402 ἐποίησαν,
1515 2342 1657 2406 πλὴν

487 2426 616 2464 1The
635 2431 728 2465 text
747 2440 919 2476 appears
940 2431 984 2465 to
1002 2426 1052 2465 be
1072 2427 1276 2465 defective
1297 2428 1404 2467 here

240 2495 297 2536 92
