1747 2693
448 132 806 225 APPIAN'S
819 138 1096 229 ROMAN
1103 141 1422 235 HISTORY

236 286 429 337 δώδεκα
477 285 659 351 μόνων,
705 286 786 340 αἷς
831 284 855 335 ὁ
900 284 1106 352 Πύρρος
1149 285 1415 352 διαφυγὼν
1451 285 1649 337 ἐτίνυτο

236 355 466 421 Λοκροὺς
516 356 634 408 τοὺς
683 352 1054 420 ἐπιζεφυρίους,
1097 355 1177 404 ὅτι
1226 354 1456 421 φρουρὰν
1491 356 1649 405 αὐτοῦ

236 424 323 474 καὶ
349 423 437 473 τὸν
463 422 798 491 φρούραρχον
821 423 994 484 αὐτῆς,
1024 421 1345 488 ὑβρίσαντας
1372 424 1419 477 ἐς
1444 423 1647 479 αὐτούς,

235 491 575 558 ἀνῃρήκεσαν.
648 491 794 554 ὠμῶς
821 490 862 539 δ᾽
887 490 1073 544 αὐτοὺς
1110 490 1197 540 καὶ
1221 494 1415 555 πικρῶς
1441 489 1651 541 κτείνων

237 581 292 610 τε
318 560 404 610 καὶ
429 562 608 609 συλῶν
629 558 652 607 ὁ
680 557 885 625 Πύρρος
922 557 1037 608 οὐδὲ
1063 561 1164 608 τῶν
1189 559 1534 622 ἀναθημάτων
1559 564 1648 622 τῆς

237 626 572 694 Περσεφόνης
610 626 894 694 ἀπέσχετο,
938 627 1255 692 ἐπισκώψας
1298 626 1391 690 τὴν
1437 626 1650 693 ἄκαιρον

236 696 541 757 θεοσέβειαν
577 695 706 745 εἶναι
749 693 1163 759 δεισιδαιμονίαν,
1206 694 1264 745 τὸ
1305 694 1356 745 δὲ
1393 694 1649 761 συλλέξαι

235 768 468 815 πλοῦτον
493 763 687 814 ἄπονον
703 762 997 822 εὐβουλίαν.

307 840 350 882 2.
389 832 714 899 Ἀναχθέντα
742 831 784 881 δ᾽
803 831 961 881 αὐτὸν
982 831 1114 895 μετὰ
1135 835 1235 881 τῶν
1254 830 1431 882 σύλων
1455 833 1651 899 χειμὼν

237 901 489 961 ὑπέλαβε,
539 900 627 951 καὶ
675 904 777 951 τῶν
824 903 948 949 νεῶν
995 899 1086 954 τὰς
1133 899 1226 964 μὲν
1273 900 1525 950 κατέδυσε
1562 901 1649 951 καὶ

237 969 519 1036 διέφθειρεν
565 970 740 1023 αὐτοῖς
800 968 1037 1034 ἀνδράσι,
1089 968 1180 1022 τὰς
1229 967 1269 1017 δ᾽
1317 970 1366 1023 ἐς
1415 970 1509 1029 τὴν
1554 974 1650 1035 γῆν

236 1037 521 1103 ἐξέρριψεν.
595 1036 662 1088 τὰ
699 1036 751 1086 δὲ
787 1036 897 1103 ἱερὰ
933 1037 1109 1087 πάντα
1146 1039 1260 1087 σῶα
1299 1036 1323 1086 ὁ
1362 1036 1565 1087 κλύδων
1600 1040 1649 1093 ἐς

235 1106 354 1161 τοὺς
412 1109 627 1171 Λοκρῶν
683 1104 895 1169 λιμένας
954 1104 1294 1168 ἐπανήγαγεν,
1357 1104 1493 1156 ὥστε
1563 1107 1649 1157 καὶ

235 1174 442 1241 Πύρρον
488 1174 593 1240 ὀψὲ
629 1179 719 1237 τῆς
758 1172 1005 1235 ἀσεβείας
1043 1172 1351 1237 αἰσθόμενον
1385 1175 1650 1225 ἀναθεῖναί

235 1264 291 1293 τε
326 1242 461 1293 αὐτὰ
500 1244 548 1297 ἐς
592 1243 651 1293 τὸ
692 1241 824 1308 ἱερὸν
862 1245 925 1307 τῇ
963 1241 1284 1309 Περσεφόνῃ,
1322 1242 1408 1292 καὶ
1445 1242 1649 1298 θυσίαις

235 1311 556 1361 ἱλάσκεσθαι
581 1310 673 1375 τὴν
712 1310 826 1361 θεὸν
862 1314 1107 1364 πολλαῖς.
1181 1314 1283 1360 τῶν
1307 1310 1359 1360 δὲ
1386 1310 1531 1377 ἱερῶν
1557 1313 1649 1362 οὐκ

234 1379 586 1431 ἀπαντώντων
611 1379 686 1430 ἔτι
710 1383 918 1444 μᾶλλον
943 1378 1249 1443 ἐξεμαίνετο,
1277 1379 1362 1429 καὶ
1389 1379 1507 1434 τοὺς
1531 1380 1648 1447 περὶ

234 1453 324 1512 τῆς
351 1446 646 1515 ἱεροσυλίας
672 1450 810 1513 αὐτῷ
838 1446 1341 1511 συμβουλεύσαντας
1376 1447 1407 1511 ἢ
1443 1446 1649 1513 λέγοντι

234 1516 588 1581 συνθεμένους,
611 1516 642 1579 ἢ
665 1515 1128 1579 διακονησαμένους
1146 1515 1203 1565 τὸ
1229 1516 1392 1582 ἔργον,
1415 1516 1646 1567 ἔκτεινεν.

235 1584 259 1633 ὁ
296 1585 388 1649 μὲν
425 1584 484 1649 δὴ
521 1584 724 1652 Πύρρος
760 1585 921 1639 οὕτως
956 1584 1245 1653 ἐπεπράχει
1281 1588 1466 1639 κακῶς.
1537 1589 1645 1636 Val.

232 1674 275 1718 p.
303 1660 413 1704 554.

231 2503 287 2546 94
