1747 2693
909 674 1003 745 Δ

616 873 711 922 ΕΚ
748 867 887 923 ΤΗΣ
930 865 1299 923 ΚΕΛΤΙΚΗΣ

944 1026 962 1070 Ι

316 1157 358 1202 1.
388 1151 582 1202 Κελτοὶ
597 1149 868 1214 Ῥωμαίοις
880 1148 1228 1217 ἐπεχείρησαν
1245 1153 1456 1215 πρῶτοι,
1471 1149 1556 1199 καὶ
1573 1149 1661 1213 τὴν

240 1219 445 1285 Ῥώμην
470 1221 612 1270 εἷλον
637 1218 755 1269 ἄνευ
783 1222 874 1268 τοῦ
901 1217 1260 1275 Καπιτωλίου,
1288 1219 1374 1268 καὶ
1402 1219 1660 1284 ἐμπεπρή-

243 1310 411 1339 κασιν.
486 1288 760 1352 Κάμιλλος
788 1287 840 1337 δὲ
866 1288 1051 1341 αὐτοὺς
1080 1285 1282 1348 ἐνίκησε
1308 1287 1394 1336 καὶ
1420 1287 1660 1351 ἐξήλασε,

242 1359 327 1407 καὶ
375 1355 507 1422 μετὰ
542 1354 731 1423 χρόνον
781 1354 1096 1410 ἐπελθόντας
1133 1356 1281 1409 αὖθις
1318 1354 1535 1417 ἐνίκησε,
1577 1356 1662 1405 καὶ

242 1426 621 1493 ἐθριάμβευσεν
645 1423 735 1475 ἀπ᾽
763 1425 933 1474 αὐτῶν
969 1423 1284 1487 ὀγδοήκοντα
1309 1423 1530 1488 γεγονὼς
1557 1423 1659 1485 ἔτη.

241 1494 327 1544 καὶ
363 1493 510 1560 τρίτη
539 1493 591 1543 δὲ
619 1496 836 1543 Κελτῶν
861 1491 1087 1555 στρατιὰ
1113 1491 1446 1555 ἐμβέβληκεν
1484 1494 1531 1546 ἐς
1570 1491 1661 1555 τὴν

238 1562 487 1618 Ἰταλίαν,
515 1562 577 1623 ἣν
603 1561 690 1611 καὶ
730 1560 891 1624 αὐτὴν
930 1561 977 1610 οἱ
1015 1561 1260 1623 Ῥωμαῖοι
1288 1560 1661 1626 διεφθάρκασιν

242 1631 324 1697 ὑφ᾽
353 1629 563 1694 ἡγεμόνι
590 1629 726 1695 Τίτῳ
757 1627 995 1695 Κοϊντίῳ.
1067 1628 1200 1693 μετὰ
1226 1629 1277 1678 δὲ
1305 1633 1470 1679 ταῦτα
1499 1628 1655 1685 Βοιοί,

241 1705 500 1755 Κελτικὸν
526 1705 666 1757 ἔθνος
693 1703 1128 1769 θηριωδέστατον,
1150 1703 1348 1766 ἐπῆλθε
1371 1702 1656 1767 Ῥωμαίοις,

237 1781 324 1831 καὶ
384 1781 559 1834 αὐτοῖς
626 1781 779 1834 Γάϊος
842 1775 1159 1832 Σουλπίκιος
1225 1777 1482 1842 δικτάτωρ
1530 1777 1658 1842 μετὰ

237 1859 489 1919 στρατιᾶς
507 1854 730 1917 ἀπήντα,
750 1855 802 1909 ὅς
825 1876 899 1908 τις
920 1854 1007 1904 καὶ
1027 1853 1424 1918 στρατηγήματι
1445 1853 1657 1918 τοιούτῳ

236 1930 546 1997 χρήσασθαι
584 1929 812 1994 λέγεται·
858 1929 1103 1979 ἐκέλευσε
1146 1927 1247 1994 γὰρ
1289 1927 1406 1982 τοὺς
1445 1928 1530 1979 ἐπὶ
1568 1933 1658 1978 τοῦ

235 2005 477 2069 μετώπου
500 2003 839 2069 τεταγμένους
860 2001 1295 2068 ἐξακοντίσαντας
1316 2001 1442 2065 ὁμοῦ
1462 2024 1654 2066 συγκα-

238 2078 385 2130 θίσαι
434 2081 685 2146 τάχιστα,
734 2078 891 2145 μέχρι
927 2079 1174 2138 βάλωσιν
1212 2077 1261 2127 οἱ
1296 2076 1521 2144 δεύτεροι
1570 2077 1656 2127 καὶ

236 2154 399 2221 τρίτοι
425 2155 512 2204 καὶ
539 2154 793 2217 τέταρτοι,
823 2152 940 2207 τοὺς
969 2153 1008 2202 δ᾽
1036 2152 1286 2219 ἀφιέντας
1314 2152 1391 2202 ἀεὶ
1418 2151 1654 2215 συνίζειν,

238 2229 318 2279 ἵνα
344 2229 412 2293 μὴ
431 2230 564 2279 κατ᾽
579 2231 751 2279 αὐτῶν
776 2227 1005 2295 ἐνεχθείη
1035 2227 1098 2277 τὰ
1135 2225 1343 2292 δόρατα·
1377 2225 1655 2288 βαλόντων

235 2303 287 2352 δὲ
337 2307 439 2353 τῶν
489 2305 728 2353 ὑστάτων
776 2302 1050 2364 ἀναπηδᾶν
1091 2302 1325 2355 ἅπαντας
1377 2301 1517 2365 ὁμοῦ,
1568 2302 1652 2351 καὶ

234 2378 332 2428 σὺν
369 2381 471 2443 βοῇ
519 2380 753 2445 τάχιστα
793 2381 842 2432 ἐς
881 2382 1059 2445 χεῖρας
1110 2377 1251 2427 ἰέναι·
1295 2378 1652 2442 καταπλήξειν

233 2470 293 2519 98
