1747 2693
312 145 641 235 APPIAN'S
664 141 935 232 ROMAN
951 141 1280 235 HISTORY,
1306 151 1506 225 BOOK
1525 154 1622 232 IV

252 285 352 351 γάρ
436 286 532 338 ὧδε
596 286 714 342 τοὺς
785 287 1065 353 πολεμίους
1135 289 1360 339 τοσῶνδε
1441 290 1670 352 δοράτων

254 355 444 419 ἄφεσιν
515 355 603 405 καὶ
674 356 754 405 ἐπ᾽
820 356 952 422 αὐτῇ
1031 360 1250 423 ταχεῖαν
1326 357 1667 425 ἐπιχείρησιν.

254 422 319 473 τὰ
369 423 420 472 δὲ
469 422 661 488 δόρατα
709 426 771 487 ἦν
818 425 911 474 οὐκ
960 424 1245 475 ἀπεοικότα
1304 425 1575 481 ἀκοντίοις·
1637 427 1669 477 ἃ

252 491 498 555 Ῥωμαῖοι
524 496 780 542 καλοῦσιν
819 491 1029 549 ὑσσούς,
1058 492 1218 557 ξύλου
1257 495 1581 560 τετραγώνου
1611 495 1669 545 τὸ

252 559 432 623 ἥμισυ,
455 559 542 610 καὶ
568 560 627 610 τὸ
653 560 788 610 ἄλλο
816 560 1048 626 σιδήρου,
1069 561 1391 625 τετραγώνου
1417 563 1503 613 καὶ
1523 562 1671 613 τοῦδε

254 628 341 678 καὶ
377 632 620 691 μαλακοῦ
645 628 805 696 χωρίς
829 650 889 692 γε
915 634 1005 692 τῆς
1035 630 1243 696 αἰχμῆς.
1320 630 1406 680 καὶ
1444 631 1490 680 οἱ
1526 632 1670 681 Βοιοὶ

254 696 344 746 οὖν
369 695 470 746 ὑπὸ
495 695 763 761 Ῥωμαίων
788 695 906 748 τότε
932 698 1238 763 ἐφθάρησαν
1262 702 1610 767 πανστρατιᾷ.

327 771 368 813 2.
398 765 631 819 Ἄλλους
660 765 712 815 δὲ
737 766 901 815 πάλιν
932 765 1161 821 Κελτοὺς
1187 765 1327 816 ἐνίκα
1360 766 1668 825 Ποπίλλιος,

253 832 340 882 καὶ
390 834 518 894 μετ᾽
552 834 743 884 ἐκεῖνον
792 834 909 887 τοὺς
962 834 1148 888 αὐτοὺς
1196 836 1469 899 Κάμιλλος
1518 835 1541 885 ὁ
1580 840 1671 886 τοῦ

254 900 534 964 Καμίλλου
583 899 703 956 υἱός.
791 901 983 964 ἔστησε
1033 902 1084 952 δὲ
1133 902 1268 952 κατὰ
1317 905 1533 954 Κελτῶν
1580 904 1669 954 καὶ

254 971 484 1023 Πάππος
504 968 744 1035 Αἰμίλιος
761 969 1000 1036 τρόπαια.
1040 969 1140 1038 πρὸ
1160 970 1211 1021 δὲ
1231 975 1332 1021 τῶν
1350 975 1440 1021 τοῦ
1461 971 1669 1039 Μαρίου

255 1039 513 1087 ὑπατειῶν
554 1036 810 1089 πλεῖστόν
848 1060 899 1088 τι
942 1039 1028 1088 καὶ
1074 1039 1462 1106 μαχιμώτατον,
1502 1044 1565 1105 τῇ
1614 1062 1669 1091 τε

252 1104 431 1169 ἡλικίᾳ
476 1107 714 1170 μάλιστα
752 1106 1120 1173 φοβερώτατον
1154 1113 1333 1174 χρῆμα
1371 1111 1586 1159 Κελτῶν
1622 1110 1670 1164 ἐς

253 1174 347 1236 τὴν
370 1159 606 1225 Ἰταλίαν
630 1196 685 1225 τε
722 1175 809 1225 καὶ
847 1174 1113 1225 Γαλατίαν
1146 1175 1389 1237 ἐσέβαλε,
1417 1175 1506 1226 καί
1530 1199 1669 1232 τινας

253 1243 482 1297 ὑπάτους
511 1241 779 1306 Ῥωμαίων
814 1243 1017 1306 ἐνίκησε
1054 1244 1140 1294 καὶ
1178 1243 1511 1309 στρατόπεδα
1547 1268 1667 1295 κατ-

254 1310 462 1377 έκοψεν·
502 1312 583 1378 ἐφ᾽
619 1312 705 1366 οὓς
754 1309 779 1362 ὁ
820 1313 1023 1379 Μάριος
1063 1313 1385 1368 ἀποσταλεὶς
1433 1313 1669 1369 ἅπαντας

254 1378 523 1446 διέφθειρε.
631 1384 909 1430 τελευταῖα
959 1380 1012 1430 δὲ
1061 1381 1147 1431 καὶ
1195 1381 1421 1446 μέγιστα
1470 1385 1570 1432 τῶν
1618 1384 1667 1437 ἐς

254 1448 499 1503 Γαλάτας
545 1447 817 1513 Ῥωμαίοις
865 1449 1243 1515 πεπραγμένων
1279 1450 1392 1501 ἐστὶ
1453 1450 1517 1500 τὰ
1566 1450 1665 1501 ὑπὸ

254 1517 393 1582 Γαΐῳ
432 1515 664 1583 Καίσαρι
712 1522 1092 1583 στρατηγοῦντι
1141 1517 1401 1582 γενόμενα.
1451 1520 1667 1586 μυριάσι

253 1606 308 1634 τε
355 1584 455 1651 γὰρ
504 1585 701 1651 ἀνδρῶν
748 1585 953 1651 ἀγρίων,
999 1588 1051 1636 ἐν
1090 1591 1195 1640 τοῖς
1239 1586 1360 1637 δέκα
1409 1587 1578 1638 ἔτεσιν
1615 1590 1667 1638 ἐν

253 1653 327 1708 οἷς
370 1654 774 1720 ἐστρατήγησεν,
826 1656 874 1709 ἐς
921 1658 1101 1721 χεῖρας
1148 1656 1324 1717 ἦλθον,
1376 1657 1423 1706 εἴ
1461 1678 1537 1711 τις
1582 1656 1665 1723 ὑφ᾽

252 1722 305 1771 ἓν
329 1721 395 1771 τὰ
430 1721 556 1788 μέρη
595 1723 900 1787 συναγάγοι,
940 1723 1289 1789 τετρακοσίων
1324 1723 1553 1782 πλείοσι,
1580 1725 1666 1775 καὶ

251 1788 447 1840 τούτων
493 1791 679 1841 ἑκατὸν
724 1791 815 1856 μὲν
851 1791 1163 1855 ἐζώγρησαν,
1204 1792 1387 1842 ἑκατὸν
1428 1792 1471 1842 δ᾽
1507 1794 1559 1843 ἐν
1595 1797 1665 1859 τῷ

251 1857 391 1924 πόνῳ
418 1859 714 1909 κατέκανον.
789 1859 907 1921 ἔθνη
946 1859 999 1909 δὲ
1037 1859 1350 1927 τετρακόσια
1375 1861 1462 1911 καὶ
1487 1860 1665 1916 πόλεις

251 1927 381 1993 ὑπὲρ
406 1926 734 1985 ὀκτακοσίας,
761 1927 826 1978 τὰ
849 1928 940 1993 μὲν
976 1929 1307 1994 ἀφιστάμενα
1332 1933 1495 1997 σφῶν,
1523 1929 1587 1980 τὰ
1614 1930 1665 1980 δὲ

250 1997 856 2061 προσεπιλαμβάνοντες,
901 1997 1260 2063 ἐκρατύναντο.
1334 1997 1435 2065 πρὸ
1480 1998 1532 2048 δὲ
1575 2002 1665 2048 τοῦ

251 2062 459 2129 Μαρίου
479 2065 566 2114 καὶ
592 2066 795 2125 Φάβιος
820 2066 1061 2130 Μάξιμος
1087 2064 1111 2116 ὁ
1137 2066 1455 2131 Αἰμιλιανός,
1483 2065 1665 2132 ὀλίγην

251 2131 433 2197 κομιδῇ
471 2133 726 2199 στρατιὰν
765 2133 914 2202 ἔχων,
955 2133 1251 2199 ἐπολέμησε
1289 2139 1394 2189 τοῖς
1426 2138 1662 2193 Κελτοῖς,

249 2200 336 2251 καὶ
363 2200 558 2251 δώδεκα
580 2201 830 2268 μυριάδας
851 2204 1020 2252 αὐτῶν
1040 2204 1092 2253 ἐν
1114 2206 1206 2270 μιᾷ
1225 2204 1371 2270 μάχῃ
1398 2203 1660 2260 κατέκανε,

249 2268 619 2319 πεντεκαίδεκα
654 2267 839 2334 μόνους
877 2274 978 2321 τῶν
1026 2269 1165 2320 ἰδίων
1206 2272 1516 2332 ἀποβαλών.
1577 2273 1663 2322 καὶ

249 2340 415 2387 ταῦτα
452 2337 627 2401 μέντοι
665 2338 859 2404 ἔπραξε
895 2338 1189 2403 πιεζόμενος
1229 2340 1328 2390 ὑπὸ
1373 2339 1663 2407 τραύματος

251 2405 513 2469 ὑπογυίου,
552 2406 639 2457 καὶ
678 2407 742 2457 τὰ
793 2408 1034 2473 τάγματα
1073 2408 1230 2459 ἐπιὼν
1268 2409 1355 2459 καὶ
1394 2409 1659 2476 παραθαρ-

251 2512 339 2541 100
