1747 2693
290 148 616 229 APPIAN'S
629 154 903 222 ROMAN
922 148 1248 229 HISTORY,
1261 151 1470 232 BOOK
1493 151 1583 219 IV

234 287 415 356 ρύνων,
440 288 527 338 καί
565 287 825 338 διδάσκων
859 288 998 342 ὅπως
1037 291 1141 342 τοῖς
1177 288 1473 354 βαρβάροις
1497 296 1651 339 πολε-

234 358 437 422 μητέον,
464 355 529 406 τὰ
564 356 659 420 μὲν
694 356 773 405 ἐπ᾽
810 356 1011 419 ἀπήνης
1048 353 1336 423 φερόμενος,
1374 355 1440 406 τὰ
1477 356 1530 407 δὲ
1566 358 1653 408 καὶ

234 425 407 488 βάδην
430 422 921 492 χειραγωγούμενος.

306 500 348 543 3.
394 496 608 559 Καῖσαρ
657 492 709 542 δὲ
757 492 1064 556 πολεμήσας
1100 493 1275 547 αὐτοῖς
1321 495 1529 559 πρῶτον
1562 493 1655 559 μὲν

232 560 568 623 Ἑλουητίους
596 560 683 611 καὶ
707 559 975 627 Τιγυρίους
1008 561 1143 627 ἀμφὶ
1169 560 1261 615 τὰς
1286 562 1451 611 εἴκοσι
1474 563 1652 628 μυριά-

236 629 326 685 δας
363 631 513 683 ὄντας
550 628 796 691 ἐνίκησεν.
872 629 919 679 οἱ
954 628 1185 695 Τιγύριοι
1223 629 1265 678 δ᾽
1290 630 1461 680 αὐτῶν
1482 631 1653 697 χρόνῳ

234 699 530 765 ἔμπροσθεν
567 697 807 751 Πίσωνος
845 697 933 747 καὶ
974 696 1220 747 Κασσίου
1262 697 1377 748 τινὰ
1425 697 1655 765 στρατὸν

235 767 439 822 ἑλόντες
485 765 584 816 ὑπὸ
630 764 780 831 ζυγὸν
827 764 1277 830 ἐξεπεπόμφεσαν,
1330 767 1394 820 ὡς
1442 769 1495 817 ἐν
1529 788 1651 834 χρο-

235 839 401 890 νικαῖς
453 835 739 899 συντάξεσι
800 833 940 884 δοκεῖ
998 834 1198 900 Παύλῳ
1259 838 1330 900 τῷ
1388 834 1651 901 Κλαυδίῳ.

234 904 354 958 τοὺς
401 903 495 969 μὲν
555 903 644 953 οὖν
702 901 973 969 Τιγυρίους
1034 903 1433 969 ὑποστράτηγος
1492 904 1651 954 αὐτοῦ

235 971 503 1033 Λαβιηνὸς
551 972 774 1033 ἐνίκησε,
824 971 943 1026 τοὺς
992 970 1041 1021 δὲ
1103 969 1299 1025 ἄλλους
1347 970 1372 1020 ὁ
1423 974 1650 1039 Καῖσαρ,

235 1041 324 1091 καὶ
362 1039 673 1107 Τρικούρους
721 1038 1009 1105 ἀμύνοντας
1056 1037 1256 1105 σφίσιν,
1306 1039 1486 1090 ἔπειτα
1535 1062 1652 1096 τοὺς

233 1109 343 1174 μετ᾽
381 1107 742 1176 Ἀριοουίστου
786 1106 1090 1174 Γερμανούς,
1130 1107 1181 1158 οἳ
1226 1107 1315 1157 καὶ
1357 1107 1421 1159 τὰ
1462 1109 1651 1173 μεγέθη

233 1179 435 1241 μείζους
461 1180 563 1227 τῶν
585 1175 847 1241 μεγίστων
873 1177 1112 1243 ὑπῆρχον
1136 1175 1224 1227 καὶ
1249 1176 1307 1226 τὸ
1332 1177 1455 1240 ἦθος
1481 1176 1651 1244 ἄγριοι

235 1246 322 1296 καὶ
360 1244 455 1309 τὴν
491 1244 692 1309 τόλμαν
730 1243 1065 1311 θρασύτατοι,
1098 1244 1186 1294 καὶ
1230 1244 1456 1296 θανάτου
1492 1268 1650 1297 κατα-

235 1313 487 1381 φρονηταὶ
547 1313 609 1363 δι᾽
681 1312 871 1363 ἐλπίδα
943 1312 1295 1375 ἀναβιώσεως,
1357 1313 1443 1364 καὶ
1501 1313 1652 1381 κρύος

235 1381 418 1447 ὁμοίως
466 1383 647 1449 ἔφερον
691 1383 899 1439 θάλπει,
940 1381 1028 1432 καὶ
1077 1379 1183 1451 πόᾳ
1231 1383 1459 1449 ἐχρῶντο
1507 1384 1650 1450 παρὰ

235 1451 327 1506 τὰς
365 1449 587 1517 ἀπορίας
629 1454 812 1517 τροφῇ,
856 1450 945 1501 καὶ
985 1449 1009 1500 ὁ
1052 1449 1210 1505 ἵππος
1252 1450 1442 1516 ξύλοις.
1513 1452 1652 1514 ἦσαν

235 1519 303 1577 δέ,
342 1521 407 1575 ὡς
444 1520 621 1576 ἔοικεν,
651 1520 709 1569 οὐ
746 1517 1018 1586 φερέπονοι
1055 1519 1107 1568 ἐν
1144 1522 1257 1572 ταῖς
1292 1520 1505 1587 μάχαις,
1536 1520 1650 1571 οὐδὲ

231 1592 474 1654 λογισμῷ
509 1589 539 1650 ἢ
585 1590 849 1652 ἐπιστήμῃ
889 1587 988 1637 τινὶ
1036 1586 1181 1637 ἀλλὰ
1218 1587 1359 1654 θυμῷ
1396 1587 1650 1654 χρώμενοι

234 1657 473 1724 καθάπερ
517 1656 685 1723 θηρία,
730 1656 809 1706 διὸ
851 1655 939 1706 καὶ
976 1654 1075 1706 ὑπὸ
1115 1660 1204 1719 τῆς
1237 1655 1506 1719 Ῥωμαίων
1540 1658 1649 1708 ἐπι-

234 1725 437 1788 στήμης
486 1725 574 1775 καὶ
620 1722 932 1791 φερεπονίας
978 1726 1238 1787 ἡσσῶντο.
1317 1725 1364 1774 οἱ
1411 1724 1505 1789 μὲν
1550 1725 1650 1793 γὰρ

233 1793 364 1859 μετὰ
413 1791 569 1860 ὁρμῆς
617 1793 921 1859 βαρυτάτης
980 1793 1252 1853 ἐπεπήδων
1311 1793 1502 1851 αὐτοῖς,
1562 1795 1650 1845 καὶ

233 1863 364 1925 ὅλην
402 1860 529 1927 ὁμοῦ
569 1861 663 1924 τὴν
702 1862 956 1928 φάλαγγα
996 1861 1270 1911 ἀνεώθουν·
1324 1859 1569 1925 Ῥωμαῖοι
1607 1862 1649 1912 δ᾽

235 1932 485 1995 ὑπέμενον
503 1931 556 1980 ἐν
581 1931 739 1995 τάξει,
760 1930 848 1980 καὶ
867 1931 1325 1996 κατεστρατήγουν
1340 1930 1542 1988 αὐτούς,
1563 1932 1650 1982 καὶ

234 1998 669 2065 ὀκτακισμυρίους
695 1999 865 2049 αὐτῶν
890 2001 1228 2051 τελευτῶντες
1251 1998 1573 2049 ἀπέκτειναν.

303 2074 345 2117 4.
384 2068 537 2117 Μετὰ
583 2065 795 2121 τούτους
839 2065 864 2117 ὁ
909 2069 1123 2132 Καῖσαρ
1167 2070 1273 2120 τοῖς
1317 2067 1650 2132 καλουμένοις

234 2136 460 2200 Βέλγαις
485 2134 752 2186 ἐπιπεσὼν
787 2134 1025 2196 ποταμόν
1062 2156 1177 2185 τινα
1213 2139 1429 2201 περῶσι,
1467 2136 1648 2187 τοσού-

232 2226 351 2260 τους
370 2204 670 2255 ἀπέκτεινεν
690 2205 755 2258 ὡς
781 2204 871 2253 τὸν
894 2202 1132 2268 ποταμὸν
1155 2203 1518 2270 γεφυρωθέντα
1543 2209 1650 2260 τοῖς

232 2273 446 2337 σώμασι
482 2276 728 2338 περᾶσαι.
801 2271 1023 2337 Νέρβιοι
1061 2271 1114 2320 δὲ
1148 2272 1310 2321 αὐτὸν
1344 2271 1647 2339 ἐτρέψαντο,

232 2341 349 2404 ἄρτι
385 2339 742 2408 στρατόπεδον
785 2342 841 2404 ἐξ
878 2338 1172 2406 ὁδοιπορίας
1209 2342 1647 2402 κατασκευάζοντι

229 2409 494 2477 αἰφνιδίως
509 2406 861 2465 ἐπιπεσόντες,
883 2408 967 2459 καὶ
983 2407 1331 2472 παμπόλλους
1347 2406 1646 2475 ἐφόνευσαν,

235 2516 319 2545 102
