1747 2693
300 141 625 222 APPIAN'S
645 138 909 225 ROMAN
932 145 1264 222 HISTORY,
1280 151 1490 229 BOOK
1519 148 1593 225 IV

261 286 369 339 τούς
418 284 471 334 δὲ
509 284 798 351 ταξιάρχας
846 284 934 334 καὶ
979 284 1245 352 λοχαγοὺς
1293 284 1545 339 ἅπαντας·
1584 286 1670 335 καὶ

254 352 408 403 αὐτὸν
428 355 617 403 ἐκεῖνον
642 354 692 407 ἐς
716 352 883 419 λόφον
901 352 1017 402 τινὰ
1041 352 1171 417 μετὰ
1195 356 1298 403 τῶν
1317 354 1671 403 ὑπασπιστῶν

254 420 551 488 πεφευγότα
576 420 862 489 περιέσχον
886 419 1077 486 κύκλῳ.
1131 421 1232 471 ὑπὸ
1260 421 1311 470 δὲ
1338 426 1428 471 τοῦ
1455 421 1669 471 δεκάτου

256 490 515 554 τάγματος
565 490 739 544 αὐτοῖς
788 488 1063 553 ἐξόπισθεν
1114 488 1454 543 ἐπιπεσόντος
1515 491 1668 555 ἐφθά-

250 579 433 624 ρησαν,
462 556 820 624 ἑξακισμύριοι
846 558 1000 613 ὄντες.
1045 558 1184 619 ἦσαν
1210 557 1263 607 δὲ
1289 562 1391 608 τῶν
1416 557 1671 624 Κίμβρων

254 625 338 677 καὶ
363 624 626 676 Τευτόνων
663 624 929 690 ἀπόγονοι.
1006 627 1262 692 ἐκράτησε
1289 625 1341 676 δὲ
1367 627 1452 676 καὶ
1478 627 1670 676 Ἀλλο-

253 696 450 761 βρίγων
476 693 500 745 ὁ
530 697 759 761 Καῖσαρ.
821 695 1135 745 Οὐσιπετῶν
1163 694 1215 744 δὲ
1241 695 1327 744 καὶ
1353 695 1671 762 Ταγχαρέων

255 763 649 829 τεσσαράκοντα
708 762 963 829 μυριάδες,
1024 761 1400 829 στρατεύσιμοί
1460 785 1514 813 τε
1583 764 1671 813 καὶ

256 832 610 899 ἀστράτευτοι,
640 830 1022 893 συνεκόπησαν.
1099 827 1434 896 Σούκαμβροι
1474 831 1527 881 δὲ
1553 853 1669 882 πεν-

259 899 516 955 τακοσίοις
556 900 778 950 ἱππεῦσι
817 901 935 954 τοὺς
984 899 1446 967 πεντακισχιλίους
1496 900 1671 955 ἱππεῖς

257 972 342 1019 τοῦ
392 971 662 1035 Καίσαρος
722 969 966 1035 ἔτρεψαν,
1017 967 1259 1034 ἐξαίφνης
1319 968 1669 1026 ἐπιπεσόντες,

256 1038 337 1088 καὶ
378 1037 523 1099 δίκην
565 1037 753 1087 ἔδοσαν
793 1036 1095 1100 ἡττηθέντες
1133 1036 1263 1099 μετὰ
1303 1040 1483 1086 ταῦτα.

321 1112 365 1155 5.
402 1105 664 1172 Ἐπέρασε
690 1105 776 1155 καὶ
803 1105 891 1155 τὸν
915 1105 1096 1167 Ῥῆνον
1122 1109 1326 1171 πρῶτος
1351 1104 1618 1168 Ῥωμαίων
1646 1105 1668 1155 ὁ

256 1177 480 1241 Καῖσαρ,
509 1174 596 1224 καὶ
623 1176 670 1228 ἐς
697 1174 790 1235 τὴν
817 1173 1137 1239 Βρεττανίδα
1171 1179 1344 1236 νῆσον,
1371 1173 1586 1239 ἠπείρου
1614 1195 1668 1223 τε

254 1242 456 1306 μείζονα
481 1244 644 1293 οὖσαν
676 1241 926 1306 μεγίστης
961 1242 1047 1292 καὶ
1082 1246 1189 1295 τοῖς
1223 1242 1343 1307 τῇδε
1380 1242 1670 1309 ἀνθρώποις

255 1312 523 1375 ἄγνωστον
559 1312 651 1362 ἔτι.
725 1310 950 1377 ἐπέρασε
989 1310 1041 1360 δὲ
1079 1310 1215 1360 κατὰ
1252 1310 1341 1360 τὸν
1373 1310 1555 1376 καιρὸν
1581 1316 1670 1374 τῆς

254 1380 549 1444 ἀμπώτεως·
588 1380 705 1444 ἄρτι
742 1378 843 1445 γὰρ
881 1378 939 1429 τὸ
976 1380 1144 1433 πάθος
1179 1379 1375 1441 ἥπτετο
1413 1385 1504 1442 τῆς
1542 1381 1667 1429 θαλ-

255 1449 437 1512 άσσης,
480 1448 566 1499 καὶ
610 1448 634 1498 ὁ
675 1448 869 1502 στόλος
906 1447 1202 1505 ἐσαλεύετο,
1248 1447 1411 1513 ἠρέμα
1448 1451 1669 1514 πρῶτον,

253 1517 362 1568 εἶτα
388 1518 642 1585 ὀξύτερον,
677 1516 833 1584 μέχρι
858 1515 957 1567 σὺν
980 1515 1141 1583 βιαίῳ
1185 1515 1338 1583 τάχει
1365 1515 1672 1567 διέπλευσεν

253 1586 276 1637 ὁ
306 1589 517 1652 Καῖσαρ
545 1588 594 1641 ἐς
620 1584 713 1649 τὴν
739 1585 1074 1651 Βρεττανίαν.

940 1747 987 1790 ΙΙ

306 1850 437 1903 Ὃτι
471 1850 848 1912 Ὀλυμπιάδων
874 1855 980 1904 τοῖς
1005 1849 1274 1913 Ἕλλησιν
1300 1848 1432 1900 ἑπτὰ
1459 1849 1546 1900 καὶ
1571 1850 1669 1900 ἐνε-

254 1921 475 1982 νήκοντα
509 1919 874 1985 γεγενημένων,
914 1924 1003 1981 τῆς
1043 1923 1136 1983 γῆς
1177 1922 1278 1969 τῶν
1323 1921 1540 1969 Κελτῶν
1579 1920 1670 1969 οὐκ

254 1989 512 2053 ἀρκούσης
539 1990 712 2043 αὐτοῖς
740 1987 823 2037 διὰ
862 1986 919 2038 τὸ
953 1987 1174 2050 πλῆθος,
1209 1986 1489 2037 ἀνίσταται
1514 1991 1670 2054 μοῖρα

253 2060 469 2108 Κελτῶν
495 2061 595 2108 τῶν
624 2057 758 2123 ἀμφὶ
788 2055 876 2106 τὸν
908 2056 1089 2118 Ῥῆνον
1114 2055 1264 2119 ἱκανὴ
1292 2054 1428 2105 κατὰ
1457 2055 1670 2119 ζήτησιν

252 2125 426 2192 ἑτέρας
459 2131 569 2191 γῆς·
608 2126 658 2175 οἳ
688 2124 747 2176 τό
782 2146 836 2175 τε
864 2124 1122 2174 Ἄλπειον
1159 2125 1274 2189 ὄρος
1315 2123 1667 2189 ὑπερέβησαν,

253 2195 339 2245 καὶ
365 2194 695 2251 Κλουσίνοις,
722 2193 998 2257 εὐδαίμονα
1030 2197 1127 2256 γῆν
1161 2193 1345 2259 ἔχουσι
1382 2194 1668 2258 Τυρρηνῶν,

252 2263 555 2327 ἐπολέμουν.
631 2264 691 2312 οὐ
715 2263 886 2312 πάλαι
919 2260 971 2311 δὲ
997 2261 1043 2310 οἱ
1078 2263 1364 2311 Κλουσῖνοι
1396 2260 1670 2325 Ῥωμαίοις

253 2331 526 2381 ἔνσπονδοι
552 2329 819 2396 γεγονότες
863 2330 944 2379 ἐπ᾽
986 2329 1174 2383 αὐτοὺς
1203 2329 1511 2395 κατέφυγον.
1583 2330 1668 2379 καὶ

253 2401 301 2450 οἱ
324 2400 571 2464 Ῥωμαῖοι
614 2401 864 2466 πρέσβεις
908 2398 1257 2464 συνέπεμψαν
1281 2398 1472 2455 αὐτοῖς,
1500 2397 1667 2458 Φαβί-

258 2508 345 2549 104
