1747 2693
287 158 625 238 APPIAN'S
648 161 903 245 ROMAN
925 167 1258 238 HISTORY,
1287 164 1487 235 BOOK
1506 158 1596 235 IV

231 324 318 357 ους
344 305 492 368 τρεῖς,
520 301 570 351 οἳ
594 305 701 355 τοῖς
729 303 953 355 Κελτοῖς
988 299 1209 363 ἔμελλον
1244 297 1651 366 προαγορεύσειν

230 370 550 421 ἀνίστασθαι
601 374 691 433 τῆς
738 374 831 433 γῆς
881 370 947 423 ὡς
1004 366 1275 432 Ῥωμαίων
1322 366 1499 434 φίλης,
1562 368 1651 418 καὶ

232 440 542 500 ἀπειλήσειν
591 438 913 488 ἀπειθοῦσιν.
988 435 1411 500 ἀποκριναμένων
1461 435 1513 485 δὲ
1550 438 1652 486 τῶν

233 510 449 557 Κελτῶν
475 506 555 556 ὅτι
581 505 867 572 ἀνθρώπων
899 503 1079 555 οὐδένα
1109 504 1340 554 δεδίασιν
1366 503 1484 554 οὔτε
1508 503 1652 554 ἀπει-

231 579 427 626 λοῦντα
477 575 667 642 σφίσιν
715 573 833 624 οὔτε
878 576 1226 637 πολεμοῦντα,
1275 571 1553 639 χρῄζοντες
1601 572 1655 622 δὲ

231 649 325 708 γῆς
375 643 519 694 οὔπω
569 642 636 693 τὰ
689 641 958 705 Ῥωμαίων
1005 644 1557 706 πολυπραγμονοῦσιν,
1607 640 1655 690 οἱ

233 711 487 778 πρέσβεις
513 711 562 762 οἱ
586 711 786 771 Φάβιοι
824 709 941 765 τοὺς
980 708 1305 762 Κλουσίνους
1341 709 1521 773 ἐνῆγον
1544 709 1653 759 ἐπι-

235 780 422 831 θέσθαι
481 783 588 834 τοῖς
648 782 870 832 Κελτοῖς
918 777 1012 841 τὴν
1066 777 1247 845 χώραν
1304 781 1655 837 λεηλατοῦσιν

234 847 651 913 ἀπερισκέπτως.
723 847 811 897 καὶ
850 845 1287 909 συνεκδημοῦντες
1312 845 1488 899 αὐτοῖς
1514 845 1654 895 ἀναι-

232 920 386 984 ροῦσι
435 920 538 967 τῶν
588 918 805 965 Κελτῶν
852 913 994 965 πολὺ
1048 914 1250 977 πλῆθος
1300 915 1352 964 ἐν
1406 916 1653 979 προνομῇ,

235 986 322 1036 καὶ
363 984 451 1036 τὸν
498 983 783 1048 ἡγούμενον
823 982 1017 1033 ἐκείνου
1059 986 1151 1032 τοῦ
1199 981 1382 1047 μέρους
1429 981 1583 1036 αὐτὸς
1630 980 1656 1032 ὁ

231 1052 501 1117 Ῥωμαίων
537 1052 869 1118 πρεσβευτὴς
907 1051 1123 1105 Κόιντος
1162 1050 1365 1112 Φάβιος
1394 1049 1571 1100 ἀνεῖλέ
1601 1071 1657 1100 τε

234 1122 323 1172 καὶ
348 1123 653 1177 ἐσκύλευσε,
681 1120 769 1171 καὶ
806 1122 870 1170 τὰ
903 1121 1047 1169 ὅπλα
1085 1122 1259 1186 φορῶν
1291 1120 1583 1181 ἐπανῆλθεν
1609 1119 1657 1173 ἐς

237 1190 522 1241 Κλούσιον.
597 1194 660 1239 U.
688 1210 732 1253 p.
764 1194 875 1239 349.

904 1365 980 1410 III

290 1468 423 1519 Ὃτι
474 1467 499 1519 ὁ
550 1471 651 1519 τῶν
703 1470 918 1518 Κελτῶν
965 1466 1225 1527 βασιλεὺς
1274 1465 1505 1531 Βρέννος,
1557 1468 1658 1516 τῶν

235 1543 457 1605 Φαβίων
494 1547 596 1593 τῶν
630 1542 900 1607 Ῥωμαίων
932 1542 1165 1597 πολλοὺς
1200 1540 1490 1591 ἀνελόντων
1523 1543 1657 1591 Κελ-

235 1623 353 1677 τῶν,
394 1618 465 1683 μὴ
511 1618 782 1683 δεξάμενος
822 1617 941 1673 τοὺς
976 1614 1244 1682 Ῥωμαίων
1277 1617 1544 1681 πρέσβεις,
1572 1616 1658 1666 ἐπὶ

234 1696 436 1749 τούτοις
461 1693 717 1760 πρέσβεις
744 1692 1110 1757 ἐπιλεξάμενος
1145 1693 1193 1747 ἐς
1233 1691 1582 1754 κατάπληξιν,
1608 1691 1659 1741 οἳ

237 1773 453 1820 Κελτῶν
503 1769 752 1819 ἁπάντων
798 1769 1045 1833 μεγάλων
1093 1766 1158 1817 τὰ
1211 1766 1433 1830 σώματα
1495 1767 1656 1817 ὄντων

236 1846 620 1909 ὑπερέβαλλον,
660 1842 945 1909 ἐξέπεμπεν
996 1844 1044 1897 ἐς
1091 1841 1308 1906 Ῥώμην,
1358 1840 1656 1903 αἰτιώμενος

235 1921 353 1975 τοὺς
379 1917 616 1980 Φαβίους
642 1918 723 1968 ὅτι
748 1915 1128 1985 πρεσβεύοντες
1149 1915 1293 1981 παρὰ
1314 1916 1431 1970 τοὺς
1457 1914 1657 1971 κοινοὺς

235 1994 419 2059 νόμους
443 1991 792 2057 ἐπολέμησαν.
863 1993 974 2058 ᾔτει
1000 2013 1056 2042 τε
1081 1991 1199 2045 τοὺς
1227 1990 1412 2057 ἄνδρας
1438 1990 1487 2045 ἐς
1512 1990 1657 2053 δίκην

235 2069 475 2123 ἐκδότους
491 2069 539 2119 οἱ
554 2067 813 2133 γενέσθαι,
832 2068 875 2117 εἰ
892 2066 963 2132 μὴ
981 2066 1196 2117 θέλουσι
1220 2066 1468 2130 Ῥωμαῖοι
1487 2065 1656 2117 κοινὸν

234 2147 408 2196 αὐτῶν
433 2144 563 2194 εἶναι
588 2144 647 2194 τὸ
673 2144 837 2207 ἔργον.
912 2143 961 2193 οἱ
983 2141 1037 2192 δὲ
1069 2141 1316 2207 Ῥωμαῖοι
1346 2140 1652 2205 συνεγίγνω-

237 2235 368 2263 σκον
381 2215 474 2277 μὲν
492 2212 610 2266 τοὺς
630 2213 868 2273 Φαβίους
885 2212 1147 2277 ἁμαρτεῖν,
1166 2210 1303 2260 αἰδοῖ
1320 2209 1372 2260 δὲ
1389 2211 1531 2260 οἴκου
1547 2208 1653 2260 δια-

236 2282 479 2348 φέροντος
503 2280 750 2348 χρήματα
779 2280 895 2334 τοὺς
924 2279 1157 2333 Κελτοὺς
1177 2279 1483 2345 πράξασθαι
1510 2277 1654 2345 παρὰ

236 2353 387 2416 σφῶν
429 2351 778 2416 παρεκάλουν.
851 2349 909 2398 οὐ
949 2346 1265 2409 πειθομένων
1305 2347 1357 2396 δὲ
1393 2367 1651 2415 χειροτον-

235 2417 355 2468 οῦσι
379 2417 498 2472 τοὺς
524 2419 763 2476 Φαβίους
788 2417 874 2467 ἐπὶ
900 2416 993 2479 τὴν
1019 2416 1227 2479 ἐτήσιον
1251 2413 1421 2482 ἀρχὴν
1445 2413 1650 2483 χιλιάρ-

239 2510 326 2553 106
