1747 2693
287 141 629 238 APPIAN'S
635 151 906 235 ROMAN
916 145 1258 238 HISTORY,
1270 154 1493 245 BOOK
1506 148 1600 229 IV

236 313 380 362 χους,
408 293 495 343 καί
521 297 628 347 τοῖς
664 292 1023 359 πρεσβεύουσι
1061 296 1163 343 τῶν
1200 296 1417 343 Κελτῶν
1453 293 1657 360 ἔφασαν

239 363 297 412 οὐ
324 361 581 412 δύνασθαι
606 365 695 411 νῦν
719 360 865 411 οὐδὲν
904 362 954 415 ἐς
994 361 1112 415 τοὺς
1139 360 1375 421 Φαβίους
1401 361 1657 429 ἄρχοντας

237 430 351 493 ἤδη.
426 433 524 480 τοῦ
561 430 603 479 δ᾽
646 428 879 483 ἐπιόντος
919 429 1062 483 ἔτους
1101 432 1241 489 ἥκειν
1255 430 1488 495 αὐτούς,
1494 431 1557 480 ἂν
1581 430 1658 481 ἔτι

237 497 506 563 μηνίωσιν,
534 497 788 548 ἐκέλευον.
861 497 1077 563 Βρέννος
1107 497 1159 547 δὲ
1190 498 1276 547 καὶ
1301 497 1417 548 ὅσοι
1443 502 1658 549 Κελτῶν

237 567 376 629 ἦσαν
416 565 504 617 ὑπ᾽
539 565 727 632 ἐκείνῳ,
768 565 1071 630 νομίσαντες
1108 564 1361 631 ὑβρίσθαι
1387 566 1474 616 καὶ
1497 574 1653 636 χαλε-

239 639 349 689 πῶς
376 633 668 700 ἐνεγκόντες
684 636 733 688 ἐς
759 635 876 688 τοὺς
902 633 1098 688 ἄλλους
1126 633 1359 688 Κελτοὺς
1383 638 1656 699 περιέπεμ-

238 724 354 760 πον,
400 704 664 768 ἀξιοῦντες
705 702 890 756 αὐτοὺς
934 704 1353 769 συνεφάψασθαι
1387 703 1534 752 τοῦδε
1567 708 1657 754 τοῦ

238 771 502 835 πολέμου.
558 771 646 821 καὶ
672 774 889 821 πολλῶν
914 770 1236 838 ἀφικομένων
1260 770 1474 837 ἄραντες
1497 770 1657 834 ἤλαυ-

239 861 324 890 νον
349 839 436 890 ἐπὶ
463 838 556 903 τὴν
591 839 810 904 Ῥώμην.
884 843 945 888 id.
969 847 1024 915 p.
1042 835 1176 903 350.

911 1014 1009 1088 IV

409 1131 462 1182 δὲ
501 1130 790 1198 ὑφίσταται
838 1133 1119 1199 γράμματα
1168 1133 1379 1185 διοίσειν
1426 1135 1510 1186 διὰ
1557 1140 1656 1187 τῶν

238 1200 440 1268 ἐχθρῶν
467 1202 515 1255 ἐς
542 1200 600 1251 τὸ
629 1201 986 1252 Καπιτώλιον.
1060 1207 1190 1251 Suid.
1218 1224 1261 1252 v.
1292 1202 1595 1268 ὑφίσταται.

928 1354 970 1397 V

293 1453 424 1506 Ὃτι
451 1454 719 1510 Καιδίκιος
745 1456 958 1522 γράμμα
985 1456 1154 1523 φέρων
1189 1458 1296 1509 ἀπὸ
1333 1464 1422 1523 τῆς
1458 1463 1657 1527 βουλῆς

237 1524 355 1590 περὶ
384 1528 474 1587 τῆς
495 1524 698 1574 ὑπάτου
726 1525 906 1598 ἀρχῆς,
935 1527 1219 1591 παρεκάλει
1258 1527 1348 1578 τὸν
1378 1531 1657 1593 Κάμιλλον

236 1591 395 1657 μηδὲν
443 1594 495 1642 ἐν
543 1596 613 1657 τῷ
662 1599 883 1658 παρόντι
930 1598 1147 1657 μηνῖσαι
1196 1600 1258 1660 τῇ
1307 1597 1520 1663 πατρίδι
1567 1605 1656 1664 τῆς

241 1660 436 1725 ζημίας.
511 1659 536 1711 ὁ
575 1660 627 1710 δὲ
668 1660 906 1728 ἐπισχὼν
944 1662 1103 1713 αὐτὸν
1128 1663 1202 1714 ἔτι
1232 1664 1454 1729 λέγοντα
1497 1666 1653 1727 εἶπεν,

239 1730 380 1779 "οὐκ
428 1729 491 1779 ἂν
528 1727 764 1793 ηὐξάμην
804 1731 1131 1792 ἐπιποθῆσαί
1165 1754 1229 1796 με
1269 1732 1567 1797 Ῥωμαίους,
1613 1738 1656 1787 εἰ

239 1797 486 1859 τοιαύτην
509 1798 718 1859 ἤλπισα
749 1797 843 1861 τὴν
878 1798 1195 1861 ἐπιπόθησιν
1218 1802 1394 1856 αὐτοῖς
1421 1803 1651 1856 ἔσεσθαι.

239 1870 327 1916 νῦν
365 1865 417 1915 δὲ
452 1865 777 1932 δικαιοτέραν
825 1866 983 1935 εὐχὴν
1032 1869 1266 1936 εὔχομαι,
1310 1870 1552 1933 γενέσθαι
1593 1879 1653 1940 τῇ

237 1934 451 2002 πατρίδι
497 1933 758 2001 χρήσιμος
806 1936 855 1990 ἐς
904 1940 1156 1987 τοσοῦτον
1202 1939 1403 2003 ἀγαθοῦ
1445 1941 1494 1996 ἐς
1532 1942 1655 1993 ὅσον

237 2007 401 2055 κακοῦ
426 2002 851 2070 περιελήλυθεν."
921 2009 1028 2054 Val.
1057 2026 1099 2069 p.
1131 2009 1241 2056 557.

911 2161 977 2205 VI

308 2261 439 2313 Ὃτι
466 2262 660 2312 Κελτοὶ
685 2262 903 2333 μηδεμιᾷ
923 2268 1133 2331 μηχανῇ
1153 2264 1449 2329 δυνηθέντες
1468 2270 1653 2335 ἐπιβῆ-

237 2351 321 2381 ναι
346 2336 435 2394 τῆς
461 2331 812 2398 ἀκροπόλεως,
839 2331 1058 2398 ἠρέμουν
1083 2336 1148 2388 ὡς
1184 2339 1320 2401 λιμῷ
1357 2337 1474 2392 τοὺς
1512 2338 1654 2389 ἔνδον

238 2398 715 2465 παραστησόμενοι.
789 2400 878 2451 καί
919 2422 995 2456 τις
1035 2401 1140 2452 ἀπὸ
1181 2406 1272 2453 τοῦ
1313 2405 1655 2458 Καπιτωλίου

242 2491 329 2534 108
