1747 2693
309 148 658 245 APPIAN'S
661 158 919 248 ROMAN
941 148 1283 241 HISTORY,
1296 161 1512 245 BOOK
1529 158 1616 232 IV

262 299 571 361 κατέβαινεν
596 299 768 364 ἱερεύς,
797 300 955 364 ὄνομα
992 299 1223 365 Δόρσων,
1251 301 1336 350 ἐπὶ
1373 301 1582 365 ἐτήσιον
1618 301 1677 364 δή

263 389 379 418 τινα
406 366 695 433 ἱερουργίαν
721 369 771 422 ἐς
796 367 885 417 τὸν
910 373 999 431 τῆς
1025 368 1239 423 Ἑστίας
1277 368 1401 419 νεὼν
1439 371 1679 420 στέλλων

262 436 327 486 τὰ
361 436 471 502 ἱερὰ
506 435 590 485 διὰ
623 439 725 485 τῶν
760 438 1040 501 πολεμίων,
1075 436 1416 487 αἰδεσθέντων
1450 438 1482 501 ἢ
1519 460 1675 488 κατα-

261 503 571 567 πλαγέντων
608 505 768 554 αὐτοῦ
807 504 900 564 τὴν
939 503 1138 569 τόλμαν
1175 505 1207 567 ἢ
1249 505 1342 568 τὴν
1390 506 1677 567 εὐσέβειαν,

261 572 293 635 ἢ
334 573 428 634 τὴν
468 573 599 639 ὄψιν
636 573 775 637 ἱερὰν
817 573 995 623 οὖσαν.
1069 572 1093 622 ὁ
1135 573 1227 637 μὲν
1267 573 1325 635 δὴ
1376 574 1679 624 κινδυνεύειν

264 641 392 706 ὑπὲρ
430 644 531 690 τῶν
569 640 716 708 ἱερῶν
753 640 988 705 ἑλόμενος
1028 641 1115 692 ὑπ᾽
1140 642 1308 691 αὐτῶν
1334 643 1553 704 ἐσώζετο
1579 646 1679 693 τῶν

263 709 423 775 ἱερῶν.
499 709 583 759 καὶ
624 708 739 759 τόδε
777 710 940 775 φησὶν
977 709 1073 759 ὧδε
1107 709 1349 774 γενέσθαι
1390 711 1627 766 Κάσσιος
1652 711 1675 761 ὁ

260 777 527 841 Ῥωμαῖος.
600 782 662 827 id.
691 782 752 827 ib.

929 995 1021 1038 VII

329 1123 435 1170 Τοῦ
461 1119 514 1170 δὲ
532 1121 669 1170 οἴνου
689 1120 777 1169 καὶ
803 1122 904 1170 τῶν
930 1120 1111 1170 ἄλλων
1137 1120 1264 1183 ἄδην
1290 1123 1677 1187 ἐνεπίμπλαντο

265 1189 312 1239 οἱ
374 1188 583 1245 Κελτοί,
645 1188 738 1252 τήν
785 1209 841 1238 τε
890 1189 1052 1255 φύσιν
1099 1189 1241 1244 ὄντες
1289 1191 1545 1255 ἀκρατεῖς,
1592 1192 1676 1242 καὶ

260 1258 439 1325 χώραν
488 1257 710 1324 ἔχοντες,
755 1256 836 1307 ὅτι
870 1256 941 1322 μὴ
978 1255 1106 1322 πρὸς
1142 1257 1518 1325 δημητριακοὺς
1557 1282 1677 1327 καρ-

260 1326 406 1382 πούς,
475 1329 577 1376 τῶν
637 1325 817 1375 ἄλλων
875 1324 1061 1390 ἄγονον
1119 1327 1207 1376 καὶ
1266 1327 1423 1393 ἀφυᾶ.
1498 1328 1563 1378 τά
1624 1350 1679 1379 τε

261 1393 485 1459 σώματα
532 1394 708 1448 αὐτοῖς
753 1393 960 1459 μεγάλα
1009 1397 1134 1445 ὄντα
1177 1395 1263 1445 καὶ
1308 1396 1550 1463 τρυφηλὰ
1593 1397 1679 1447 καὶ

260 1466 471 1527 σαρκῶν
519 1463 686 1529 ὑγρῶν
731 1461 901 1527 μεστὰ
962 1462 1062 1513 ὑπὸ
1113 1468 1202 1526 τῆς
1250 1463 1543 1531 ἀδηφαγίας
1591 1466 1676 1516 καὶ

258 1531 415 1594 μέθης
464 1533 512 1586 ἐς
560 1532 715 1594 ὄγκον
764 1532 852 1581 καὶ
899 1531 1064 1598 βάρος
1120 1532 1364 1599 ἐξεχεῖτο,
1414 1534 1500 1583 καὶ
1549 1534 1678 1599 πρὸς

260 1600 475 1666 δρόμους
526 1600 613 1649 καὶ
660 1600 848 1653 πόνους
895 1599 1124 1650 ἀδύνατα
1173 1600 1396 1665 πάμπαν
1434 1599 1676 1666 ἐγίγνετο·

261 1667 359 1718 ὑπό
388 1690 443 1718 τε
464 1668 673 1734 ἱδρῶτος
694 1670 781 1718 καὶ
794 1668 1078 1732 ἄσθματος,
1097 1668 1230 1718 ὅπου
1257 1691 1305 1719 τι
1331 1669 1432 1719 δέοι
1453 1671 1676 1734 κάμνειν,

258 1736 529 1802 ἐξελύοντο
557 1736 773 1804 ταχέως.
846 1740 909 1786 id.
937 1741 998 1786 ib.
1027 1748 1075 1786 et
1100 1742 1210 1786 hinc
1237 1742 1366 1787 Suid.
1394 1758 1436 1787 v.
1465 1739 1607 1801 ἄδην.

905 1928 1025 1972 VIII

326 2053 433 2107 Οὓς
459 2051 680 2117 γυμνοὺς
706 2051 997 2102 ἐπεδείκνυε
1022 2052 1306 2116 Ῥωμαίοις,
1329 2053 1516 2103 "οὗτοί
1541 2054 1673 2104 εἰσιν

259 2121 307 2171 οἱ
332 2121 424 2184 τὴν
448 2121 582 2185 βοὴν
618 2123 841 2187 βαρεῖαν
879 2119 1033 2174 ἱέντες
1072 2122 1190 2185 ὑμῖν
1228 2122 1280 2170 ἐν
1322 2125 1434 2175 ταῖς
1473 2122 1669 2191 μάχαις

255 2191 343 2239 καὶ
387 2188 452 2239 τὰ
489 2190 633 2239 ὅπλα
669 2192 1025 2253 παταγοῦντες
1064 2189 1150 2239 καὶ
1199 2189 1321 2256 ξίφη
1362 2190 1538 2257 μακρὰ
1586 2192 1674 2243 καὶ

256 2257 417 2321 κόμας
442 2257 758 2322 αἰωροῦντες.
811 2257 881 2307 ὧν
906 2256 964 2307 τὸ
991 2257 1221 2321 ἄτολμον
1250 2256 1478 2324 ὁρῶντες,
1505 2259 1591 2309 καὶ
1617 2260 1675 2311 τὸ

255 2328 407 2391 σῶμα
434 2325 675 2391 μαλακὸν
710 2326 795 2376 καὶ
836 2326 1034 2383 ἄτονον,
1060 2324 1349 2393 προσίεσθε
1385 2330 1455 2394 τῷ
1493 2326 1671 2394 ἔργῳ."

259 2400 388 2444 Suid.
419 2416 459 2444 v.
491 2394 663 2448 ἱέντες.

261 2537 348 2567 110
