1747 2693
283 164 625 238 APPIAN'S
648 167 909 235 ROMAN
932 158 1270 245 HISTORY,
1280 158 1483 235 BOOK
1496 148 1603 238 IV

932 317 1002 359 IX

320 424 421 474 Τόν
461 422 512 473 δὲ
544 423 703 485 δῆμον
748 419 853 470 ἀπὸ
891 424 982 470 τοῦ
1022 417 1226 485 τείχους
1264 417 1400 482 ὁρᾶν,
1440 417 1526 467 καὶ
1562 421 1666 470 τοῖς

252 491 584 555 πονουμένοις
623 489 823 555 ἑτέρους
859 492 1060 541 νεαλεῖς
1097 485 1409 549 ἐπιπέμπειν
1447 484 1540 535 ἀεί.
1620 485 1668 535 οἱ

253 562 304 611 δὲ
356 560 550 610 Κελτοὶ
612 557 922 620 κεκμηκότες
985 558 1183 618 ἀκμῆσι
1250 553 1667 617 συμπλεκόμενοι

253 630 469 696 ἔφευγον
496 628 749 680 ἀτάκτως.
821 631 883 674 id.
914 647 954 673 v.
985 624 1188 686 νεαλής.

936 772 982 816 X

318 878 383 928 Ὁ
416 878 467 928 δὲ
503 876 703 931 Κελτὸς
739 878 1045 940 ἀγανακτῶν
1081 875 1167 925 καὶ
1202 876 1469 940 λιφαιμῶν
1498 874 1671 925 ἐδιωκε

253 947 340 997 τὸν
376 945 682 1008 Οὐαλέριον,
723 948 1150 1008 συγκαταπεσεῖν
1188 942 1530 1007 ἐπειγομενος·
1571 944 1670 993 ὑπὸ

254 1015 305 1066 δὲ
342 1015 459 1069 τοὺς
497 1013 660 1067 πόδας
697 1014 1090 1081 ἀναχωροῦντος
1128 1013 1207 1061 ἀεὶ
1245 1016 1337 1061 τοῦ
1378 1010 1671 1075 Οὐαλερίου

255 1083 513 1134 κατέπεσε
551 1081 750 1148 πρηνὴς
788 1081 812 1131 ὁ
843 1080 1061 1134 Κελτός.
1136 1080 1223 1130 καὶ
1250 1080 1481 1144 δεύτερον
1519 1084 1671 1129 τοῦτο

251 1152 573 1220 μονομάχιον
616 1151 703 1200 ἐπὶ
755 1153 978 1203 Κελτοῖς
1022 1148 1418 1217 ἐμεγαλαύχουν
1457 1148 1505 1199 οἱ
1549 1147 1671 1198 Ῥω-

252 1225 409 1284 μαῖοι.
481 1224 542 1269 id.
572 1241 614 1268 v.
641 1223 897 1285 λιφαιμεῖ.

934 1366 1004 1410 XI

307 1476 439 1527 Ὅτι
474 1474 531 1527 τὸ
571 1477 671 1525 τῶν
708 1468 939 1525 Σενόνων
965 1472 1107 1525 ἔθνος
1147 1471 1432 1522 ἔνσπονδον
1467 1470 1529 1534 ἦν
1552 1469 1673 1519 Ῥω-

253 1561 436 1623 μαίοις,
479 1559 565 1607 καὶ
604 1554 987 1620 ἐμισθοφόρουν
1026 1553 1160 1603 κατὰ
1195 1551 1479 1615 Ῥωμαίων.
1553 1553 1584 1614 ἡ
1624 1553 1674 1602 δὲ

253 1640 424 1703 βουλὴ
453 1639 706 1705 πρέσβεις
746 1637 985 1703 ἔπεμψεν
1010 1634 1396 1699 ἐγκαλέσοντας
1421 1635 1501 1685 ὅτι
1534 1635 1672 1687 ὄντες

254 1719 530 1770 ἔνσπονδοι
557 1718 947 1782 μισθοφοροῦσι
976 1714 1111 1765 κατὰ
1135 1712 1421 1774 Ῥωμαίων.
1463 1712 1674 1767 τούτους

256 1799 567 1863 Βριτόμαρις
629 1794 653 1845 ὁ
718 1792 934 1850 Κελτός,
1012 1794 1320 1857 ἀγανακτῶν
1395 1791 1523 1854 ὑπὲρ
1584 1795 1675 1841 τοῦ

254 1876 451 1942 πατρὸς
489 1875 569 1925 ὅτι
609 1875 904 1939 συμμαχῶν
942 1873 1225 1937 Τυρρηνοῖς
1264 1869 1363 1921 ὑπὸ
1404 1868 1674 1932 Ῥωμαίων

254 1958 305 2006 ἐν
354 1954 482 2020 τῷδε
519 1957 590 2019 τῷ
641 1950 853 2016 πολέμῳ
894 1950 1191 2016 διέφθαρτο,
1233 1949 1299 1999 τά
1336 1970 1391 1999 τε
1429 1948 1672 2013 κηρύκεια

255 2033 505 2100 φέροντας
545 2031 631 2081 καὶ
669 2030 762 2092 τὴν
803 2029 1005 2078 ἄσυλον
1045 2029 1243 2089 ἐσθῆτα
1295 2027 1675 2092 περικειμένους

254 2112 531 2173 κατέτεμεν
570 2112 619 2163 ἐς
656 2108 853 2165 πολλά,
889 2109 975 2157 καὶ
1015 2106 1079 2155 τὰ
1116 2106 1241 2171 μέρη
1281 2109 1381 2156 τῶν
1421 2105 1674 2169 σωμάτων

254 2190 519 2257 διέρριψεν
558 2191 606 2242 ἐς
643 2187 708 2238 τὰ
745 2185 915 2238 πεδία.
991 2186 1077 2235 καὶ
1116 2189 1207 2234 τοῦ
1243 2185 1441 2248 μύσους
1479 2182 1503 2233 ὁ
1543 2185 1673 2249 Κορ-

255 2271 430 2333 νήλιος
457 2270 509 2319 ἐν
549 2267 647 2333 ὁδῷ
684 2264 988 2327 πυθόμενος,
1018 2266 1066 2318 ἐς
1104 2263 1195 2317 τὰς
1236 2260 1463 2314 Σενόνων
1494 2261 1674 2315 πόλεις

255 2345 487 2413 συντόνῳ
537 2345 741 2409 σπουδῇ
792 2344 876 2394 διὰ
926 2339 1170 2404 Σαβίνων
1220 2343 1305 2391 καὶ
1356 2337 1674 2391 Πικεντίνων

256 2424 506 2487 ἐσβαλὼν
543 2424 755 2474 ἅπαντα
782 2422 995 2488 καθῄρει
1037 2421 1123 2471 καὶ
1151 2418 1454 2485 ἐνεπίμπρη,
1483 2421 1584 2468 τῶν
1621 2439 1675 2467 τε

260 2533 344 2562 112
