1747 2693
283 930 433 989 σβεις
459 928 658 991 ἐγένετο
686 921 917 977 Σένοσιν.
992 928 1054 974 U.
1081 943 1124 987 p.
1156 928 1265 971 350.

283 723 574 774 συνέπεσον
622 723 671 775 ἐς
721 725 901 790 χεῖρας
952 718 1053 769 ὑπὸ
1103 716 1298 781 τόλμης
1333 719 1404 782 τῷ
1448 712 1697 779 Δομετίῳ,

280 863 524 923 μανικῶς.
598 857 685 909 καὶ
722 856 837 919 δίκη
876 855 966 917 μὲν
1003 855 1093 919 ἥδε
1129 851 1457 916 παρανομίας
1494 852 1543 905 ἐς
1579 851 1699 915 πρέ-

947 1210 1044 1254 XII

339 1339 471 1389 Ὅτι
512 1337 560 1387 οἱ
616 1335 838 1389 Σαλύων
879 1334 1145 1391 δυνάσται,
1184 1336 1275 1383 τοῦ
1323 1332 1498 1386 ἔθνους
1550 1332 1703 1394 ἡττη-

284 1477 371 1526 καὶ
397 1475 581 1527 αὐτοὺς
608 1476 930 1537 ἐξαιτοῦντες
958 1471 1004 1521 οἱ
1040 1469 1287 1528 Ῥωμαῖοι
1325 1468 1704 1535 στρατεύουσιν

283 1544 371 1594 ἐπὶ
396 1543 514 1597 τοὺς
547 1541 909 1607 Ἀλλόβριγας
948 1540 1040 1589 οὐκ
1076 1538 1383 1593 ἐκδιδόντας,
1421 1538 1705 1600 ἡγουμένου

285 2539 373 2580 114

281 1616 433 1677 σφῶν
507 1613 697 1661 Γναίου
757 1606 1028 1671 Δομετίου.
1116 1606 1155 1675 ᾧ
1213 1606 1553 1671 παροδεύοντι
1612 1603 1705 1666 τὴν

282 1685 384 1731 τῶν
433 1677 654 1732 Σαλύων
713 1677 1020 1745 ἐντυγχάνει
1068 1674 1401 1741 πρεσβευτὴς
1463 1671 1704 1723 Βιτοίτου

281 1749 549 1808 βασιλέως
598 1750 700 1797 τῶν
758 1743 1145 1809 Ἀλλοβρίγων,
1208 1742 1587 1805 ἐσκευασμένος
1649 1762 1704 1790 τε

283 1954 369 2004 καὶ
410 1956 541 2019 πρὸς
574 1955 740 2002 κυνῶν
772 1951 820 2002 οἱ
852 1951 973 2016 τῇδε
1002 1950 1289 2015 βάρβαροι.
1361 1944 1611 2012 μουσικός
1649 1967 1704 1996 τε

335 158 648 261 APPIAN'S
670 164 941 251 ROMAN
961 164 1293 254 HISTORY,
1312 161 1519 251 BOOK
1545 161 1622 254 IV

281 2023 409 2088 ἀνὴρ
471 2021 662 2077 εἵπετο,
719 2020 980 2085 βαρβάρῳ
1041 2021 1268 2083 μουσικῇ
1330 2016 1419 2066 τὸν
1467 2018 1704 2077 βασιλέα

279 313 569 379 ἀνθρώπων
628 311 719 367 τὰς
779 310 872 377 μὲν
919 313 1169 372 γυναῖκας
1228 307 1315 358 καὶ
1374 305 1441 356 τὰ
1511 303 1695 356 παιδία

281 2093 536 2147 Βιτοῖτον,
576 2089 665 2139 εἶτ᾽
702 2087 1077 2152 Ἀλλόβριγας,
1108 2085 1219 2136 εἶτα
1246 2085 1334 2135 τὸν
1371 2082 1704 2146 πρεσβευτὴν

283 2229 466 2291 ὑμνῶν·
504 2227 564 2277 οὗ
607 2225 667 2289 δὴ
708 2225 795 2276 καὶ
835 2225 1075 2289 μάλιστα
1116 2224 1264 2274 ἕνεκα
1302 2221 1488 2275 αὐτοὺς
1517 2219 1566 2270 οἱ
1602 2223 1703 2270 τῶν

281 2432 559 2501 ἀπέτυχεν.
632 2436 693 2480 id.
722 2452 764 2494 p.
796 2436 906 2480 351.

278 381 693 465 ἠνδραποδίζετο,
743 379 860 434 τοὺς
909 379 960 428 δὲ
998 379 1050 427 ἐν
1096 377 1204 441 ἥβῃ
1241 376 1442 428 πάντας
1477 374 1697 424 ἔκτεινεν

282 792 369 842 καὶ
394 790 676 856 ἡττώμενοι
715 792 855 850 σφᾶς
893 786 1080 839 αὐτοὺς
1120 786 1206 835 ὑπ᾽
1242 784 1395 849 ὀργῆς
1421 783 1699 850 διεχρῶντο

284 1406 457 1461 θέντος
485 1405 586 1456 ὑπὸ
612 1404 895 1467 Ῥωμαίων,
925 1405 973 1457 ἐς
1001 1402 1361 1465 Ἀλλόβριγας
1389 1400 1699 1465 κατέφυγον.

282 1819 604 1873 πολυτελῶς,
668 1815 754 1865 καὶ
826 1812 1101 1880 δορυφόροι
1173 1810 1491 1877 παρείποντο
1565 1810 1704 1875 αὐτῷ

281 1883 657 1950 κεκοσμημένοι
700 1883 788 1933 καὶ
831 1882 990 1936 κύνες·
1048 1882 1452 1947 δορυφοροῦνται
1500 1877 1600 1942 γὰρ
1643 1878 1703 1940 δὴ

281 2158 438 2210 αὐτὸν
487 2159 536 2213 ἔς
584 2179 641 2208 τε
687 2156 832 2221 γένος
869 2155 956 2206 καὶ
995 2155 1233 2219 ἀνδρείαν
1271 2153 1359 2203 καὶ
1394 2150 1703 2218 περιουσίαν

281 2298 627 2361 πρεσβευτῶν
666 2296 936 2360 ἐπιφανεῖς
984 2293 1285 2356 ἐπάγονται.
1376 2289 1499 2339 ἀλλ᾽
1549 2287 1574 2338 ὁ
1611 2288 1702 2353 μὲν

281 2363 594 2428 συγγνώμην
680 2363 838 2412 αἰτῶν
921 2366 1029 2415 τοῖς
1114 2356 1335 2413 Σαλύων
1420 2358 1701 2410 δυνάσταις

281 453 503 515 ὁμαλῶς,
531 449 619 500 καὶ
656 447 750 512 τὴν
774 448 953 516 χώραν
988 443 1294 510 ἐλυμαίνετο
1321 440 1573 496 ποικίλως
1610 440 1697 491 καὶ

282 520 458 570 ἄοικον
484 520 533 572 ἐς
560 518 617 567 τὸ
643 516 834 567 λοιπὸν
872 515 1052 565 ἐποίει.
1127 511 1441 577 Βριτόμαριν
1468 510 1519 560 δὲ
1543 508 1697 573 μόνον

279 588 402 651 ἦγεν
428 586 769 655 αἰχμάλωτον
806 583 892 635 ἐπὶ
929 582 1086 646 λύμῃ.
1148 582 1364 645 ὕστερον
1402 579 1454 628 δὲ
1491 573 1698 631 Σένονες

281 658 375 705 οὐκ
434 655 641 724 ἔχοντες
701 653 777 704 ἔτι
836 650 1095 714 πατρίδας
1153 651 1202 703 ἐς
1262 648 1321 702 ἃς
1384 647 1695 713 διαφύγωσι,
