<?xml version="1.0" encoding="UTF-8"?>
<PcGts xmlns:xsi="http://www.w3.org/2001/XMLSchema-instance" xmlns="http://schema.primaresearch.org/PAGE/gts/pagecontent/2013-07-15" xsi:schemaLocation="http://schema.primaresearch.org/PAGE/gts/pagecontent/2013-07-15 http://schema.primaresearch.org/PAGE/gts/pagecontent/2013-07-15/pagecontent.xsd">
	<Metadata>
		<Creator/>
		<Created>2014-06-12T02:08:21</Created>
		<LastChange>2014-06-12T02:08:21</LastChange>
	</Metadata>
	<Page imageFilename="0132.jpg" imageWidth="1747" imageHeight="2693">
		<TextRegion type="paragraph" id="r1">
			<Coords points="122,358 170,2625 1738,2574 1722,1251 1706,309 1693,61 1093,64 183,90 109,312"/>
			<TextLine id="r245">
				<Coords points="306,129 306,287 1651,287 1651,129"/>
				<Word id="r246">
					<Coords points="335,154 335,261 677,261 677,154"/>
					<TextEquiv>
						<Unicode>APPIAN&apos;S</Unicode>
					</TextEquiv>
				</Word>
				<Word id="r247">
					<Coords points="687,151 687,267 954,267 954,151"/>
					<TextEquiv>
						<Unicode>ROMAN</Unicode>
					</TextEquiv>
				</Word>
				<Word id="r248">
					<Coords points="961,161 961,258 1309,258 1309,161"/>
					<TextEquiv>
						<Unicode>HISTORY,</Unicode>
					</TextEquiv>
				</Word>
				<Word id="r249">
					<Coords points="1319,167 1319,258 1529,258 1529,167"/>
					<TextEquiv>
						<Unicode>BOOK</Unicode>
					</TextEquiv>
				</Word>
				<Word id="r250">
					<Coords points="1545,177 1545,248 1638,248 1638,177"/>
					<TextEquiv>
						<Unicode>IV</Unicode>
					</TextEquiv>
				</Word>
				<TextEquiv>
					<Unicode>APPIAN&apos;S ROMAN HISTORY, BOOK IV</Unicode>
				</TextEquiv>
			</TextLine>
			<TextLine id="r2">
				<Coords points="1038,339 1038,340 1040,340 1040,380 1039,380 1039,381 999,381 999,382 919,382 919,381 918,381 919,381 919,380 920,380 920,379 921,379 921,341 922,341 922,340 951,340 951,339"/>
				<Word id="r37">
					<Coords points="951,339 1038,339 1038,340 1040,340 1040,380 1039,380 1039,381 999,381 999,382 919,382 919,381 918,381 919,381 919,380 920,380 920,379 921,379 921,341 922,341 922,340 951,340"/>
					<TextEquiv>
						<Unicode>XIII</Unicode>
					</TextEquiv>
				</Word>
				<TextEquiv>
					<Unicode>XIII</Unicode>
				</TextEquiv>
			</TextLine>
			<TextLine id="r3">
				<Coords points="1351,441 1351,442 1353,442 1353,462 1414,462 1414,463 1602,463 1602,451 1603,451 1603,450 1606,450 1606,449 1657,449 1657,448 1658,448 1658,446 1659,446 1659,445 1660,445 1660,443 1662,443 1662,442 1665,442 1665,443 1666,443 1666,466 1667,466 1667,473 1686,473 1686,474 1687,474 1687,475 1688,475 1688,476 1689,476 1689,477 1688,477 1688,479 1677,479 1677,480 1663,480 1663,481 1662,481 1662,483 1661,483 1661,484 1660,484 1660,486 1659,486 1659,487 1657,487 1657,488 1656,488 1656,489 1653,489 1653,490 1338,490 1338,491 1336,491 1336,492 1217,492 1217,494 1216,494 1216,497 1215,497 1215,500 1214,500 1214,503 1213,503 1213,504 1204,504 1204,506 1203,506 1203,507 1202,507 1202,508 1199,508 1199,509 1198,509 1198,508 1196,508 1196,507 1195,507 1195,491 1084,491 1084,492 1050,492 1050,493 1049,493 1049,501 1048,501 1048,505 1047,505 1047,506 1046,506 1046,507 955,507 955,506 954,506 954,505 953,505 953,492 827,492 827,493 823,493 823,494 822,494 822,493 770,493 770,492 588,492 588,493 586,493 586,494 583,494 583,495 583,494 581,494 581,493 447,493 447,494 373,494 373,493 370,493 370,492 368,492 368,491 366,491 366,490 365,490 365,489 363,489 363,488 362,488 362,487 360,487 360,486 359,486 359,485 358,485 358,483 357,483 357,481 356,481 356,479 355,479 355,473 354,473 354,464 327,464 327,463 326,463 326,461 325,461 325,458 324,458 324,454 325,454 325,451 326,451 326,450 327,450 327,449 328,449 328,448 330,448 330,447 340,447 340,446 341,446 341,445 344,445 344,444 345,444 345,445 346,445 346,446 379,446 379,447 381,447 381,448 387,448 387,449 388,449 388,450 390,450 390,451 391,451 391,452 392,452 392,453 393,453 393,454 394,454 394,455 395,455 395,456 396,456 396,458 397,458 397,460 398,460 398,463 399,463 399,466 520,466 520,465 549,465 549,454 550,454 550,451 551,451 551,450 552,450 552,449 553,449 553,448 554,448 554,447 558,447 558,446 693,446 693,447 694,447 694,448 695,448 695,464 804,464 804,454 805,454 805,449 806,449 806,446 807,446 807,444 809,444 809,443 811,443 811,444 812,444 812,445 813,445 813,465 1024,465 1024,452 1025,452 1025,451 1026,451 1026,449 1028,449 1028,448 1031,448 1031,447 1036,447 1036,448 1038,448 1038,449 1039,449 1039,450 1041,450 1041,464 1156,464 1156,450 1162,450 1162,451 1165,451 1165,452 1167,452 1167,453 1169,453 1169,454 1170,454 1170,455 1171,455 1171,457 1172,457 1172,458 1173,458 1173,460 1174,460 1174,462 1175,462 1175,464 1176,464 1176,465 1310,465 1310,464 1314,464 1314,463 1338,463 1338,458 1339,458 1339,456 1341,456 1341,453 1342,453 1342,450 1343,450 1343,448 1344,448 1344,447 1345,447 1345,444 1346,444 1346,443 1347,443 1347,442 1348,442 1348,441"/>
				<Word id="r41">
					<Coords points="345,444 345,445 346,445 346,446 379,446 379,447 381,447 381,448 387,448 387,449 388,449 388,450 390,450 390,451 391,451 391,452 392,452 392,453 393,453 393,454 394,454 394,455 395,455 395,456 396,456 396,458 397,458 397,460 398,460 398,463 399,463 399,466 451,466 451,467 452,467 452,482 456,482 456,485 455,485 455,488 454,488 454,489 453,489 453,490 452,490 452,491 451,491 451,492 449,492 449,493 447,493 447,494 373,494 373,493 370,493 370,492 368,492 368,491 366,491 366,490 365,490 365,489 363,489 363,488 362,488 362,487 360,487 360,486 359,486 359,485 358,485 358,483 357,483 357,481 356,481 356,479 355,479 355,473 354,473 354,464 327,464 327,463 326,463 326,461 325,461 325,458 324,458 324,454 325,454 325,451 326,451 326,450 327,450 327,449 328,449 328,448 330,448 330,447 340,447 340,446 341,446 341,445 344,445 344,444"/>
					<TextEquiv>
						<Unicode>Ὅτι</Unicode>
					</TextEquiv>
				</Word>
				<Word id="r42">
					<Coords points="559,446 559,447 563,447 563,448 565,448 565,449 566,449 566,450 567,450 567,452 568,452 568,466 605,466 605,467 606,467 606,469 607,469 607,472 606,472 606,474 605,474 605,478 604,478 604,479 603,479 603,480 602,480 602,482 601,482 601,483 600,483 600,484 599,484 599,485 598,485 598,486 597,486 597,487 596,487 596,488 594,488 594,489 593,489 593,490 592,490 592,491 590,491 590,492 588,492 588,493 586,493 586,494 583,494 583,495 583,494 581,494 581,493 516,493 516,492 515,492 515,491 514,491 514,489 513,489 513,476 507,476 507,475 506,475 506,471 505,471 506,471 506,469 507,469 507,468 508,468 508,467 511,467 511,466 520,466 520,465 549,465 549,454 550,454 550,451 551,451 551,450 552,450 552,449 553,449 553,448 554,448 554,447 558,447 558,446"/>
					<TextEquiv>
						<Unicode>τῶν</Unicode>
					</TextEquiv>
				</Word>
				<Word id="r43">
					<Coords points="811,443 811,444 812,444 812,445 813,445 813,465 914,465 914,466 916,466 916,468 917,468 917,472 916,472 916,474 915,474 915,477 914,477 914,478 913,478 913,480 912,480 912,481 911,481 911,482 910,482 910,483 909,483 909,485 907,485 907,486 906,486 906,487 904,487 904,488 903,488 903,489 901,489 901,490 899,490 899,491 897,491 897,492 827,492 827,493 823,493 823,494 822,494 822,493 770,493 770,492 667,492 667,491 666,491 666,490 665,490 665,462 655,462 655,447 656,447 656,446 693,446 693,447 694,447 694,448 695,448 695,464 804,464 804,454 805,454 805,449 806,449 806,446 807,446 807,444 809,444 809,443"/>
					<TextEquiv>
						<Unicode>Τευτόνων</Unicode>
					</TextEquiv>
				</Word>
				<Word id="r44">
					<Coords points="1036,447 1036,448 1038,448 1038,449 1039,449 1039,450 1041,450 1041,464 1104,464 1104,465 1105,465 1105,480 1109,480 1109,484 1108,484 1108,485 1107,485 1107,487 1105,487 1105,489 1103,489 1103,490 1102,490 1102,491 1084,491 1084,492 1050,492 1050,493 1049,493 1049,501 1048,501 1048,505 1047,505 1047,506 1046,506 1046,507 955,507 955,506 954,506 954,505 953,505 953,503 954,503 954,498 955,498 955,496 956,496 956,492 957,492 957,488 958,488 958,483 959,483 959,481 960,481 960,477 961,477 961,471 962,471 962,469 963,469 963,468 964,468 964,467 965,467 965,466 966,466 966,465 1024,465 1024,452 1025,452 1025,451 1026,451 1026,449 1028,449 1028,448 1031,448 1031,447"/>
					<TextEquiv>
						<Unicode>μοῖρα</Unicode>
					</TextEquiv>
				</Word>
				<Word id="r45">
					<Coords points="1351,441 1351,442 1353,442 1353,462 1414,462 1414,463 1486,463 1486,464 1487,464 1487,479 1490,479 1490,480 1491,480 1490,480 1490,484 1489,484 1489,485 1488,485 1488,486 1487,486 1487,487 1485,487 1485,489 1483,489 1483,490 1338,490 1338,491 1336,491 1336,492 1217,492 1217,494 1216,494 1216,497 1215,497 1215,500 1214,500 1214,503 1213,503 1213,504 1204,504 1204,506 1203,506 1203,507 1202,507 1202,508 1199,508 1199,509 1198,509 1198,508 1196,508 1196,507 1195,507 1195,491 1158,491 1158,490 1157,490 1157,453 1156,453 1156,450 1162,450 1162,451 1165,451 1165,452 1167,452 1167,453 1169,453 1169,454 1170,454 1170,455 1171,455 1171,457 1172,457 1172,458 1173,458 1173,460 1174,460 1174,462 1175,462 1175,464 1176,464 1176,465 1310,465 1310,464 1314,464 1314,463 1338,463 1338,458 1339,458 1339,456 1341,456 1341,453 1342,453 1342,450 1343,450 1343,448 1344,448 1344,447 1345,447 1345,444 1346,444 1346,443 1347,443 1347,442 1348,442 1348,441"/>
					<TextEquiv>
						<Unicode>λῃστεύουσα</Unicode>
					</TextEquiv>
				</Word>
				<Word id="r46">
					<Coords points="1665,442 1665,443 1666,443 1666,466 1667,466 1667,473 1686,473 1686,474 1687,474 1687,475 1688,475 1688,476 1689,476 1689,477 1688,477 1688,479 1677,479 1677,480 1663,480 1663,481 1662,481 1662,483 1661,483 1661,484 1660,484 1660,486 1659,486 1659,487 1657,487 1657,488 1656,488 1656,489 1653,489 1653,490 1534,490 1534,476 1530,476 1530,475 1529,475 1529,474 1528,474 1528,472 1527,472 1527,469 1528,469 1528,467 1529,467 1529,465 1530,465 1530,464 1542,464 1542,463 1602,463 1602,451 1603,451 1603,450 1606,450 1606,449 1657,449 1657,448 1658,448 1658,446 1659,446 1659,445 1660,445 1660,443 1662,443 1662,442"/>
					<TextEquiv>
						<Unicode>πολύ-</Unicode>
					</TextEquiv>
				</Word>
				<TextEquiv>
					<Unicode>Ὅτι τῶν Τευτόνων μοῖρα λῃστεύουσα πολύ-</Unicode>
				</TextEquiv>
			</TextLine>
			<TextLine id="r4">
				<Coords points="1685,520 1685,521 1687,521 1687,547 1688,547 1688,549 1689,549 1689,555 1688,555 1688,557 1687,557 1687,560 1686,560 1686,562 1685,562 1685,563 1684,563 1684,564 1683,564 1683,565 1682,565 1682,566 1680,566 1680,567 1677,567 1677,568 1621,568 1621,569 1619,569 1619,570 1614,570 1614,569 1510,569 1510,570 1509,570 1509,572 1508,572 1508,573 1507,573 1507,574 1506,574 1506,575 1503,575 1503,576 1502,576 1502,575 1500,575 1500,569 1381,569 1381,570 1363,570 1363,572 1362,572 1362,577 1361,577 1361,580 1360,580 1360,581 1358,581 1358,580 1357,580 1357,571 1345,571 1345,570 1212,570 1212,571 1212,570 1087,570 1087,573 1086,573 1086,578 1085,578 1085,583 1084,583 1084,584 1083,584 1083,585 1080,585 1080,570 923,570 923,571 770,571 770,575 769,575 769,580 768,580 768,582 767,582 767,583 728,583 728,584 727,584 727,585 725,585 725,584 723,584 723,583 629,583 629,577 371,577 371,580 370,580 370,586 369,586 369,587 368,587 368,588 365,588 365,586 364,586 364,572 309,572 309,571 308,571 308,570 280,570 280,569 276,569 276,568 275,568 275,567 273,567 273,565 272,565 272,562 273,562 273,556 274,556 274,554 275,554 275,552 276,552 276,551 277,551 277,550 278,550 278,548 280,548 280,547 282,547 282,546 284,546 284,545 342,545 342,527 343,527 343,525 344,525 344,524 347,524 347,523 351,523 351,524 354,524 354,525 355,525 355,526 357,526 357,527 358,527 358,528 359,528 359,530 360,530 360,531 361,531 361,532 362,532 362,533 363,533 363,544 386,544 386,545 507,545 507,528 508,528 508,525 509,525 509,524 513,524 513,525 514,525 514,526 515,526 515,528 516,528 516,529 517,529 517,544 622,544 622,523 623,523 623,522 627,522 627,524 628,524 628,526 629,526 629,529 630,529 630,530 631,530 631,532 632,532 632,534 633,534 633,544 755,544 755,533 756,533 756,530 757,530 757,529 758,529 758,528 760,528 760,527 767,527 767,528 769,528 769,529 770,529 770,530 771,530 771,531 772,531 772,533 773,533 773,544 890,544 890,532 891,532 891,529 892,529 892,528 893,528 893,527 895,527 895,526 898,526 898,525 986,525 986,524 1025,524 1025,525 1032,525 1032,526 1033,526 1033,542 1179,542 1179,531 1180,531 1180,529 1181,529 1181,527 1182,527 1182,526 1183,526 1183,525 1185,525 1185,524 1283,524 1283,523 1286,523 1286,522 1352,522 1352,521 1355,521 1355,522 1356,522 1356,523 1389,523 1389,524 1391,524 1391,525 1393,525 1393,526 1394,526 1394,527 1395,527 1395,528 1439,528 1439,529 1444,529 1444,530 1446,530 1446,531 1447,531 1447,532 1449,532 1449,534 1450,534 1450,535 1451,535 1451,536 1452,536 1452,538 1453,538 1453,539 1454,539 1454,540 1455,540 1455,541 1610,541 1610,522 1611,522 1611,521 1680,521 1680,520"/>
				<Word id="r47">
					<Coords points="351,523 351,524 354,524 354,525 355,525 355,526 357,526 357,527 358,527 358,528 359,528 359,530 360,530 360,531 361,531 361,532 362,532 362,533 363,533 363,544 386,544 386,545 439,545 439,546 444,546 444,547 447,547 447,548 449,548 449,550 450,550 450,552 451,552 451,554 450,554 450,555 448,555 448,556 446,556 446,570 445,570 445,573 444,573 444,575 442,575 442,576 439,576 439,577 371,577 371,580 370,580 370,586 369,586 369,587 368,587 368,588 365,588 365,586 364,586 364,572 309,572 309,571 308,571 308,570 280,570 280,569 276,569 276,568 275,568 275,567 273,567 273,565 272,565 272,562 273,562 273,556 274,556 274,554 275,554 275,552 276,552 276,551 277,551 277,550 278,550 278,548 280,548 280,547 282,547 282,546 284,546 284,545 342,545 342,527 343,527 343,525 344,525 344,524 347,524 347,523"/>
					<TextEquiv>
						<Unicode>ανδρος</Unicode>
					</TextEquiv>
				</Word>
				<Word id="r48">
					<Coords points="513,524 513,525 514,525 514,526 515,526 515,528 516,528 516,529 517,529 517,544 533,544 533,545 538,545 538,546 539,546 539,547 541,547 541,548 542,548 542,549 543,549 543,554 542,554 542,555 539,555 539,571 538,571 538,572 537,572 537,573 536,573 536,574 535,574 535,575 533,575 533,576 531,576 531,577 530,577 530,576 528,576 528,571 502,571 502,570 500,570 500,569 499,569 499,568 498,568 498,567 497,567 497,566 496,566 496,564 495,564 495,557 496,557 496,555 497,555 497,554 498,554 498,550 499,550 499,549 500,549 500,548 502,548 502,547 503,547 503,546 505,546 505,545 507,545 507,528 508,528 508,525 509,525 509,524"/>
					<TextEquiv>
						<Unicode>ἐς</Unicode>
					</TextEquiv>
				</Word>
				<Word id="r49">
					<Coords points="627,522 627,524 628,524 628,526 629,526 629,529 630,529 630,530 631,530 631,532 632,532 632,534 633,534 633,544 673,544 673,546 674,546 674,552 673,552 673,554 672,554 672,556 671,556 671,558 670,558 670,559 669,559 669,561 668,561 668,562 666,562 666,563 664,563 664,565 663,565 663,566 662,566 662,567 660,567 660,568 659,568 659,569 657,569 657,570 656,570 656,571 637,571 637,574 636,574 636,577 635,577 635,581 634,581 634,582 633,582 633,583 629,583 629,571 592,571 592,570 590,570 590,553 582,553 582,548 583,548 583,547 584,547 584,546 586,546 586,545 594,545 594,544 622,544 622,523 623,523 623,522"/>
					<TextEquiv>
						<Unicode>τὴν</Unicode>
					</TextEquiv>
				</Word>
				<Word id="r50">
					<Coords points="767,527 767,528 769,528 769,529 770,529 770,530 771,530 771,531 772,531 772,533 773,533 773,544 806,544 806,545 807,545 807,551 806,551 806,554 805,554 805,557 804,557 804,558 803,558 803,559 802,559 802,561 801,561 801,562 799,562 799,563 798,563 798,564 797,564 797,565 796,565 796,566 795,566 795,567 793,567 793,568 791,568 791,569 789,569 789,570 787,570 787,571 770,571 770,575 769,575 769,580 768,580 768,582 767,582 767,583 728,583 728,584 727,584 727,585 725,585 725,584 723,584 723,561 712,561 712,559 711,559 711,557 710,557 710,550 711,550 711,549 712,549 712,547 714,547 714,546 715,546 715,545 741,545 741,544 755,544 755,533 756,533 756,530 757,530 757,529 758,529 758,528 760,528 760,527"/>
					<TextEquiv>
						<Unicode>γῆν</Unicode>
					</TextEquiv>
				</Word>
				<Word id="r51">
					<Coords points="904,525 904,526 906,526 906,528 908,528 908,530 909,530 909,543 943,543 943,544 945,544 945,545 946,545 946,551 945,551 945,553 944,553 944,555 943,555 943,557 942,557 942,558 941,558 941,559 940,559 940,560 939,560 939,562 938,562 938,563 937,563 937,564 935,564 935,566 933,566 933,567 932,567 932,568 930,568 930,569 928,569 928,570 923,570 923,571 856,571 856,570 855,570 855,569 854,569 854,555 848,555 848,554 846,554 846,548 847,548 847,547 848,547 848,546 849,546 849,545 857,545 857,544 890,544 890,532 891,532 891,529 892,529 892,528 893,528 893,527 895,527 895,526 898,526 898,525"/>
					<TextEquiv>
						<Unicode>τῶν</Unicode>
					</TextEquiv>
				</Word>
				<Word id="r52">
					<Coords points="1025,524 1025,525 1032,525 1032,526 1033,526 1033,542 1179,542 1179,531 1180,531 1180,529 1181,529 1181,527 1182,527 1182,526 1183,526 1183,525 1185,525 1185,524 1191,524 1191,525 1193,525 1193,526 1195,526 1195,527 1196,527 1196,528 1197,528 1197,530 1198,530 1198,543 1233,543 1233,544 1234,544 1234,545 1235,545 1235,551 1234,551 1234,553 1233,553 1233,555 1232,555 1232,557 1231,557 1231,558 1230,558 1230,559 1229,559 1229,560 1228,560 1228,561 1227,561 1227,562 1226,562 1226,563 1225,563 1225,564 1224,564 1224,565 1223,565 1223,566 1221,566 1221,567 1219,567 1219,568 1218,568 1218,569 1216,569 1216,570 1212,570 1212,571 1212,570 1087,570 1087,573 1086,573 1086,578 1085,578 1085,583 1084,583 1084,584 1083,584 1083,585 1080,585 1080,570 987,570 987,569 986,569 986,526 985,526 985,525 986,525 986,524"/>
					<TextEquiv>
						<Unicode>Νωρικῶν</Unicode>
					</TextEquiv>
				</Word>
				<Word id="r53">
					<Coords points="1355,521 1355,522 1356,522 1356,523 1389,523 1389,524 1391,524 1391,525 1393,525 1393,526 1394,526 1394,527 1395,527 1395,528 1439,528 1439,529 1444,529 1444,530 1446,530 1446,531 1447,531 1447,532 1449,532 1449,534 1450,534 1450,535 1451,535 1451,536 1452,536 1452,538 1453,538 1453,539 1454,539 1454,540 1455,540 1455,541 1491,541 1491,542 1495,542 1495,544 1497,544 1497,560 1509,560 1509,561 1510,561 1510,562 1511,562 1511,567 1510,567 1510,570 1509,570 1509,572 1508,572 1508,573 1507,573 1507,574 1506,574 1506,575 1503,575 1503,576 1502,576 1502,575 1500,575 1500,569 1381,569 1381,570 1363,570 1363,572 1362,572 1362,577 1361,577 1361,580 1360,580 1360,581 1358,581 1358,580 1357,580 1357,571 1345,571 1345,570 1280,570 1280,569 1276,569 1276,568 1275,568 1275,567 1274,567 1274,566 1273,566 1273,565 1272,565 1272,563 1271,563 1271,562 1270,562 1270,554 1271,554 1271,552 1272,552 1272,550 1273,550 1273,548 1275,548 1275,547 1276,547 1276,546 1277,546 1277,545 1279,545 1279,544 1281,544 1281,543 1282,543 1282,525 1283,525 1283,523 1286,523 1286,522 1352,522 1352,521"/>
					<TextEquiv>
						<Unicode>ἐσέβαλε,</Unicode>
					</TextEquiv>
				</Word>
				<Word id="r54">
					<Coords points="1615,521 1615,523 1616,523 1616,525 1617,525 1617,526 1618,526 1618,528 1619,528 1619,532 1620,532 1620,533 1621,533 1621,535 1622,535 1622,538 1623,538 1623,557 1625,557 1625,558 1626,558 1626,559 1627,559 1627,560 1626,560 1626,562 1625,562 1625,565 1624,565 1624,567 1622,567 1622,568 1621,568 1621,569 1619,569 1619,570 1614,570 1614,569 1541,569 1541,568 1540,568 1540,566 1541,566 1541,563 1542,563 1542,560 1543,560 1543,557 1544,557 1544,554 1545,554 1545,551 1546,551 1546,548 1547,548 1547,544 1549,544 1549,543 1551,543 1551,542 1565,542 1565,541 1610,541 1610,522 1611,522 1611,521"/>
					<TextEquiv>
						<Unicode>καὶ</Unicode>
					</TextEquiv>
				</Word>
				<Word id="r55">
					<Coords points="1685,520 1685,521 1687,521 1687,547 1688,547 1688,549 1689,549 1689,555 1688,555 1688,557 1687,557 1687,560 1686,560 1686,562 1685,562 1685,563 1684,563 1684,564 1683,564 1683,565 1682,565 1682,566 1680,566 1680,567 1677,567 1677,568 1674,568 1674,567 1671,567 1671,566 1669,566 1669,565 1668,565 1668,564 1667,564 1667,562 1666,562 1666,560 1665,560 1665,554 1666,554 1666,550 1667,550 1667,549 1668,549 1668,546 1669,546 1669,545 1670,545 1670,544 1671,544 1671,543 1672,543 1672,542 1676,542 1676,524 1677,524 1677,522 1678,522 1678,521 1680,521 1680,520"/>
					<TextEquiv>
						<Unicode>ὁ</Unicode>
					</TextEquiv>
				</Word>
				<TextEquiv>
					<Unicode>ανδρος ἐς τὴν γῆν τῶν Νωρικῶν ἐσέβαλε, καὶ ὁ</Unicode>
				</TextEquiv>
			</TextLine>
			<TextLine id="r6">
				<Coords points="1410,598 1413,598 1413,599 1414,599 1414,621 1588,621 1588,599 1591,599 1591,598 1591,599 1593,599 1593,600 1660,600 1660,601 1662,601 1662,602 1663,602 1663,604 1664,604 1664,621 1681,621 1681,622 1684,622 1684,623 1686,623 1686,624 1687,624 1687,625 1688,625 1688,626 1689,626 1689,630 1688,630 1688,631 1685,631 1685,646 1684,646 1684,648 1683,648 1683,650 1682,650 1682,652 1680,652 1680,653 1601,653 1601,657 1600,657 1600,659 1599,659 1599,660 1545,660 1545,661 1544,661 1544,662 1541,662 1541,660 1540,660 1540,652 1500,652 1500,649 1400,649 1400,648 1290,648 1290,649 1203,649 1203,656 1202,656 1202,658 1201,658 1201,659 1200,659 1200,660 1171,660 1171,662 1170,662 1170,663 1167,663 1167,662 1166,662 1166,649 1043,649 1043,650 1042,650 1042,652 1040,652 1040,653 950,653 950,654 949,654 949,660 948,660 948,662 947,662 947,663 943,663 943,651 753,651 753,652 751,652 751,653 749,653 749,654 745,654 745,653 744,653 744,650 620,650 620,651 419,651 419,652 379,652 379,653 378,653 378,657 377,657 377,661 376,661 376,663 375,663 375,665 372,665 372,664 371,664 371,663 370,663 370,649 301,649 301,648 288,648 288,615 273,615 273,614 272,614 272,613 271,613 271,610 270,610 270,605 271,605 271,603 272,603 272,602 273,602 273,601 275,601 275,600 279,600 279,601 280,601 280,603 314,603 314,604 319,604 319,605 321,605 321,606 323,606 323,608 324,608 324,609 325,609 325,611 326,611 326,622 454,622 454,617 455,617 455,612 456,612 456,609 457,609 457,607 458,607 458,604 459,604 459,601 460,601 460,600 464,600 464,601 589,601 589,602 590,602 590,603 591,603 591,622 788,622 788,604 789,604 789,603 836,603 836,604 837,604 837,606 939,606 939,604 940,604 940,602 941,602 941,601 942,601 942,600 944,600 944,601 945,601 945,621 1079,621 1079,604 1080,604 1080,603 1084,603 1084,602 1156,602 1156,601 1157,601 1157,600 1160,600 1160,599 1160,600 1161,600 1161,602 1229,602 1229,603 1231,603 1231,604 1234,604 1234,605 1235,605 1235,606 1236,606 1236,608 1237,608 1237,610 1238,610 1238,613 1239,613 1239,620 1343,620 1343,602 1344,602 1344,601 1345,601 1345,600 1408,600 1408,599 1410,599"/>
				<Word id="r65">
					<Coords points="275,600 279,600 279,601 280,601 280,603 314,603 314,604 319,604 319,605 321,605 321,606 323,606 323,608 324,608 324,609 325,609 325,611 326,611 326,622 454,622 454,617 455,617 455,612 456,612 456,609 457,609 457,607 458,607 458,604 459,604 459,601 460,601 460,600 464,600 464,601 466,601 466,623 482,623 482,624 535,624 535,625 536,625 536,628 537,628 536,628 536,631 535,631 535,634 534,634 534,636 533,636 533,638 532,638 532,639 531,639 531,640 530,640 530,641 529,641 529,642 528,642 528,643 527,643 527,644 526,644 526,645 525,645 525,646 523,646 523,647 521,647 521,648 519,648 519,649 518,649 518,650 515,650 515,651 419,651 419,652 379,652 379,653 378,653 378,657 377,657 377,661 376,661 376,663 375,663 375,665 372,665 372,664 371,664 371,663 370,663 370,649 301,649 301,648 288,648 288,647 289,647 289,615 273,615 273,614 272,614 272,613 271,613 271,610 270,610 270,605 271,605 271,603 272,603 272,602 273,602 273,601 275,601"/>
					<TextEquiv>
						<Unicode>Ῥωμαίων</Unicode>
					</TextEquiv>
				</Word>
				<Word id="r67">
					<Coords points="589,601 589,602 590,602 590,603 591,603 591,622 724,622 724,623 753,623 753,624 754,624 754,625 756,625 756,626 757,626 757,627 758,627 758,628 759,628 759,632 754,632 754,649 753,649 753,652 751,652 751,653 749,653 749,654 745,654 745,653 744,653 744,650 620,650 620,651 603,651 603,650 571,650 571,649 568,649 568,647 566,647 566,645 565,645 565,627 564,627 564,625 566,625 566,624 567,624 567,623 570,623 570,608 571,608 571,607 572,607 572,606 573,606 573,605 585,605 585,603 586,603 586,602 587,602 587,601"/>
					<TextEquiv>
						<Unicode>ὕπατος</Unicode>
					</TextEquiv>
				</Word>
				<Word id="r68">
					<Coords points="944,600 944,601 945,601 945,621 1042,621 1042,622 1044,622 1044,623 1046,623 1046,624 1048,624 1048,625 1049,625 1049,628 1050,628 1050,629 1049,629 1049,631 1048,631 1048,632 1045,632 1045,648 1044,648 1044,649 1043,649 1043,650 1042,650 1042,652 1040,652 1040,653 950,653 950,654 949,654 949,660 948,660 948,662 947,662 947,663 943,663 943,651 851,651 851,650 848,650 848,649 832,649 832,648 789,648 789,647 788,647 788,604 789,604 789,603 836,603 836,604 837,604 837,608 938,608 938,606 939,606 939,604 940,604 940,602 941,602 941,601 942,601 942,600"/>
					<TextEquiv>
						<Unicode>Παπίριος</Unicode>
					</TextEquiv>
				</Word>
				<Word id="r69">
					<Coords points="1160,600 1161,600 1161,602 1229,602 1229,603 1231,603 1231,604 1234,604 1234,605 1235,605 1235,606 1236,606 1236,608 1237,608 1237,610 1238,610 1238,613 1239,613 1239,620 1273,620 1273,621 1274,621 1274,622 1310,622 1310,624 1311,624 1311,628 1310,628 1310,631 1309,631 1309,633 1308,633 1308,635 1307,635 1307,636 1306,636 1306,637 1305,637 1305,639 1303,639 1303,641 1301,641 1301,642 1300,642 1300,643 1298,643 1298,644 1297,644 1297,645 1295,645 1295,646 1293,646 1293,647 1292,647 1292,648 1290,648 1290,649 1203,649 1203,656 1202,656 1202,658 1201,658 1201,659 1200,659 1200,660 1171,660 1171,662 1170,662 1170,663 1167,663 1167,662 1166,662 1166,649 1139,649 1139,648 1079,648 1079,647 1078,647 1078,646 1079,646 1079,604 1080,604 1080,603 1084,603 1084,602 1156,602 1156,601 1157,601 1157,600 1160,600 1160,599"/>
					<TextEquiv>
						<Unicode>Κάρβων</Unicode>
					</TextEquiv>
				</Word>
				<Word id="r70">
					<Coords points="1410,598 1413,598 1413,599 1414,599 1414,621 1506,621 1506,622 1509,622 1509,623 1510,623 1510,624 1511,624 1511,625 1512,625 1512,626 1513,626 1513,630 1512,630 1512,631 1509,631 1509,646 1508,646 1508,647 1507,647 1507,650 1505,650 1505,651 1503,651 1503,652 1500,652 1500,649 1400,649 1400,648 1347,648 1347,647 1343,647 1343,646 1342,646 1342,645 1341,645 1341,644 1340,644 1340,643 1339,643 1339,641 1338,641 1338,633 1339,633 1339,631 1340,631 1340,629 1341,629 1341,628 1342,628 1342,626 1343,626 1343,602 1344,602 1344,601 1345,601 1345,600 1408,600 1408,599 1410,599"/>
					<TextEquiv>
						<Unicode>δείσας</Unicode>
					</TextEquiv>
				</Word>
				<Word id="r72">
					<Coords points="1591,599 1593,599 1593,601 1594,601 1594,603 1595,603 1595,606 1596,606 1596,607 1597,607 1597,611 1598,611 1598,613 1599,613 1599,621 1604,621 1604,622 1606,622 1606,624 1607,624 1607,626 1608,626 1608,631 1607,631 1607,636 1606,636 1606,639 1605,639 1605,643 1604,643 1604,647 1603,647 1603,650 1602,650 1602,653 1601,653 1601,657 1600,657 1600,659 1599,659 1599,660 1545,660 1545,661 1544,661 1544,662 1541,662 1541,660 1540,660 1540,656 1541,656 1541,653 1542,653 1542,649 1543,649 1543,645 1544,645 1544,642 1545,642 1545,639 1546,639 1546,638 1547,638 1547,630 1548,630 1548,627 1549,627 1549,623 1550,623 1550,622 1552,622 1552,621 1588,621 1588,599 1591,599 1591,598"/>
					<TextEquiv>
						<Unicode>μὴ</Unicode>
					</TextEquiv>
				</Word>
				<Word id="r73">
					<Coords points="1660,600 1660,601 1662,601 1662,602 1663,602 1663,604 1664,604 1664,621 1681,621 1681,622 1684,622 1684,623 1686,623 1686,624 1687,624 1687,625 1688,625 1688,626 1689,626 1689,630 1688,630 1688,631 1685,631 1685,646 1684,646 1684,648 1683,648 1683,650 1682,650 1682,652 1680,652 1680,653 1676,653 1676,652 1675,652 1675,648 1648,648 1648,647 1646,647 1646,646 1645,646 1645,645 1644,645 1644,643 1643,643 1643,641 1642,641 1642,631 1643,631 1643,629 1644,629 1644,628 1645,628 1645,626 1646,626 1646,625 1647,625 1647,624 1648,624 1648,623 1651,623 1651,622 1653,622 1653,602 1654,602 1654,601 1655,601 1655,600"/>
					<TextEquiv>
						<Unicode>ἐς</Unicode>
					</TextEquiv>
				</Word>
				<TextEquiv>
					<Unicode>Ῥωμαίων ὕπατος Παπίριος Κάρβων δείσας μὴ ἐς</Unicode>
				</TextEquiv>
			</TextLine>
			<TextLine id="r8">
				<Coords points="1595,675 1595,676 1596,676 1596,677 1597,677 1597,698 1639,698 1639,699 1640,699 1640,700 1666,700 1666,701 1667,701 1667,702 1668,702 1668,703 1669,703 1669,704 1670,704 1670,706 1671,706 1671,715 1680,715 1680,716 1683,716 1683,717 1685,717 1685,718 1686,718 1686,720 1687,720 1687,725 1686,725 1686,728 1685,728 1685,729 1684,729 1684,730 1683,730 1683,732 1682,732 1682,733 1680,733 1680,734 1677,734 1677,733 1675,733 1675,731 1658,731 1658,730 1656,730 1656,727 1512,727 1512,726 1369,726 1369,728 1368,728 1368,729 1366,729 1366,730 1361,730 1361,729 1360,729 1360,727 1121,727 1121,732 1120,732 1120,737 1119,737 1119,740 1118,740 1118,741 1022,741 1022,742 1020,742 1020,741 1018,741 1018,735 937,735 937,728 893,728 893,727 741,727 741,728 719,728 719,730 718,730 718,736 717,736 717,738 716,738 716,739 713,739 713,738 712,738 712,729 327,729 327,733 326,733 326,737 325,737 325,741 324,741 324,742 322,742 322,743 321,743 321,742 320,742 320,741 319,741 319,728 281,728 281,727 280,727 280,725 279,725 279,711 272,711 272,710 271,710 271,705 272,705 272,703 274,703 274,702 277,702 277,701 312,701 312,678 317,678 317,679 318,679 318,680 396,680 396,681 415,681 415,682 426,682 426,683 427,683 427,687 550,687 550,683 551,683 551,682 552,682 552,680 553,680 553,679 554,679 554,678 555,678 555,677 556,677 556,678 557,678 557,679 558,679 558,701 662,701 662,682 664,682 664,681 738,681 738,680 783,680 783,679 787,679 787,687 799,687 799,688 802,688 802,689 804,689 804,690 805,690 805,692 806,692 806,693 807,693 807,695 808,695 808,696 809,696 809,698 810,698 810,699 811,699 811,700 995,700 995,681 996,681 996,680 997,680 997,679 1076,679 1076,678 1078,678 1078,677 1097,677 1097,678 1103,678 1103,679 1105,679 1105,680 1106,680 1106,681 1107,681 1107,682 1108,682 1108,683 1109,683 1109,684 1110,684 1110,685 1111,685 1111,686 1112,686 1112,687 1113,687 1113,689 1114,689 1114,699 1331,699 1331,687 1332,687 1332,686 1333,686 1333,684 1334,684 1334,683 1335,683 1335,682 1401,682 1401,679 1402,679 1402,678 1403,678 1403,677 1405,677 1405,676 1406,676 1406,677 1409,677 1409,678 1410,678 1410,679 1411,679 1411,681 1443,681 1443,683 1444,683 1444,685 1474,685 1474,686 1477,686 1477,687 1479,687 1479,688 1481,688 1481,690 1482,690 1482,692 1584,692 1584,689 1585,689 1585,685 1586,685 1586,683 1587,683 1587,680 1588,680 1588,678 1589,678 1589,676 1591,676 1591,675"/>
				<Word id="r74">
					<Coords points="317,678 317,679 318,679 318,680 319,680 319,682 320,682 320,685 321,685 321,689 322,689 322,692 323,692 323,694 324,694 324,701 361,701 361,702 363,702 363,709 362,709 362,711 361,711 361,715 359,715 359,717 358,717 358,718 357,718 357,719 356,719 356,720 355,720 355,721 354,721 354,722 353,722 353,723 351,723 351,724 350,724 350,725 349,725 349,726 348,726 348,727 345,727 345,728 342,728 342,729 327,729 327,733 326,733 326,737 325,737 325,741 324,741 324,742 322,742 322,743 321,743 321,742 320,742 320,741 319,741 319,728 281,728 281,727 280,727 280,725 279,725 279,711 272,711 272,710 271,710 271,705 272,705 272,703 274,703 274,702 277,702 277,701 312,701 312,678"/>
					<TextEquiv>
						<Unicode>τὴν</Unicode>
					</TextEquiv>
				</Word>
				<Word id="r75">
					<Coords points="556,677 556,678 557,678 557,679 558,679 558,701 621,701 621,702 622,702 622,704 623,704 623,706 622,706 622,708 621,708 621,711 620,711 620,714 619,714 619,716 618,716 618,717 617,717 617,718 616,718 616,719 614,719 614,720 613,720 613,721 612,721 612,722 611,722 611,723 610,723 610,724 609,724 609,725 607,725 607,726 605,726 605,727 603,727 603,728 585,728 585,729 407,729 407,728 406,728 406,727 405,727 405,694 392,694 392,693 391,693 391,685 390,685 390,683 389,683 389,682 390,682 390,680 396,680 396,681 415,681 415,682 426,682 426,683 427,683 427,687 550,687 550,683 551,683 551,682 552,682 552,680 553,680 553,679 554,679 554,678 555,678 555,677"/>
					<TextEquiv>
						<Unicode>Ἰταλίαν</Unicode>
					</TextEquiv>
				</Word>
				<Word id="r76">
					<Coords points="787,679 787,687 799,687 799,688 802,688 802,689 804,689 804,690 805,690 805,692 806,692 806,693 807,693 807,695 808,695 808,696 809,696 809,698 810,698 810,699 811,699 811,700 931,700 931,701 932,701 932,702 933,702 933,714 944,714 944,715 946,715 946,716 947,716 947,717 948,717 948,718 949,718 949,720 950,720 950,727 949,727 949,729 948,729 948,730 947,730 947,731 946,731 946,732 945,732 945,733 944,733 944,734 940,734 940,735 937,735 937,728 893,728 893,727 741,727 741,728 719,728 719,730 718,730 718,736 717,736 717,738 716,738 716,739 713,739 713,738 712,738 712,729 664,729 664,728 658,728 658,727 654,727 654,726 653,726 653,725 652,725 652,723 651,723 651,721 650,721 650,713 651,713 651,710 652,710 652,709 653,709 653,707 654,707 654,706 656,706 656,705 657,705 657,704 658,704 658,703 660,703 660,702 662,702 662,682 664,682 664,681 738,681 738,680 783,680 783,679"/>
					<TextEquiv>
						<Unicode>ἐσβάλοιεν,</Unicode>
					</TextEquiv>
				</Word>
				<Word id="r77">
					<Coords points="1097,677 1097,678 1103,678 1103,679 1105,679 1105,680 1106,680 1106,681 1107,681 1107,682 1108,682 1108,683 1109,683 1109,684 1110,684 1110,685 1111,685 1111,686 1112,686 1112,687 1113,687 1113,689 1114,689 1114,699 1228,699 1228,700 1229,700 1229,701 1230,701 1230,702 1231,702 1230,702 1230,704 1229,704 1229,705 1228,705 1228,711 1227,711 1227,725 1226,725 1226,727 1121,727 1121,732 1120,732 1120,737 1119,737 1119,740 1118,740 1118,741 1022,741 1022,742 1020,742 1020,741 1018,741 1018,726 989,726 989,725 988,725 988,724 987,724 987,723 986,723 986,722 985,722 985,721 984,721 984,719 983,719 983,711 984,711 984,708 985,708 985,706 987,706 987,704 988,704 988,703 989,703 989,702 991,702 991,701 993,701 993,700 995,700 995,681 996,681 996,680 997,680 997,679 1076,679 1076,678 1078,678 1078,677"/>
					<TextEquiv>
						<Unicode>ἐφήδρευε</Unicode>
					</TextEquiv>
				</Word>
				<Word id="r78">
					<Coords points="1343,682 1343,683 1346,683 1346,684 1347,684 1347,685 1348,685 1348,686 1349,686 1349,700 1369,700 1369,701 1371,701 1371,702 1372,702 1372,703 1373,703 1373,704 1374,704 1374,705 1375,705 1375,707 1374,707 1374,708 1373,708 1373,709 1370,709 1370,726 1369,726 1369,728 1368,728 1368,729 1366,729 1366,730 1361,730 1361,729 1360,729 1360,727 1279,727 1279,726 1277,726 1277,709 1270,709 1270,708 1269,708 1269,707 1268,707 1268,703 1269,703 1269,702 1270,702 1270,701 1271,701 1271,700 1273,700 1273,699 1331,699 1331,687 1332,687 1332,686 1333,686 1333,684 1334,684 1334,683 1335,683 1335,682"/>
					<TextEquiv>
						<Unicode>τοῖς</Unicode>
					</TextEquiv>
				</Word>
				<Word id="r79">
					<Coords points="1595,675 1595,676 1596,676 1596,677 1597,677 1597,698 1639,698 1639,699 1640,699 1640,700 1666,700 1666,701 1667,701 1667,702 1668,702 1668,703 1669,703 1669,704 1670,704 1670,706 1671,706 1671,715 1680,715 1680,716 1683,716 1683,717 1685,717 1685,718 1686,718 1686,720 1687,720 1687,725 1686,725 1686,728 1685,728 1685,729 1684,729 1684,730 1683,730 1683,732 1682,732 1682,733 1680,733 1680,734 1677,734 1677,733 1675,733 1675,731 1658,731 1658,730 1656,730 1656,727 1512,727 1512,726 1427,726 1427,725 1419,725 1419,724 1418,724 1418,693 1402,693 1402,681 1401,681 1401,679 1402,679 1402,678 1403,678 1403,677 1405,677 1405,676 1406,676 1406,677 1409,677 1409,678 1410,678 1410,679 1411,679 1411,681 1443,681 1443,683 1444,683 1444,685 1474,685 1474,686 1477,686 1477,687 1479,687 1479,688 1481,688 1481,690 1482,690 1482,692 1584,692 1584,689 1585,689 1585,685 1586,685 1586,683 1587,683 1587,680 1588,680 1588,678 1589,678 1589,676 1591,676 1591,675"/>
					<TextEquiv>
						<Unicode>Ἀλπείοις,</Unicode>
					</TextEquiv>
				</Word>
				<TextEquiv>
					<Unicode>τὴν Ἰταλίαν ἐσβάλοιεν, ἐφήδρευε τοῖς Ἀλπείοις,</Unicode>
				</TextEquiv>
			</TextLine>
			<TextLine id="r9">
				<Coords points="990,756 990,757 991,757 991,758 1027,758 1027,759 1030,759 1030,760 1032,760 1032,761 1033,761 1033,762 1034,762 1034,763 1035,763 1035,764 1036,764 1036,777 1126,777 1126,778 1292,778 1292,777 1297,777 1297,776 1298,776 1298,777 1430,777 1430,768 1431,768 1431,767 1432,767 1432,764 1433,764 1433,762 1434,762 1434,760 1435,760 1435,758 1436,758 1436,757 1438,757 1438,756 1440,756 1440,757 1441,757 1441,776 1502,776 1502,777 1504,777 1504,778 1608,778 1608,777 1613,777 1613,776 1641,776 1641,757 1642,757 1642,756 1647,756 1647,757 1649,757 1649,759 1650,759 1650,761 1651,761 1651,777 1688,777 1688,778 1689,778 1689,779 1690,779 1690,782 1689,782 1689,783 1688,783 1688,799 1687,799 1687,800 1686,800 1686,801 1685,801 1685,802 1684,802 1684,803 1681,803 1681,804 1503,804 1503,806 1502,806 1502,809 1501,809 1501,813 1500,813 1500,816 1499,816 1499,817 1494,817 1494,805 1457,805 1457,804 1313,804 1313,805 1259,805 1259,804 1153,804 1153,806 1152,806 1152,807 1151,807 1151,808 1149,808 1149,809 1144,809 1144,805 1020,805 1020,806 1002,806 1002,808 1001,808 1001,813 1000,813 1000,815 999,815 999,817 996,817 996,816 995,816 995,806 853,806 853,809 852,809 852,812 851,812 851,817 850,817 850,818 847,818 847,817 846,817 846,816 845,816 845,807 757,807 757,806 653,806 653,807 646,807 646,806 643,806 643,805 538,805 538,806 537,806 537,807 469,807 469,806 359,806 359,807 358,807 358,811 357,811 357,815 356,815 356,817 355,817 355,820 354,820 354,821 283,821 283,822 281,822 281,823 280,823 280,824 279,824 279,825 276,825 276,824 275,824 275,786 274,786 274,783 275,783 275,782 276,782 276,781 278,781 278,780 284,780 284,765 285,765 285,763 286,763 286,762 287,762 287,760 288,760 288,759 291,759 291,758 298,758 298,759 299,759 299,760 300,760 300,761 301,761 301,762 302,762 302,763 303,763 303,779 410,779 410,770 411,770 411,768 412,768 412,766 413,766 413,764 414,764 414,762 415,762 415,761 416,761 416,760 418,760 418,759 420,759 420,760 421,760 421,765 431,765 431,766 434,766 434,767 435,767 435,768 437,768 437,769 438,769 438,770 439,770 439,771 440,771 440,772 441,772 441,774 442,774 442,775 443,775 443,777 444,777 444,779 576,779 576,770 577,770 577,768 578,768 578,766 579,766 579,764 580,764 580,761 581,761 581,760 582,760 582,758 584,758 584,757 585,757 585,758 587,758 587,759 656,759 656,760 658,760 658,762 659,762 659,764 660,764 660,778 843,778 843,762 844,762 844,761 845,761 845,760 846,760 846,758 850,758 850,757 852,757 852,758 986,758 986,757 987,757 987,756"/>
				<Word id="r80">
					<Coords points="298,758 298,759 299,759 299,760 300,760 300,761 301,761 301,762 302,762 302,763 303,763 303,767 302,767 302,786 301,786 301,791 300,791 300,796 299,796 299,799 298,799 298,802 297,802 297,805 296,805 296,806 295,806 295,810 294,810 294,813 293,813 293,815 292,815 292,817 291,817 291,818 283,818 283,822 281,822 281,823 280,823 280,824 279,824 279,825 276,825 276,824 275,824 275,786 274,786 274,783 275,783 275,782 276,782 276,781 278,781 278,780 284,780 284,765 285,765 285,763 286,763 286,762 287,762 287,760 288,760 288,759 291,759 291,758"/>
					<TextEquiv>
						<Unicode>ᾗ</Unicode>
					</TextEquiv>
				</Word>
				<Word id="r81">
					<Coords points="585,757 585,758 587,758 587,794 589,794 589,797 590,797 589,797 589,800 588,800 588,801 587,801 587,802 586,802 586,803 585,803 585,804 583,804 583,805 538,805 538,806 537,806 537,807 469,807 469,806 359,806 359,807 358,807 358,811 357,811 357,815 356,815 356,817 355,817 355,820 354,820 354,821 351,821 351,820 350,820 350,815 351,815 351,812 352,812 352,810 353,810 353,805 354,805 354,802 355,802 355,798 356,798 356,795 357,795 357,790 358,790 358,786 359,786 359,782 360,782 360,781 361,781 361,780 362,780 362,779 410,779 410,770 411,770 411,768 412,768 412,766 413,766 413,764 414,764 414,762 415,762 415,761 416,761 416,760 418,760 418,759 420,759 420,760 421,760 421,765 431,765 431,766 434,766 434,767 435,767 435,768 437,768 437,769 438,769 438,770 439,770 439,771 440,771 440,772 441,772 441,774 442,774 442,775 443,775 443,777 444,777 444,779 576,779 576,770 577,770 577,768 578,768 578,766 579,766 579,764 580,764 580,761 581,761 581,760 582,760 582,758 584,758 584,757"/>
					<TextEquiv>
						<Unicode>μάλιστά</Unicode>
					</TextEquiv>
				</Word>
				<Word id="r82">
					<Coords points="656,759 656,760 658,760 658,762 659,762 659,764 660,764 660,778 745,778 745,779 746,779 746,780 780,780 780,781 781,781 781,788 780,788 780,789 779,789 779,791 778,791 778,793 777,793 777,794 776,794 776,795 775,795 775,797 774,797 774,798 773,798 773,799 772,799 772,800 771,800 771,801 769,801 769,802 768,802 768,803 767,803 767,804 765,804 765,805 763,805 763,806 759,806 759,807 757,807 757,806 653,806 653,807 646,807 646,806 643,806 643,805 642,805 642,804 640,804 640,802 639,802 639,800 638,800 638,797 637,797 637,796 638,796 638,790 639,790 639,788 640,788 640,787 641,787 641,786 642,786 642,784 643,784 643,782 645,782 645,781 647,781 647,780 649,780 649,762 650,762 650,760 652,760 652,759"/>
					<TextEquiv>
						<Unicode>ἐστιν</Unicode>
					</TextEquiv>
				</Word>
				<Word id="r83">
					<Coords points="852,757 852,758 854,758 854,759 855,759 855,780 856,780 856,781 857,781 857,782 858,782 858,786 859,786 859,788 858,788 858,793 857,793 857,796 856,796 856,799 855,799 855,803 854,803 854,806 853,806 853,809 852,809 852,812 851,812 851,817 850,817 850,818 847,818 847,817 846,817 846,816 845,816 845,804 836,804 836,803 834,803 834,802 833,802 833,789 831,789 831,788 830,788 830,784 831,784 831,783 832,783 832,782 833,782 833,781 834,781 834,780 835,780 835,779 837,779 837,778 843,778 843,762 844,762 844,761 845,761 845,760 846,760 846,758 850,758 850,757"/>
					<TextEquiv>
						<Unicode>ἡ</Unicode>
					</TextEquiv>
				</Word>
				<Word id="r84">
					<Coords points="990,756 990,757 991,757 991,758 1027,758 1027,759 1030,759 1030,760 1032,760 1032,761 1033,761 1033,762 1034,762 1034,763 1035,763 1035,764 1036,764 1036,777 1126,777 1126,778 1151,778 1151,779 1154,779 1154,780 1156,780 1156,781 1157,781 1157,782 1158,782 1158,783 1159,783 1159,787 1157,787 1157,788 1154,788 1154,802 1153,802 1153,806 1152,806 1152,807 1151,807 1151,808 1149,808 1149,809 1144,809 1144,805 1020,805 1020,806 1002,806 1002,808 1001,808 1001,813 1000,813 1000,815 999,815 999,817 996,817 996,816 995,816 995,806 943,806 943,805 916,805 916,804 915,804 915,803 914,803 914,802 913,802 913,800 912,800 912,798 911,798 911,789 912,789 912,787 913,787 913,785 914,785 914,784 915,784 915,760 916,760 916,758 986,758 986,757 987,757 987,756"/>
					<TextEquiv>
						<Unicode>διάβασις</Unicode>
					</TextEquiv>
				</Word>
				<Word id="r85">
					<Coords points="1440,756 1440,757 1441,757 1441,776 1502,776 1502,777 1504,777 1504,778 1505,778 1505,779 1506,779 1506,780 1507,780 1507,782 1508,782 1508,794 1521,794 1521,795 1523,795 1523,796 1524,796 1524,800 1523,800 1523,802 1522,802 1522,803 1521,803 1521,804 1503,804 1503,806 1502,806 1502,809 1501,809 1501,813 1500,813 1500,816 1499,816 1499,817 1494,817 1494,805 1457,805 1457,804 1313,804 1313,805 1259,805 1259,804 1221,804 1221,803 1216,803 1216,802 1214,802 1214,801 1212,801 1212,799 1211,799 1211,797 1210,797 1210,793 1211,793 1211,788 1212,788 1212,786 1213,786 1213,785 1214,785 1214,784 1215,784 1215,783 1216,783 1216,782 1218,782 1218,781 1219,781 1219,780 1222,780 1222,779 1233,779 1233,778 1292,778 1292,777 1297,777 1297,776 1298,776 1298,777 1430,777 1430,768 1431,768 1431,767 1432,767 1432,764 1433,764 1433,762 1434,762 1434,760 1435,760 1435,758 1436,758 1436,757 1438,757 1438,756"/>
					<TextEquiv>
						<Unicode>στενωτάτη.</Unicode>
					</TextEquiv>
				</Word>
				<Word id="r86">
					<Coords points="1647,756 1647,757 1649,757 1649,759 1650,759 1650,761 1651,761 1651,777 1688,777 1688,778 1689,778 1689,779 1690,779 1690,782 1689,782 1689,783 1688,783 1688,799 1687,799 1687,800 1686,800 1686,801 1685,801 1685,802 1684,802 1684,803 1681,803 1681,804 1604,804 1604,803 1603,803 1603,801 1601,801 1601,799 1600,799 1600,798 1599,798 1599,789 1600,789 1600,786 1601,786 1601,784 1602,784 1602,782 1603,782 1603,781 1604,781 1604,780 1605,780 1605,779 1606,779 1606,778 1608,778 1608,777 1613,777 1613,776 1641,776 1641,757 1642,757 1642,756"/>
					<TextEquiv>
						<Unicode>οὐκ</Unicode>
					</TextEquiv>
				</Word>
				<TextEquiv>
					<Unicode>ᾗ μάλιστά ἐστιν ἡ διάβασις στενωτάτη. οὐκ</Unicode>
				</TextEquiv>
			</TextLine>
			<TextLine id="r10">
				<Coords points="1124,834 1124,835 1286,835 1286,836 1317,836 1317,837 1320,837 1320,838 1322,838 1322,839 1324,839 1324,840 1325,840 1325,841 1326,841 1326,843 1327,843 1327,848 1328,848 1328,854 1379,854 1379,855 1438,855 1438,856 1546,856 1546,836 1547,836 1547,835 1550,835 1550,834 1551,834 1551,835 1553,835 1553,836 1554,836 1554,837 1555,837 1555,838 1642,838 1642,839 1644,839 1644,840 1646,840 1646,842 1647,842 1647,855 1667,855 1667,856 1669,856 1669,857 1671,857 1671,858 1672,858 1672,859 1673,859 1673,861 1674,861 1674,873 1685,873 1685,874 1686,874 1686,876 1687,876 1687,882 1686,882 1686,884 1685,884 1685,886 1684,886 1684,887 1683,887 1683,888 1682,888 1682,889 1679,889 1679,890 1677,890 1677,889 1676,889 1676,887 1658,887 1658,883 1395,883 1395,884 1293,884 1293,886 1292,886 1292,891 1291,891 1291,893 1289,893 1289,894 1289,893 1288,893 1288,884 1159,884 1159,886 1157,886 1157,887 1151,887 1151,884 1057,884 1057,883 955,883 955,884 884,884 884,885 784,885 784,886 781,886 781,885 653,885 653,886 455,886 455,891 454,891 454,897 453,897 453,900 396,900 396,901 395,901 395,902 392,902 392,903 363,903 363,902 362,902 362,901 361,901 361,886 346,886 346,885 279,885 279,884 276,884 276,883 275,883 275,882 274,882 274,881 273,881 273,880 272,880 272,875 271,875 271,872 272,872 272,848 274,848 274,846 275,846 275,845 276,845 276,844 283,844 283,840 284,840 284,839 285,839 285,838 286,838 286,837 290,837 290,838 292,838 292,839 293,839 293,841 294,841 294,845 295,845 295,856 324,856 324,857 528,857 528,849 529,849 529,846 530,846 530,845 531,845 531,844 532,844 532,842 533,842 533,840 534,840 534,838 536,838 536,837 538,837 538,836 538,837 540,837 540,857 707,857 707,838 708,838 708,837 709,837 709,836 711,836 711,835 788,835 788,836 877,836 877,856 1062,856 1062,838 1063,838 1063,837 1064,837 1064,836 1121,836 1121,834"/>
				<Word id="r87">
					<Coords points="538,837 540,837 540,857 672,857 672,858 674,858 674,859 675,859 675,865 674,865 674,868 673,868 673,870 672,870 672,872 671,872 671,874 670,874 670,875 669,875 669,876 668,876 668,877 666,877 666,879 664,879 664,880 663,880 663,881 661,881 661,882 660,882 660,883 658,883 658,884 656,884 656,885 653,885 653,886 455,886 455,891 454,891 454,897 453,897 453,900 396,900 396,901 395,901 395,902 392,902 392,903 363,903 363,902 362,902 362,901 361,901 361,886 346,886 346,885 279,885 279,884 276,884 276,883 275,883 275,882 274,882 274,881 273,881 273,880 272,880 272,875 271,875 271,872 272,872 272,848 274,848 274,846 275,846 275,845 276,845 276,844 283,844 283,840 284,840 284,839 285,839 285,838 286,838 286,837 290,837 290,838 292,838 292,839 293,839 293,841 294,841 294,845 295,845 295,856 324,856 324,857 528,857 528,849 529,849 529,846 530,846 530,845 531,845 531,844 532,844 532,842 533,842 533,840 534,840 534,838 536,838 536,837 538,837 538,836"/>
					<TextEquiv>
						<Unicode>ἐπιχειρούντων</Unicode>
					</TextEquiv>
				</Word>
				<Word id="r88">
					<Coords points="737,835 737,836 739,836 739,837 740,837 740,838 741,838 741,840 742,840 742,846 741,846 741,847 740,847 740,849 739,849 739,850 738,850 738,851 736,851 736,852 728,852 728,873 727,873 727,876 726,876 726,877 725,877 725,879 724,879 724,880 723,880 723,882 722,882 722,883 720,883 720,884 717,884 717,885 713,885 713,884 708,884 708,883 707,883 707,882 705,882 705,881 704,881 704,879 703,879 703,877 702,877 702,868 703,868 703,866 704,866 704,865 705,865 705,863 706,863 706,862 707,862 707,838 708,838 708,837 709,837 709,836 711,836 711,835"/>
					<TextEquiv>
						<Unicode>δ᾽</Unicode>
					</TextEquiv>
				</Word>
				<Word id="r89">
					<Coords points="788,835 788,836 877,836 877,856 938,856 938,857 974,857 974,858 975,858 975,866 974,866 974,868 973,868 973,870 972,870 972,871 971,871 971,873 970,873 970,874 969,874 969,875 968,875 968,876 967,876 967,877 966,877 966,878 964,878 964,879 962,879 962,880 961,880 961,881 959,881 959,882 958,882 958,883 955,883 955,884 884,884 884,885 784,885 784,886 781,886 781,885 778,885 778,884 776,884 776,883 774,883 774,882 773,882 773,880 772,880 772,878 771,878 771,869 772,869 772,867 773,867 773,865 774,865 774,863 775,863 775,862 776,862 776,861 778,861 778,860 780,860 780,859 782,859 782,837 783,837 783,836 784,836 784,835"/>
					<TextEquiv>
						<Unicode>ἐκείνων</Unicode>
					</TextEquiv>
				</Word>
				<Word id="r90">
					<Coords points="1124,834 1124,835 1125,835 1125,836 1126,836 1126,837 1127,837 1127,839 1128,839 1128,841 1129,841 1129,843 1130,843 1130,845 1131,845 1131,856 1160,856 1160,857 1162,857 1162,858 1163,858 1163,859 1165,859 1165,861 1166,861 1166,864 1165,864 1165,865 1164,865 1164,866 1161,866 1161,883 1160,883 1160,884 1159,884 1159,886 1157,886 1157,887 1151,887 1151,884 1057,884 1057,883 1018,883 1018,882 1016,882 1016,880 1015,880 1015,879 1014,879 1014,872 1015,872 1015,868 1016,868 1016,867 1017,867 1017,865 1018,865 1018,863 1019,863 1019,862 1020,862 1020,861 1021,861 1021,860 1022,860 1022,859 1024,859 1024,858 1026,858 1026,857 1030,857 1030,856 1062,856 1062,838 1063,838 1063,837 1064,837 1064,836 1121,836 1121,834"/>
					<TextEquiv>
						<Unicode>αὐτὸς</Unicode>
					</TextEquiv>
				</Word>
				<Word id="r91">
					<Coords points="1286,835 1286,836 1317,836 1317,837 1320,837 1320,838 1322,838 1322,839 1324,839 1324,840 1325,840 1325,841 1326,841 1326,843 1327,843 1327,848 1328,848 1328,854 1379,854 1379,855 1438,855 1438,856 1468,856 1468,857 1469,857 1469,858 1470,858 1470,863 1469,863 1469,865 1468,865 1468,867 1467,867 1467,869 1466,869 1466,871 1465,871 1465,872 1464,872 1464,873 1463,873 1463,874 1462,874 1462,875 1461,875 1461,876 1460,876 1460,877 1459,877 1459,878 1458,878 1458,879 1455,879 1455,880 1454,880 1454,881 1452,881 1452,882 1449,882 1449,883 1395,883 1395,884 1293,884 1293,886 1292,886 1292,891 1291,891 1291,893 1289,893 1289,894 1289,893 1288,893 1288,884 1243,884 1243,883 1201,883 1201,882 1199,882 1199,881 1198,881 1198,879 1196,879 1196,878 1195,878 1195,876 1194,876 1194,867 1195,867 1195,865 1196,865 1196,864 1197,864 1197,863 1198,863 1198,861 1199,861 1199,860 1200,860 1200,859 1202,859 1202,858 1203,858 1203,857 1206,857 1206,856 1207,856 1207,838 1208,838 1208,837 1209,837 1209,836 1210,836 1210,835"/>
					<TextEquiv>
						<Unicode>ἐπέβαινεν</Unicode>
					</TextEquiv>
				</Word>
				<Word id="r92">
					<Coords points="1551,834 1551,835 1553,835 1553,836 1554,836 1554,837 1555,837 1555,838 1642,838 1642,839 1644,839 1644,840 1646,840 1646,842 1647,842 1647,855 1667,855 1667,856 1669,856 1669,857 1671,857 1671,858 1672,858 1672,859 1673,859 1673,861 1674,861 1674,873 1685,873 1685,874 1686,874 1686,876 1687,876 1687,882 1686,882 1686,884 1685,884 1685,886 1684,886 1684,887 1683,887 1683,888 1682,888 1682,889 1679,889 1679,890 1677,890 1677,889 1676,889 1676,887 1658,887 1658,883 1502,883 1502,882 1501,882 1501,881 1499,881 1499,880 1498,880 1498,878 1497,878 1497,870 1498,870 1498,869 1499,869 1499,866 1500,866 1500,864 1501,864 1501,863 1502,863 1502,861 1503,861 1503,860 1504,860 1504,859 1506,859 1506,858 1508,858 1508,857 1510,857 1510,856 1546,856 1546,836 1547,836 1547,835 1550,835 1550,834"/>
					<TextEquiv>
						<Unicode>αὐτοῖς,</Unicode>
					</TextEquiv>
				</Word>
				<TextEquiv>
					<Unicode>ἐπιχειρούντων δ᾽ ἐκείνων αὐτὸς ἐπέβαινεν αὐτοῖς,</Unicode>
				</TextEquiv>
			</TextLine>
			<TextLine id="r12">
				<Coords points="1614,910 1617,910 1617,911 1618,911 1618,912 1619,912 1619,933 1687,933 1687,934 1688,934 1688,935 1689,935 1689,943 1688,943 1688,945 1687,945 1687,947 1686,947 1686,949 1685,949 1685,950 1684,950 1684,951 1683,951 1683,953 1681,953 1681,954 1680,954 1680,955 1679,955 1679,956 1677,956 1677,957 1675,957 1675,958 1674,958 1674,959 1673,959 1673,960 1670,960 1670,961 1647,961 1647,962 1588,962 1588,963 1531,963 1531,965 1530,965 1530,970 1529,970 1529,974 1528,974 1528,975 1527,975 1527,976 1526,976 1526,977 1525,977 1525,976 1524,976 1524,975 1523,975 1523,961 1488,961 1488,960 1359,960 1359,963 1358,963 1358,965 1357,965 1357,966 1356,966 1356,967 1355,967 1355,968 1354,968 1354,969 1351,969 1351,970 1349,970 1349,969 1348,969 1348,968 1347,968 1347,962 1178,962 1178,963 1159,963 1159,969 1158,969 1158,971 1157,971 1157,973 1153,973 1153,972 1152,972 1152,963 1021,963 1021,964 1020,964 1020,965 1019,965 1019,966 1018,966 1018,967 1012,967 1012,963 861,963 861,966 860,966 860,976 859,976 859,977 858,977 858,978 856,978 856,977 855,977 855,976 854,976 854,963 682,963 682,964 681,964 681,965 680,965 680,966 679,966 679,967 676,967 676,968 672,968 672,964 559,964 559,965 557,965 557,964 428,964 428,971 427,971 427,974 426,974 426,976 425,976 425,977 424,977 424,978 423,978 423,977 421,977 421,965 340,965 340,964 278,964 278,963 275,963 275,962 274,962 274,961 273,961 273,958 272,958 272,951 273,951 273,948 274,948 274,946 275,946 275,945 276,945 276,944 277,944 277,942 279,942 279,941 280,941 280,940 281,940 281,939 282,939 282,938 284,938 284,937 315,937 315,916 316,916 316,915 318,915 318,914 318,915 322,915 322,916 412,916 412,917 413,917 413,936 435,936 435,937 553,937 553,936 651,936 651,918 652,918 652,917 653,917 653,916 767,916 767,917 807,917 807,918 808,918 808,928 866,928 866,935 983,935 983,915 984,915 984,913 987,913 987,914 988,914 988,915 989,915 989,917 990,917 990,920 991,920 991,923 992,923 992,926 993,926 993,935 1101,935 1101,917 1102,917 1102,916 1103,916 1103,915 1105,915 1105,914 1108,914 1108,915 1186,915 1186,916 1188,916 1188,917 1189,917 1189,918 1191,918 1191,920 1192,920 1192,921 1300,921 1300,920 1301,920 1301,919 1302,919 1302,918 1304,918 1304,917 1312,917 1312,918 1314,918 1314,920 1315,920 1315,935 1421,935 1421,919 1422,919 1422,915 1423,915 1423,914 1424,914 1424,913 1425,913 1425,912 1426,912 1426,911 1431,911 1431,912 1432,912 1432,913 1433,913 1433,915 1470,915 1470,916 1473,916 1473,917 1474,917 1474,918 1475,918 1475,919 1476,919 1476,920 1477,920 1477,922 1478,922 1478,923 1479,923 1479,934 1606,934 1606,926 1607,926 1607,925 1608,925 1608,921 1609,921 1609,918 1610,918 1610,915 1611,915 1611,912 1612,912 1612,911 1614,911"/>
				<Word id="r93">
					<Coords points="318,915 322,915 322,916 412,916 412,917 413,917 413,936 435,936 435,937 553,937 553,936 561,936 561,937 563,937 563,938 565,938 565,941 566,941 566,942 565,942 565,944 563,944 563,962 562,962 562,963 561,963 561,964 559,964 559,965 557,965 557,964 428,964 428,971 427,971 427,974 426,974 426,976 425,976 425,977 424,977 424,978 423,978 423,977 421,977 421,965 340,965 340,964 278,964 278,963 275,963 275,962 274,962 274,961 273,961 273,958 272,958 272,951 273,951 273,948 274,948 274,946 275,946 275,945 276,945 276,944 277,944 277,942 279,942 279,941 280,941 280,940 281,940 281,939 282,939 282,938 284,938 284,937 315,937 315,916 316,916 316,915 318,915 318,914"/>
					<TextEquiv>
						<Unicode>αἰτιώμενος</Unicode>
					</TextEquiv>
				</Word>
				<Word id="r94">
					<Coords points="659,916 659,917 660,917 660,918 661,918 661,921 662,921 662,922 663,922 663,936 681,936 681,937 683,937 683,938 684,938 684,939 685,939 685,940 686,940 686,941 687,941 687,945 686,945 686,946 683,946 683,961 682,961 682,964 681,964 681,965 680,965 680,966 679,966 679,967 676,967 676,968 672,968 672,964 648,964 648,963 645,963 645,962 643,962 643,961 642,961 642,960 641,960 641,958 640,958 640,956 639,956 639,949 640,949 640,947 641,947 641,946 642,946 642,944 643,944 643,943 644,943 644,942 645,942 645,941 646,941 646,940 647,940 647,939 649,939 649,938 651,938 651,918 652,918 652,917 653,917 653,916"/>
					<TextEquiv>
						<Unicode>ἐς</Unicode>
					</TextEquiv>
				</Word>
				<Word id="r95">
					<Coords points="984,913 987,913 987,914 988,914 988,915 989,915 989,917 990,917 990,920 991,920 991,923 992,923 992,926 993,926 993,935 1019,935 1019,936 1022,936 1022,937 1024,937 1024,938 1025,938 1025,939 1026,939 1026,940 1027,940 1027,941 1028,941 1028,944 1027,944 1027,945 1026,945 1026,946 1023,946 1023,962 1022,962 1022,963 1021,963 1021,964 1020,964 1020,965 1019,965 1019,966 1018,966 1018,967 1012,967 1012,963 861,963 861,966 860,966 860,976 859,976 859,977 858,977 858,978 856,978 856,977 855,977 855,976 854,976 854,963 763,963 763,962 760,962 760,919 758,919 758,918 759,918 759,917 760,917 760,916 767,916 767,917 807,917 807,918 808,918 808,920 806,920 806,921 804,921 804,922 803,922 803,924 802,924 802,928 866,928 866,935 983,935 983,915 984,915"/>
					<TextEquiv>
						<Unicode>Νωρικοὺς</Unicode>
					</TextEquiv>
				</Word>
				<Word id="r97">
					<Coords points="1108,914 1108,915 1186,915 1186,916 1188,916 1188,917 1189,917 1189,918 1191,918 1191,920 1192,920 1192,921 1300,921 1300,920 1301,920 1301,919 1302,919 1302,918 1304,918 1304,917 1312,917 1312,918 1314,918 1314,920 1315,920 1315,935 1343,935 1343,936 1344,936 1344,939 1345,939 1345,952 1356,952 1356,953 1358,953 1358,954 1359,954 1359,956 1360,956 1360,957 1359,957 1359,963 1358,963 1358,965 1357,965 1357,966 1356,966 1356,967 1355,967 1355,968 1354,968 1354,969 1351,969 1351,970 1349,970 1349,969 1348,969 1348,968 1347,968 1347,962 1178,962 1178,963 1159,963 1159,969 1158,969 1158,971 1157,971 1157,973 1153,973 1153,972 1152,972 1152,963 1100,963 1100,962 1096,962 1096,961 1094,961 1094,959 1092,959 1092,958 1091,958 1091,956 1090,956 1090,952 1089,952 1090,952 1090,946 1091,946 1091,944 1092,944 1092,942 1093,942 1093,941 1094,941 1094,939 1096,939 1096,938 1097,938 1097,937 1099,937 1099,936 1101,936 1101,917 1102,917 1102,916 1103,916 1103,915 1105,915 1105,914"/>
					<TextEquiv>
						<Unicode>ἐσβαλεῖν,</Unicode>
					</TextEquiv>
				</Word>
				<Word id="r98">
					<Coords points="1617,910 1617,911 1618,911 1618,912 1619,912 1619,933 1687,933 1687,934 1688,934 1688,935 1689,935 1689,943 1688,943 1688,945 1687,945 1687,947 1686,947 1686,949 1685,949 1685,950 1684,950 1684,951 1683,951 1683,953 1681,953 1681,954 1680,954 1680,955 1679,955 1679,956 1677,956 1677,957 1675,957 1675,958 1674,958 1674,959 1673,959 1673,960 1670,960 1670,961 1647,961 1647,962 1588,962 1588,963 1531,963 1531,965 1530,965 1530,970 1529,970 1529,974 1528,974 1528,975 1527,975 1527,976 1526,976 1526,977 1525,977 1525,976 1524,976 1524,975 1523,975 1523,961 1488,961 1488,960 1440,960 1440,929 1426,929 1426,928 1425,928 1425,927 1424,927 1424,925 1423,925 1423,924 1422,924 1422,919 1421,919 1422,919 1422,915 1423,915 1423,914 1424,914 1424,913 1425,913 1425,912 1426,912 1426,911 1431,911 1431,912 1432,912 1432,913 1433,913 1433,915 1470,915 1470,916 1473,916 1473,917 1474,917 1474,918 1475,918 1475,919 1476,919 1476,920 1477,920 1477,922 1478,922 1478,923 1479,923 1479,934 1606,934 1606,926 1607,926 1607,925 1608,925 1608,921 1609,921 1609,918 1610,918 1610,915 1611,915 1611,912 1612,912 1612,911 1614,911 1614,910"/>
					<TextEquiv>
						<Unicode>Ῥωμαίων</Unicode>
					</TextEquiv>
				</Word>
				<TextEquiv>
					<Unicode>αἰτιώμενος ἐς Νωρικοὺς ἐσβαλεῖν, Ῥωμαίων</Unicode>
				</TextEquiv>
			</TextLine>
			<TextLine id="r13">
				<Coords points="1217,993 1217,994 1218,994 1218,997 1252,997 1252,998 1255,998 1255,999 1257,999 1257,1000 1259,1000 1259,1001 1260,1001 1260,1002 1261,1002 1261,1004 1262,1004 1262,1007 1263,1007 1263,1016 1385,1016 1385,1006 1386,1006 1386,1003 1387,1003 1387,1002 1388,1002 1388,1001 1389,1001 1389,1000 1390,1000 1390,999 1392,999 1392,998 1396,998 1396,999 1399,999 1399,1000 1401,1000 1401,1001 1402,1001 1402,1002 1403,1002 1403,1016 1507,1016 1507,1014 1508,1014 1508,1002 1509,1002 1509,1000 1510,1000 1510,998 1512,998 1512,997 1551,997 1551,996 1552,996 1552,995 1554,995 1554,994 1555,994 1555,995 1557,995 1557,1016 1665,1016 1665,1017 1669,1017 1669,1018 1670,1018 1670,1019 1671,1019 1671,1020 1672,1020 1672,1022 1673,1022 1673,1034 1686,1034 1686,1035 1687,1035 1687,1037 1688,1037 1688,1040 1689,1040 1689,1043 1688,1043 1688,1045 1687,1045 1687,1046 1686,1046 1686,1048 1685,1048 1685,1049 1684,1049 1684,1050 1681,1050 1681,1051 1677,1051 1677,1048 1659,1048 1659,1044 1523,1044 1523,1048 1522,1048 1522,1052 1521,1052 1521,1054 1520,1054 1520,1055 1519,1055 1519,1056 1517,1056 1517,1057 1512,1057 1512,1058 1511,1058 1511,1057 1508,1057 1508,1056 1507,1056 1507,1055 1506,1055 1506,1045 1505,1045 1505,1044 1315,1044 1315,1048 1314,1048 1314,1053 1313,1053 1313,1055 1312,1055 1312,1056 1311,1056 1311,1057 1309,1057 1309,1056 1308,1056 1308,1043 1149,1043 1149,1044 928,1044 928,1045 752,1045 752,1046 638,1046 638,1047 637,1047 637,1048 636,1048 636,1049 634,1049 634,1050 630,1050 630,1047 437,1047 437,1048 436,1048 436,1049 431,1049 431,1050 430,1050 430,1047 293,1047 293,1053 292,1053 292,1055 291,1055 291,1056 290,1056 290,1057 289,1057 289,1058 287,1058 287,1059 278,1059 278,1058 277,1058 277,1056 276,1056 276,1046 275,1046 275,1045 274,1045 274,1043 273,1043 273,1035 274,1035 274,1033 275,1033 275,1032 276,1032 276,1031 277,1031 277,1018 278,1018 278,1004 279,1004 279,1003 280,1003 280,1001 281,1001 281,1000 283,1000 283,999 285,999 285,998 321,998 321,996 326,996 326,997 327,997 327,1018 501,1018 501,1002 502,1002 502,1001 503,1001 503,1000 516,1000 516,998 518,998 518,997 519,997 519,998 520,998 520,999 521,999 521,1019 653,1019 653,1018 655,1018 655,1017 715,1017 715,999 716,999 716,998 717,998 717,997 719,997 719,996 720,996 720,997 722,997 722,998 724,998 724,1000 725,1000 725,1002 726,1002 726,1018 859,1018 859,1007 860,1007 860,1005 861,1005 861,1002 862,1002 862,1001 864,1001 864,1000 873,1000 873,1001 875,1001 875,1002 876,1002 876,1003 877,1003 877,1005 878,1005 878,1018 1027,1018 1027,999 1028,999 1028,998 1029,998 1029,996 1032,996 1032,995 1153,995 1153,994 1211,994 1211,993"/>
				<Word id="r99">
					<Coords points="326,996 326,997 327,997 327,1018 439,1018 439,1019 441,1019 441,1020 443,1020 443,1021 444,1021 444,1022 445,1022 445,1024 446,1024 446,1026 445,1026 445,1027 444,1027 444,1028 440,1028 440,1045 439,1045 439,1046 438,1046 438,1047 437,1047 437,1048 436,1048 436,1049 431,1049 431,1050 430,1050 430,1047 293,1047 293,1053 292,1053 292,1055 291,1055 291,1056 290,1056 290,1057 289,1057 289,1058 287,1058 287,1059 278,1059 278,1058 277,1058 277,1056 276,1056 276,1046 275,1046 275,1045 274,1045 274,1043 273,1043 273,1035 274,1035 274,1033 275,1033 275,1032 276,1032 276,1031 277,1031 277,1018 278,1018 278,1004 279,1004 279,1003 280,1003 280,1001 281,1001 281,1000 283,1000 283,999 285,999 285,998 321,998 321,996"/>
					<TextEquiv>
						<Unicode>ξένους</Unicode>
					</TextEquiv>
				</Word>
				<Word id="r100">
					<Coords points="518,997 519,997 519,998 520,998 520,999 521,999 521,1019 653,1019 653,1018 655,1018 655,1017 658,1017 658,1018 660,1018 660,1020 661,1020 661,1023 662,1023 662,1024 661,1024 661,1025 660,1025 660,1026 659,1026 659,1027 643,1027 643,1028 642,1028 642,1029 639,1029 639,1046 638,1046 638,1047 637,1047 637,1048 636,1048 636,1049 634,1049 634,1050 630,1050 630,1047 525,1047 525,1046 504,1046 504,1045 499,1045 499,1044 498,1044 498,1043 497,1043 497,1042 496,1042 496,1041 495,1041 495,1039 494,1039 494,1037 493,1037 493,1032 494,1032 494,1029 495,1029 495,1027 496,1027 496,1025 497,1025 497,1024 498,1024 498,1022 500,1022 500,1021 501,1021 501,1002 502,1002 502,1001 503,1001 503,1000 516,1000 516,998 518,998"/>
					<TextEquiv>
						<Unicode>ὄντας·</Unicode>
					</TextEquiv>
				</Word>
				<Word id="r102">
					<Coords points="720,996 720,997 722,997 722,998 724,998 724,1000 725,1000 725,1002 726,1002 726,1018 859,1018 859,1007 860,1007 860,1005 861,1005 861,1002 862,1002 862,1001 864,1001 864,1000 873,1000 873,1001 875,1001 875,1002 876,1002 876,1003 877,1003 877,1005 878,1005 878,1018 965,1018 965,1019 967,1019 967,1020 969,1020 969,1022 970,1022 970,1023 971,1023 971,1033 970,1033 970,1035 969,1035 969,1038 968,1038 968,1039 967,1039 967,1040 966,1040 966,1041 965,1041 965,1042 963,1042 963,1043 961,1043 961,1044 928,1044 928,1045 752,1045 752,1046 734,1046 734,1045 712,1045 712,1044 709,1044 709,1043 708,1043 708,1042 707,1042 707,1041 706,1041 706,1040 705,1040 705,1038 704,1038 704,1036 703,1036 703,1029 704,1029 704,1027 705,1027 705,1025 706,1025 706,1024 707,1024 707,1022 709,1022 709,1021 710,1021 710,1020 712,1020 712,1019 714,1019 714,1018 715,1018 715,999 716,999 716,998 717,998 717,997 719,997 719,996"/>
					<TextEquiv>
						<Unicode>ἐποιοῦντο</Unicode>
					</TextEquiv>
				</Word>
				<Word id="r103">
					<Coords points="1058,995 1058,996 1060,996 1060,997 1061,997 1061,998 1062,998 1062,1001 1063,1001 1063,1003 1062,1003 1062,1007 1061,1007 1061,1009 1060,1009 1060,1010 1058,1010 1058,1011 1048,1011 1048,1032 1047,1032 1047,1036 1046,1036 1046,1037 1045,1037 1045,1038 1044,1038 1044,1039 1043,1039 1043,1041 1042,1041 1042,1042 1040,1042 1040,1043 1039,1043 1039,1044 1032,1044 1032,1043 1028,1043 1028,1042 1027,1042 1027,1041 1026,1041 1026,1040 1025,1040 1025,1039 1024,1039 1024,1037 1023,1037 1023,1028 1024,1028 1024,1026 1025,1026 1025,1024 1026,1024 1026,1023 1027,1023 1027,999 1028,999 1028,998 1029,998 1029,996 1032,996 1032,995"/>
					<TextEquiv>
						<Unicode>δ᾽</Unicode>
					</TextEquiv>
				</Word>
				<Word id="r104">
					<Coords points="1156,994 1156,995 1158,995 1158,996 1159,996 1159,999 1157,999 1157,1035 1156,1035 1156,1036 1155,1036 1155,1038 1154,1038 1154,1039 1153,1039 1153,1041 1152,1041 1152,1042 1151,1042 1151,1043 1149,1043 1149,1044 1123,1044 1123,1043 1120,1043 1120,1042 1118,1042 1118,1041 1117,1041 1117,1040 1116,1040 1116,1037 1115,1037 1115,1035 1114,1035 1114,1032 1115,1032 1115,1027 1116,1027 1116,1024 1117,1024 1117,1023 1118,1023 1118,1022 1119,1022 1119,1021 1120,1021 1120,1020 1121,1020 1121,1019 1123,1019 1123,1018 1125,1018 1125,1017 1148,1017 1148,999 1149,999 1149,998 1150,998 1150,996 1152,996 1152,995 1153,995 1153,994"/>
					<TextEquiv>
						<Unicode>οἱ</Unicode>
					</TextEquiv>
				</Word>
				<Word id="r105">
					<Coords points="1217,993 1217,994 1218,994 1218,997 1252,997 1252,998 1255,998 1255,999 1257,999 1257,1000 1259,1000 1259,1001 1260,1001 1260,1002 1261,1002 1261,1004 1262,1004 1262,1007 1263,1007 1263,1016 1385,1016 1385,1006 1386,1006 1386,1003 1387,1003 1387,1002 1388,1002 1388,1001 1389,1001 1389,1000 1390,1000 1390,999 1392,999 1392,998 1396,998 1396,999 1399,999 1399,1000 1401,1000 1401,1001 1402,1001 1402,1002 1403,1002 1403,1016 1447,1016 1447,1032 1452,1032 1452,1035 1451,1035 1451,1037 1450,1037 1450,1038 1449,1038 1449,1040 1448,1040 1448,1041 1447,1041 1447,1042 1445,1042 1445,1043 1420,1043 1420,1044 1315,1044 1315,1048 1314,1048 1314,1053 1313,1053 1313,1055 1312,1055 1312,1056 1311,1056 1311,1057 1309,1057 1309,1056 1308,1056 1308,1043 1225,1043 1225,1042 1224,1042 1224,1009 1211,1009 1211,1008 1210,1008 1210,1007 1209,1007 1209,1006 1208,1006 1208,1005 1207,1005 1207,998 1208,998 1208,996 1209,996 1209,995 1210,995 1210,994 1211,994 1211,993"/>
					<TextEquiv>
						<Unicode>Ῥωμαῖοι</Unicode>
					</TextEquiv>
				</Word>
				<Word id="r106">
					<Coords points="1555,994 1555,995 1557,995 1557,1016 1665,1016 1665,1017 1669,1017 1669,1018 1670,1018 1670,1019 1671,1019 1671,1020 1672,1020 1672,1022 1673,1022 1673,1034 1686,1034 1686,1035 1687,1035 1687,1037 1688,1037 1688,1040 1689,1040 1689,1043 1688,1043 1688,1045 1687,1045 1687,1046 1686,1046 1686,1048 1685,1048 1685,1049 1684,1049 1684,1050 1681,1050 1681,1051 1677,1051 1677,1048 1659,1048 1659,1044 1523,1044 1523,1048 1522,1048 1522,1052 1521,1052 1521,1054 1520,1054 1520,1055 1519,1055 1519,1056 1517,1056 1517,1057 1512,1057 1512,1058 1511,1058 1511,1057 1508,1057 1508,1056 1507,1056 1507,1055 1506,1055 1506,1045 1505,1045 1505,1044 1504,1044 1504,1043 1503,1043 1503,1041 1502,1041 1502,1034 1503,1034 1503,1033 1504,1033 1504,1031 1505,1031 1505,1030 1506,1030 1506,1018 1507,1018 1507,1014 1508,1014 1508,1002 1509,1002 1509,1000 1510,1000 1510,998 1512,998 1512,997 1551,997 1551,996 1552,996 1552,995 1554,995 1554,994"/>
					<TextEquiv>
						<Unicode>ξένους,</Unicode>
					</TextEquiv>
				</Word>
				<TextEquiv>
					<Unicode>ξένους ὄντας· ἐποιοῦντο δ᾽ οἱ Ῥωμαῖοι ξένους,</Unicode>
				</TextEquiv>
			</TextLine>
			<TextLine id="r14">
				<Coords points="442,1073 442,1074 460,1074 460,1075 463,1075 463,1076 465,1076 465,1077 466,1077 466,1078 468,1078 468,1079 469,1079 469,1080 470,1080 470,1081 471,1081 471,1083 472,1083 472,1084 473,1084 473,1086 474,1086 474,1097 606,1097 606,1096 680,1096 680,1075 681,1075 681,1074 790,1074 790,1075 792,1075 792,1076 793,1076 793,1077 794,1077 794,1078 795,1078 795,1096 932,1096 932,1091 933,1091 933,1082 934,1082 934,1080 936,1080 936,1079 965,1079 965,1077 966,1077 966,1075 967,1075 967,1074 968,1074 968,1073 973,1073 973,1075 974,1075 974,1082 980,1082 980,1083 983,1083 983,1084 985,1084 985,1085 987,1085 987,1086 988,1086 988,1087 989,1087 989,1088 990,1088 990,1089 991,1089 991,1091 992,1091 992,1093 993,1093 993,1095 1148,1095 1148,1076 1149,1076 1149,1075 1150,1075 1150,1074 1230,1074 1230,1075 1231,1075 1231,1094 1368,1094 1368,1078 1369,1078 1369,1076 1370,1076 1370,1075 1371,1075 1371,1074 1373,1074 1373,1073 1377,1073 1377,1074 1479,1074 1479,1075 1580,1075 1580,1076 1581,1076 1581,1077 1648,1077 1648,1078 1651,1078 1651,1079 1653,1079 1653,1080 1654,1080 1654,1082 1655,1082 1655,1095 1689,1095 1689,1096 1690,1096 1690,1098 1691,1098 1691,1100 1690,1100 1690,1103 1689,1103 1689,1106 1688,1106 1688,1108 1687,1108 1687,1110 1686,1110 1686,1111 1685,1111 1685,1112 1684,1112 1684,1113 1683,1113 1683,1114 1682,1114 1682,1115 1681,1115 1681,1116 1680,1116 1680,1117 1679,1117 1679,1118 1678,1118 1678,1119 1676,1119 1676,1120 1674,1120 1674,1121 1670,1121 1670,1122 1653,1122 1653,1126 1652,1126 1652,1131 1651,1131 1651,1133 1650,1133 1650,1135 1648,1135 1648,1134 1647,1134 1647,1133 1646,1133 1646,1123 1471,1123 1471,1122 1330,1122 1330,1126 1329,1126 1329,1128 1328,1128 1328,1130 1327,1130 1327,1133 1326,1133 1326,1134 1325,1134 1325,1135 1253,1135 1253,1136 1248,1136 1248,1124 1101,1124 1101,1125 1100,1125 1100,1127 1099,1127 1099,1128 1098,1128 1098,1129 1095,1129 1095,1130 1092,1130 1092,1129 1091,1129 1091,1127 1072,1127 1072,1123 965,1123 965,1124 931,1124 931,1125 930,1125 930,1127 929,1127 929,1133 928,1133 928,1137 927,1137 927,1138 926,1138 926,1139 924,1139 924,1123 802,1123 802,1124 642,1124 642,1126 641,1126 641,1132 640,1132 640,1135 639,1135 639,1138 638,1138 638,1139 635,1139 635,1138 634,1138 634,1125 586,1125 586,1124 433,1124 433,1125 339,1125 339,1126 338,1126 338,1127 335,1127 335,1128 333,1128 333,1129 330,1129 330,1128 329,1128 329,1124 307,1124 307,1123 277,1123 277,1122 276,1122 276,1121 274,1121 274,1119 273,1119 273,1117 272,1117 272,1108 273,1108 273,1106 274,1106 274,1104 275,1104 275,1102 276,1102 276,1101 277,1101 277,1100 278,1100 278,1099 280,1099 280,1098 282,1098 282,1097 302,1097 302,1082 303,1082 303,1080 304,1080 304,1078 305,1078 305,1077 306,1077 306,1076 308,1076 308,1075 439,1075 439,1074 440,1074 440,1073"/>
				<Word id="r107">
					<Coords points="315,1075 315,1076 317,1076 317,1078 319,1078 319,1080 320,1080 320,1082 321,1082 321,1096 336,1096 336,1097 339,1097 339,1098 341,1098 341,1099 342,1099 342,1100 343,1100 343,1101 344,1101 344,1102 345,1102 345,1105 344,1105 344,1106 343,1106 343,1107 340,1107 340,1124 339,1124 339,1126 338,1126 338,1127 335,1127 335,1128 333,1128 333,1129 330,1129 330,1128 329,1128 329,1124 307,1124 307,1123 277,1123 277,1122 276,1122 276,1121 274,1121 274,1119 273,1119 273,1117 272,1117 272,1108 273,1108 273,1106 274,1106 274,1104 275,1104 275,1102 276,1102 276,1101 277,1101 277,1100 278,1100 278,1099 280,1099 280,1098 282,1098 282,1097 302,1097 302,1082 303,1082 303,1080 304,1080 304,1078 305,1078 305,1077 306,1077 306,1076 308,1076 308,1075"/>
					<TextEquiv>
						<Unicode>οἷς</Unicode>
					</TextEquiv>
				</Word>
				<Word id="r108">
					<Coords points="442,1073 442,1074 460,1074 460,1075 463,1075 463,1076 465,1076 465,1077 466,1077 466,1078 468,1078 468,1079 469,1079 469,1080 470,1080 470,1081 471,1081 471,1083 472,1083 472,1084 473,1084 473,1086 474,1086 474,1097 606,1097 606,1096 606,1097 607,1097 607,1098 608,1098 608,1099 609,1099 609,1103 608,1103 608,1105 607,1105 607,1107 606,1107 606,1108 605,1108 605,1109 604,1109 604,1111 603,1111 603,1113 602,1113 602,1115 601,1115 601,1116 599,1116 599,1118 597,1118 597,1119 596,1119 596,1120 594,1120 594,1121 592,1121 592,1122 590,1122 590,1123 589,1123 589,1124 586,1124 586,1125 586,1124 433,1124 433,1125 431,1125 431,1124 383,1124 383,1123 379,1123 379,1122 376,1122 376,1121 375,1121 375,1120 374,1120 374,1119 373,1119 373,1117 372,1117 372,1116 371,1116 371,1107 372,1107 372,1105 373,1105 373,1103 374,1103 374,1101 376,1101 376,1100 377,1100 377,1099 378,1099 378,1098 379,1098 379,1097 382,1097 382,1096 383,1096 383,1076 385,1076 385,1075 439,1075 439,1074 440,1074 440,1073"/>
					<TextEquiv>
						<Unicode>ἐδίδοσαν</Unicode>
					</TextEquiv>
				</Word>
				<Word id="r109">
					<Coords points="684,1074 684,1075 685,1075 685,1076 686,1076 686,1078 687,1078 687,1081 688,1081 688,1083 689,1083 689,1086 690,1086 690,1088 691,1088 691,1091 692,1091 692,1096 722,1096 722,1097 723,1097 723,1098 724,1098 724,1100 725,1100 725,1103 724,1103 724,1106 723,1106 723,1108 722,1108 722,1109 721,1109 721,1111 720,1111 720,1112 719,1112 719,1113 718,1113 718,1114 717,1114 717,1115 716,1115 716,1117 715,1117 715,1118 713,1118 713,1119 712,1119 712,1120 711,1120 711,1121 709,1121 709,1122 706,1122 706,1123 704,1123 704,1124 642,1124 642,1126 641,1126 641,1132 640,1132 640,1135 639,1135 639,1138 638,1138 638,1139 635,1139 635,1138 634,1138 634,1134 635,1134 635,1131 636,1131 636,1126 637,1126 637,1122 638,1122 638,1118 639,1118 639,1116 640,1116 640,1113 641,1113 641,1109 642,1109 642,1105 643,1105 643,1100 644,1100 644,1099 645,1099 645,1098 646,1098 646,1097 680,1097 680,1075 681,1075 681,1074"/>
					<TextEquiv>
						<Unicode>μὲν</Unicode>
					</TextEquiv>
				</Word>
				<Word id="r110">
					<Coords points="790,1074 790,1075 792,1075 792,1076 793,1076 793,1077 794,1077 794,1078 795,1078 795,1096 876,1096 876,1111 879,1111 879,1115 878,1115 878,1117 877,1117 877,1119 876,1119 876,1121 874,1121 874,1122 873,1122 873,1123 802,1123 802,1124 783,1124 783,1123 759,1123 759,1122 758,1122 758,1121 757,1121 757,1120 755,1120 755,1119 754,1119 754,1118 753,1118 753,1114 752,1114 752,1108 753,1108 753,1106 754,1106 754,1104 755,1104 755,1102 756,1102 756,1101 757,1101 757,1100 758,1100 758,1099 760,1099 760,1098 762,1098 762,1097 765,1097 765,1096 776,1096 776,1082 777,1082 777,1079 778,1079 778,1078 779,1078 779,1076 781,1076 781,1075 782,1075 782,1074"/>
					<TextEquiv>
						<Unicode>εἶναι</Unicode>
					</TextEquiv>
				</Word>
				<Word id="r111">
					<Coords points="973,1073 973,1075 974,1075 974,1082 980,1082 980,1083 983,1083 983,1084 985,1084 985,1085 987,1085 987,1086 988,1086 988,1087 989,1087 989,1088 990,1088 990,1089 991,1089 991,1091 992,1091 992,1093 993,1093 993,1095 1055,1095 1055,1096 1079,1096 1079,1097 1082,1097 1082,1098 1084,1098 1084,1099 1085,1099 1085,1100 1086,1100 1086,1101 1087,1101 1087,1113 1099,1113 1099,1114 1101,1114 1101,1116 1102,1116 1102,1120 1103,1120 1103,1121 1102,1121 1102,1123 1101,1123 1101,1125 1100,1125 1100,1127 1099,1127 1099,1128 1098,1128 1098,1129 1095,1129 1095,1130 1092,1130 1092,1129 1091,1129 1091,1127 1072,1127 1072,1123 965,1123 965,1124 931,1124 931,1125 930,1125 930,1127 929,1127 929,1133 928,1133 928,1137 927,1137 927,1138 926,1138 926,1139 924,1139 924,1122 921,1122 921,1121 919,1121 919,1120 918,1120 918,1119 917,1119 917,1118 916,1118 916,1117 915,1117 915,1115 914,1115 914,1105 915,1105 915,1103 916,1103 916,1101 917,1101 917,1100 918,1100 918,1099 920,1099 920,1098 922,1098 922,1097 925,1097 925,1096 932,1096 932,1091 933,1091 933,1082 934,1082 934,1080 936,1080 936,1079 965,1079 965,1077 966,1077 966,1075 967,1075 967,1074 968,1074 968,1073"/>
					<TextEquiv>
						<Unicode>φίλοις,</Unicode>
					</TextEquiv>
				</Word>
				<Word id="r112">
					<Coords points="1230,1074 1230,1075 1231,1075 1231,1094 1330,1094 1330,1095 1332,1095 1332,1096 1333,1096 1333,1098 1334,1098 1334,1100 1335,1100 1335,1106 1334,1106 1334,1109 1333,1109 1333,1115 1332,1115 1332,1117 1331,1117 1331,1122 1330,1122 1330,1126 1329,1126 1329,1128 1328,1128 1328,1130 1327,1130 1327,1133 1326,1133 1326,1134 1325,1134 1325,1135 1253,1135 1253,1136 1248,1136 1248,1124 1172,1124 1172,1122 1138,1122 1138,1121 1136,1121 1136,1120 1135,1120 1135,1119 1134,1119 1134,1117 1133,1117 1133,1110 1134,1110 1134,1107 1135,1107 1135,1106 1136,1106 1136,1104 1137,1104 1137,1103 1138,1103 1138,1102 1140,1102 1140,1100 1141,1100 1141,1099 1142,1099 1142,1098 1143,1098 1143,1097 1146,1097 1146,1096 1148,1096 1148,1076 1149,1076 1149,1075 1150,1075 1150,1074"/>
					<TextEquiv>
						<Unicode>ἀνάγκη</Unicode>
					</TextEquiv>
				</Word>
				<Word id="r113">
					<Coords points="1377,1073 1377,1074 1400,1074 1400,1075 1401,1075 1401,1076 1402,1076 1402,1077 1403,1077 1403,1085 1402,1085 1402,1087 1401,1087 1401,1088 1400,1088 1400,1089 1398,1089 1398,1090 1388,1090 1388,1113 1387,1113 1387,1115 1386,1115 1386,1117 1385,1117 1385,1118 1384,1118 1384,1119 1383,1119 1383,1120 1381,1120 1381,1121 1377,1121 1377,1122 1371,1122 1371,1121 1369,1121 1369,1120 1368,1120 1368,1119 1366,1119 1366,1118 1365,1118 1365,1117 1364,1117 1364,1113 1363,1113 1363,1107 1364,1107 1364,1105 1365,1105 1365,1103 1366,1103 1366,1101 1367,1101 1367,1100 1368,1100 1368,1078 1369,1078 1369,1076 1370,1076 1370,1075 1371,1075 1371,1074 1373,1074 1373,1073"/>
					<TextEquiv>
						<Unicode>δ᾽</Unicode>
					</TextEquiv>
				</Word>
				<Word id="r114">
					<Coords points="1479,1074 1479,1075 1481,1075 1481,1076 1482,1076 1482,1078 1483,1078 1483,1095 1520,1095 1520,1096 1521,1096 1521,1097 1522,1097 1522,1098 1523,1098 1523,1100 1522,1100 1522,1101 1521,1101 1521,1117 1520,1117 1520,1118 1519,1118 1519,1119 1518,1119 1518,1120 1517,1120 1517,1121 1515,1121 1515,1122 1473,1122 1473,1123 1471,1123 1471,1122 1442,1122 1442,1121 1437,1121 1437,1120 1436,1120 1436,1119 1434,1119 1434,1117 1433,1117 1433,1115 1432,1115 1432,1107 1433,1107 1433,1104 1434,1104 1434,1102 1435,1102 1435,1100 1436,1100 1436,1099 1437,1099 1437,1098 1438,1098 1438,1097 1441,1097 1441,1096 1472,1096 1472,1077 1473,1077 1473,1075 1474,1075 1474,1074"/>
					<TextEquiv>
						<Unicode>οὐκ</Unicode>
					</TextEquiv>
				</Word>
				<Word id="r115">
					<Coords points="1580,1075 1580,1076 1581,1076 1581,1077 1648,1077 1648,1078 1651,1078 1651,1079 1653,1079 1653,1080 1654,1080 1654,1082 1655,1082 1655,1095 1689,1095 1689,1096 1690,1096 1690,1098 1691,1098 1691,1100 1690,1100 1690,1103 1689,1103 1689,1106 1688,1106 1688,1108 1687,1108 1687,1110 1686,1110 1686,1111 1685,1111 1685,1112 1684,1112 1684,1113 1683,1113 1683,1114 1682,1114 1682,1115 1681,1115 1681,1116 1680,1116 1680,1117 1679,1117 1679,1118 1678,1118 1678,1119 1676,1119 1676,1120 1674,1120 1674,1121 1670,1121 1670,1122 1653,1122 1653,1126 1652,1126 1652,1131 1651,1131 1651,1133 1650,1133 1650,1135 1648,1135 1648,1134 1647,1134 1647,1133 1646,1133 1646,1123 1573,1123 1573,1122 1567,1122 1567,1121 1565,1121 1565,1119 1564,1119 1564,1118 1563,1118 1563,1117 1562,1117 1562,1115 1561,1115 1561,1109 1562,1109 1562,1104 1563,1104 1563,1102 1564,1102 1564,1101 1565,1101 1565,1100 1566,1100 1566,1099 1568,1099 1568,1098 1569,1098 1569,1097 1572,1097 1572,1096 1573,1096 1573,1077 1574,1077 1574,1076 1576,1076 1576,1075"/>
					<TextEquiv>
						<Unicode>ἐπῆν</Unicode>
					</TextEquiv>
				</Word>
				<TextEquiv>
					<Unicode>οἷς ἐδίδοσαν μὲν εἶναι φίλοις, ἀνάγκη δ᾽ οὐκ ἐπῆν</Unicode>
				</TextEquiv>
			</TextLine>
			<TextLine id="r15">
				<Coords points="1220,1151 1220,1152 1222,1152 1222,1153 1223,1153 1223,1154 1371,1154 1371,1153 1372,1153 1372,1152 1374,1152 1374,1153 1375,1153 1375,1174 1598,1174 1598,1161 1599,1161 1599,1160 1605,1160 1605,1161 1607,1161 1607,1162 1609,1162 1609,1163 1611,1163 1611,1164 1612,1164 1612,1165 1613,1165 1613,1166 1614,1166 1614,1167 1615,1167 1615,1169 1616,1169 1616,1171 1617,1171 1617,1173 1661,1173 1661,1174 1664,1174 1664,1176 1665,1176 1665,1180 1666,1180 1666,1183 1687,1183 1687,1184 1688,1184 1688,1185 1689,1185 1689,1187 1688,1187 1688,1188 1687,1188 1687,1189 1664,1189 1664,1191 1663,1191 1663,1195 1662,1195 1662,1200 1661,1200 1661,1203 1660,1203 1660,1208 1659,1208 1659,1211 1658,1211 1658,1212 1656,1212 1656,1213 1655,1213 1655,1212 1653,1212 1653,1202 1513,1202 1513,1203 1512,1203 1512,1204 1510,1204 1510,1205 1505,1205 1505,1202 1358,1202 1358,1201 1233,1201 1233,1202 1232,1202 1232,1204 1231,1204 1231,1208 1230,1208 1230,1212 1229,1212 1229,1214 1228,1214 1228,1215 1225,1215 1225,1214 1224,1214 1224,1201 1121,1201 1121,1202 1117,1202 1117,1203 1055,1203 1055,1205 1054,1205 1054,1207 1053,1207 1053,1213 1052,1213 1052,1215 1051,1215 1051,1216 1050,1216 1050,1217 1050,1216 1048,1216 1048,1215 1047,1215 1047,1203 997,1203 997,1202 886,1202 886,1203 708,1203 708,1205 707,1205 707,1210 706,1210 706,1212 705,1212 705,1216 704,1216 704,1217 703,1217 703,1218 701,1218 701,1217 700,1217 700,1216 699,1216 699,1204 539,1204 539,1205 538,1205 538,1206 536,1206 536,1207 534,1207 534,1206 533,1206 533,1203 393,1203 393,1204 391,1204 391,1208 390,1208 390,1214 389,1214 389,1215 386,1215 386,1214 385,1214 385,1207 322,1207 322,1206 321,1206 321,1202 278,1202 278,1201 276,1201 276,1200 275,1200 275,1199 274,1199 274,1197 273,1197 273,1194 272,1194 272,1187 273,1187 273,1184 274,1184 274,1182 275,1182 275,1181 276,1181 276,1180 277,1180 277,1179 278,1179 278,1178 280,1178 280,1177 282,1177 282,1176 288,1176 288,1161 289,1161 289,1158 290,1158 290,1156 292,1156 292,1155 297,1155 297,1156 299,1156 299,1159 427,1159 427,1157 428,1157 428,1155 429,1155 429,1153 430,1153 430,1152 434,1152 434,1153 435,1153 435,1161 441,1161 441,1162 445,1162 445,1163 447,1163 447,1164 449,1164 449,1165 450,1165 450,1166 451,1166 451,1168 452,1168 452,1170 453,1170 453,1171 454,1171 454,1173 455,1173 455,1175 608,1175 608,1157 609,1157 609,1155 611,1155 611,1154 614,1154 614,1155 616,1155 616,1156 617,1156 617,1157 618,1157 618,1159 619,1159 619,1176 754,1176 754,1168 755,1168 755,1166 756,1166 756,1164 757,1164 757,1162 758,1162 758,1160 759,1160 759,1158 760,1158 760,1157 761,1157 761,1156 762,1156 762,1154 763,1154 763,1153 767,1153 767,1154 768,1154 768,1175 839,1175 839,1176 974,1176 974,1175 999,1175 999,1157 1000,1157 1000,1155 1001,1155 1001,1154 1002,1154 1002,1153 1005,1153 1005,1152 1219,1152 1219,1151"/>
				<Word id="r116">
					<Coords points="297,1155 297,1156 299,1156 299,1175 329,1175 329,1176 332,1176 332,1177 334,1177 334,1178 335,1178 335,1179 336,1179 336,1180 337,1180 337,1183 336,1183 336,1184 335,1184 335,1185 332,1185 332,1201 331,1201 331,1203 330,1203 330,1204 329,1204 329,1205 327,1205 327,1206 323,1206 323,1207 322,1207 322,1206 321,1206 321,1202 278,1202 278,1201 276,1201 276,1200 275,1200 275,1199 274,1199 274,1197 273,1197 273,1194 272,1194 272,1187 273,1187 273,1184 274,1184 274,1182 275,1182 275,1181 276,1181 276,1180 277,1180 277,1179 278,1179 278,1178 280,1178 280,1177 282,1177 282,1176 288,1176 288,1161 289,1161 289,1158 290,1158 290,1156 292,1156 292,1155"/>
					<TextEquiv>
						<Unicode>ὡς</Unicode>
					</TextEquiv>
				</Word>
				<Word id="r117">
					<Coords points="434,1152 434,1153 435,1153 435,1161 441,1161 441,1162 445,1162 445,1163 447,1163 447,1164 449,1164 449,1165 450,1165 450,1166 451,1166 451,1168 452,1168 452,1170 453,1170 453,1171 454,1171 454,1173 455,1173 455,1175 537,1175 537,1176 541,1176 541,1177 544,1177 544,1178 545,1178 545,1179 546,1179 546,1180 547,1180 547,1182 548,1182 548,1183 547,1183 547,1185 543,1185 543,1200 542,1200 542,1201 541,1201 541,1203 540,1203 540,1204 539,1204 539,1205 538,1205 538,1206 536,1206 536,1207 534,1207 534,1206 533,1206 533,1203 393,1203 393,1204 391,1204 391,1208 390,1208 390,1214 389,1214 389,1215 386,1215 386,1214 385,1214 385,1201 382,1201 382,1200 381,1200 381,1199 379,1199 379,1198 378,1198 378,1197 377,1197 377,1196 376,1196 376,1194 375,1194 375,1184 376,1184 376,1183 377,1183 377,1181 378,1181 378,1180 379,1180 379,1179 380,1179 380,1178 381,1178 381,1177 383,1177 383,1176 388,1176 388,1175 393,1175 393,1174 394,1174 394,1165 395,1165 395,1160 397,1160 397,1159 427,1159 427,1157 428,1157 428,1155 429,1155 429,1153 430,1153 430,1152"/>
					<TextEquiv>
						<Unicode>φίλοις</Unicode>
					</TextEquiv>
				</Word>
				<Word id="r118">
					<Coords points="767,1153 767,1154 768,1154 768,1175 839,1175 839,1176 873,1176 873,1193 887,1193 887,1195 888,1195 888,1196 889,1196 889,1200 888,1200 888,1201 887,1201 887,1202 886,1202 886,1203 708,1203 708,1205 707,1205 707,1210 706,1210 706,1212 705,1212 705,1216 704,1216 704,1217 703,1217 703,1218 701,1218 701,1217 700,1217 700,1216 699,1216 699,1204 628,1204 628,1203 627,1203 627,1202 604,1202 604,1201 602,1201 602,1200 600,1200 600,1199 599,1199 599,1198 598,1198 598,1196 597,1196 597,1193 596,1193 596,1187 597,1187 597,1185 598,1185 598,1183 599,1183 599,1181 600,1181 600,1180 601,1180 601,1179 602,1179 602,1178 604,1178 604,1177 606,1177 606,1176 608,1176 608,1157 609,1157 609,1155 611,1155 611,1154 614,1154 614,1155 616,1155 616,1156 617,1156 617,1157 618,1157 618,1159 619,1159 619,1176 754,1176 754,1168 755,1168 755,1166 756,1166 756,1164 757,1164 757,1162 758,1162 758,1160 759,1160 759,1158 760,1158 760,1157 761,1157 761,1156 762,1156 762,1154 763,1154 763,1153"/>
					<TextEquiv>
						<Unicode>ἐπαμύνειν.</Unicode>
					</TextEquiv>
				</Word>
				<Word id="r119">
					<Coords points="1005,1153 1008,1153 1008,1154 1009,1154 1009,1158 1008,1158 1008,1159 1006,1159 1006,1194 1005,1194 1005,1197 1004,1197 1004,1198 1003,1198 1003,1199 1002,1199 1002,1200 1000,1200 1000,1201 999,1201 999,1202 997,1202 997,1203 997,1202 974,1202 974,1201 969,1201 969,1200 968,1200 968,1199 967,1199 967,1198 966,1198 966,1197 965,1197 965,1196 964,1196 964,1194 963,1194 963,1188 964,1188 964,1185 965,1185 965,1184 966,1184 966,1181 967,1181 967,1180 968,1180 968,1179 970,1179 970,1178 971,1178 971,1177 972,1177 972,1176 974,1176 974,1175 999,1175 999,1157 1000,1157 1000,1155 1001,1155 1001,1154 1002,1154 1002,1153 1005,1153 1005,1152"/>
					<TextEquiv>
						<Unicode>οἱ</Unicode>
					</TextEquiv>
				</Word>
				<Word id="r120">
					<Coords points="1098,1152 1098,1153 1099,1153 1099,1154 1100,1154 1100,1155 1101,1155 1101,1158 1102,1158 1102,1160 1103,1160 1103,1163 1104,1163 1104,1165 1105,1165 1105,1168 1106,1168 1106,1175 1138,1175 1138,1176 1139,1176 1139,1177 1140,1177 1140,1182 1139,1182 1139,1185 1138,1185 1138,1187 1137,1187 1137,1188 1136,1188 1136,1190 1135,1190 1135,1191 1134,1191 1134,1192 1133,1192 1133,1193 1132,1193 1132,1194 1131,1194 1131,1195 1130,1195 1130,1196 1129,1196 1129,1197 1128,1197 1128,1198 1126,1198 1126,1199 1125,1199 1125,1200 1123,1200 1123,1201 1121,1201 1121,1202 1117,1202 1117,1203 1055,1203 1055,1205 1054,1205 1054,1207 1053,1207 1053,1213 1052,1213 1052,1215 1051,1215 1051,1216 1050,1216 1050,1217 1050,1216 1048,1216 1048,1215 1047,1215 1047,1211 1048,1211 1048,1209 1049,1209 1049,1206 1050,1206 1050,1203 1051,1203 1051,1200 1052,1200 1052,1196 1053,1196 1053,1192 1054,1192 1054,1188 1055,1188 1055,1186 1056,1186 1056,1182 1057,1182 1057,1179 1058,1179 1058,1176 1095,1176 1095,1154 1096,1154 1096,1153 1097,1153 1097,1152"/>
					<TextEquiv>
						<Unicode>μὲν</Unicode>
					</TextEquiv>
				</Word>
				<Word id="r121">
					<Coords points="1220,1151 1220,1152 1222,1152 1222,1153 1223,1153 1223,1156 1224,1156 1224,1158 1225,1158 1225,1160 1226,1160 1226,1163 1227,1163 1227,1165 1228,1165 1228,1175 1234,1175 1234,1176 1235,1176 1235,1177 1236,1177 1236,1179 1237,1179 1237,1189 1236,1189 1236,1191 1235,1191 1235,1196 1234,1196 1234,1198 1233,1198 1233,1202 1232,1202 1232,1204 1231,1204 1231,1208 1230,1208 1230,1212 1229,1212 1229,1214 1228,1214 1228,1215 1225,1215 1225,1214 1224,1214 1224,1201 1186,1201 1186,1200 1184,1200 1184,1199 1182,1199 1182,1197 1181,1197 1181,1196 1180,1196 1180,1194 1179,1194 1179,1185 1180,1185 1180,1182 1181,1182 1181,1181 1182,1181 1182,1179 1183,1179 1183,1157 1184,1157 1184,1155 1185,1155 1185,1153 1187,1153 1187,1152 1219,1152 1219,1151"/>
					<TextEquiv>
						<Unicode>δὴ</Unicode>
					</TextEquiv>
				</Word>
				<Word id="r122">
					<Coords points="1372,1152 1374,1152 1374,1153 1375,1153 1375,1174 1513,1174 1513,1175 1515,1175 1515,1176 1517,1176 1517,1177 1518,1177 1518,1178 1519,1178 1519,1183 1515,1183 1515,1200 1514,1200 1514,1202 1513,1202 1513,1203 1512,1203 1512,1204 1510,1204 1510,1205 1505,1205 1505,1202 1358,1202 1358,1201 1331,1201 1331,1200 1288,1200 1288,1199 1287,1199 1287,1170 1278,1170 1278,1169 1277,1169 1277,1164 1276,1164 1276,1157 1277,1157 1277,1155 1296,1155 1296,1154 1371,1154 1371,1153 1372,1153"/>
					<TextEquiv>
						<Unicode>Τεύτονες</Unicode>
					</TextEquiv>
				</Word>
				<Word id="r124">
					<Coords points="1605,1160 1605,1161 1607,1161 1607,1162 1609,1162 1609,1163 1611,1163 1611,1164 1612,1164 1612,1165 1613,1165 1613,1166 1614,1166 1614,1167 1615,1167 1615,1169 1616,1169 1616,1171 1617,1171 1617,1173 1661,1173 1661,1174 1664,1174 1664,1176 1665,1176 1665,1180 1666,1180 1666,1183 1687,1183 1687,1184 1688,1184 1688,1185 1689,1185 1689,1187 1688,1187 1688,1188 1687,1188 1687,1189 1664,1189 1664,1191 1663,1191 1663,1195 1662,1195 1662,1200 1661,1200 1661,1203 1660,1203 1660,1208 1659,1208 1659,1211 1658,1211 1658,1212 1656,1212 1656,1213 1655,1213 1655,1212 1653,1212 1653,1202 1565,1202 1565,1201 1563,1201 1563,1187 1557,1187 1557,1186 1556,1186 1556,1179 1557,1179 1557,1177 1558,1177 1558,1176 1562,1176 1562,1175 1598,1175 1598,1161 1599,1161 1599,1160"/>
					<TextEquiv>
						<Unicode>πλη-</Unicode>
					</TextEquiv>
				</Word>
				<TextEquiv>
					<Unicode>ὡς φίλοις ἐπαμύνειν. οἱ μὲν δὴ Τεύτονες πλη-</Unicode>
				</TextEquiv>
			</TextLine>
			<TextLine id="r16">
				<Coords points="1593,1229 1593,1230 1596,1230 1596,1253 1685,1253 1685,1254 1687,1254 1687,1258 1686,1258 1686,1259 1685,1259 1685,1277 1684,1277 1684,1279 1683,1279 1683,1280 1645,1280 1645,1281 1645,1280 1491,1280 1491,1284 1490,1284 1490,1287 1489,1287 1489,1290 1488,1290 1488,1291 1487,1291 1487,1292 1388,1292 1388,1293 1385,1293 1385,1292 1384,1292 1384,1280 1201,1280 1201,1281 1179,1281 1179,1282 1178,1282 1178,1286 1177,1286 1177,1291 1176,1291 1176,1293 1175,1293 1175,1294 1174,1294 1174,1295 1171,1295 1171,1281 981,1281 981,1287 980,1287 980,1292 979,1292 979,1296 978,1296 978,1297 976,1297 976,1296 975,1296 975,1292 974,1292 974,1282 767,1282 767,1285 766,1285 766,1291 765,1291 765,1292 764,1292 764,1293 735,1293 735,1294 734,1294 734,1297 731,1297 731,1295 730,1295 730,1281 581,1281 581,1295 580,1295 580,1297 577,1297 577,1298 573,1298 573,1297 571,1297 571,1296 570,1296 570,1282 392,1282 392,1286 391,1286 391,1289 390,1289 390,1290 389,1290 389,1291 388,1291 388,1292 387,1292 387,1293 385,1293 385,1294 377,1294 377,1293 376,1293 376,1291 375,1291 375,1281 280,1281 280,1280 277,1280 277,1279 276,1279 276,1278 275,1278 275,1277 274,1277 274,1275 273,1275 273,1273 272,1273 272,1269 273,1269 273,1265 274,1265 274,1264 275,1264 275,1262 276,1262 276,1261 277,1261 277,1260 278,1260 278,1259 280,1259 280,1257 283,1257 283,1256 288,1256 288,1255 319,1255 319,1254 320,1254 320,1253 350,1253 350,1249 351,1249 351,1246 352,1246 352,1244 353,1244 353,1241 354,1241 354,1239 355,1239 355,1237 356,1237 356,1235 357,1235 357,1234 358,1234 358,1233 359,1233 359,1232 360,1232 360,1231 362,1231 362,1232 363,1232 363,1235 385,1235 385,1240 400,1240 400,1242 401,1242 401,1253 582,1253 582,1242 583,1242 583,1240 584,1240 584,1238 585,1238 585,1237 587,1237 587,1236 589,1236 589,1235 720,1235 720,1234 721,1234 721,1233 722,1233 722,1232 726,1232 726,1234 727,1234 727,1235 795,1235 795,1236 797,1236 797,1237 798,1237 798,1238 799,1238 799,1239 800,1239 800,1240 801,1240 801,1242 802,1242 802,1253 888,1253 888,1254 992,1254 992,1253 1087,1253 1087,1246 1088,1246 1088,1244 1089,1244 1089,1240 1090,1240 1090,1237 1091,1237 1091,1235 1092,1235 1092,1233 1093,1233 1093,1232 1094,1232 1094,1231 1095,1231 1095,1230 1097,1230 1097,1231 1098,1231 1098,1232 1099,1232 1099,1253 1248,1253 1248,1252 1353,1252 1353,1233 1355,1233 1355,1232 1360,1232 1360,1233 1361,1233 1361,1234 1362,1234 1362,1236 1363,1236 1363,1253 1476,1253 1476,1242 1477,1242 1477,1240 1478,1240 1478,1238 1480,1238 1480,1236 1588,1236 1588,1233 1589,1233 1589,1231 1590,1231 1590,1230 1592,1230 1592,1229"/>
				<Word id="r125">
					<Coords points="362,1231 362,1232 363,1232 363,1235 385,1235 385,1240 400,1240 400,1242 401,1242 401,1253 499,1253 499,1254 500,1254 500,1255 501,1255 501,1269 504,1269 504,1270 505,1270 505,1273 504,1273 504,1274 503,1274 503,1277 502,1277 502,1278 501,1278 501,1279 499,1279 499,1280 498,1280 498,1281 468,1281 468,1282 392,1282 392,1286 391,1286 391,1289 390,1289 390,1290 389,1290 389,1291 388,1291 388,1292 387,1292 387,1293 385,1293 385,1294 377,1294 377,1293 376,1293 376,1291 375,1291 375,1281 280,1281 280,1280 277,1280 277,1279 276,1279 276,1278 275,1278 275,1277 274,1277 274,1275 273,1275 273,1273 272,1273 272,1269 273,1269 273,1265 274,1265 274,1264 275,1264 275,1262 276,1262 276,1261 277,1261 277,1260 278,1260 278,1259 280,1259 280,1257 283,1257 283,1256 288,1256 288,1255 319,1255 319,1254 320,1254 320,1253 350,1253 350,1249 351,1249 351,1246 352,1246 352,1244 353,1244 353,1241 354,1241 354,1239 355,1239 355,1237 356,1237 356,1235 357,1235 357,1234 358,1234 358,1233 359,1233 359,1232 360,1232 360,1231"/>
					<TextEquiv>
						<Unicode>σιάζοντι</Unicode>
					</TextEquiv>
				</Word>
				<Word id="r126">
					<Coords points="595,1235 595,1236 597,1236 597,1237 598,1237 598,1238 599,1238 599,1240 600,1240 600,1242 601,1242 601,1271 600,1271 600,1272 599,1272 599,1274 598,1274 598,1276 597,1276 597,1277 596,1277 596,1278 595,1278 595,1279 592,1279 592,1280 581,1280 581,1295 580,1295 580,1297 577,1297 577,1298 573,1298 573,1297 571,1297 571,1296 570,1296 570,1282 544,1282 544,1281 540,1281 540,1265 532,1265 532,1259 533,1259 533,1258 534,1258 534,1256 538,1256 538,1255 582,1255 582,1242 583,1242 583,1240 584,1240 584,1238 585,1238 585,1237 587,1237 587,1236 589,1236 589,1235"/>
					<TextEquiv>
						<Unicode>τῷ</Unicode>
					</TextEquiv>
				</Word>
				<Word id="r127">
					<Coords points="726,1232 726,1234 727,1234 727,1235 795,1235 795,1236 797,1236 797,1237 798,1237 798,1238 799,1238 799,1239 800,1239 800,1240 801,1240 801,1242 802,1242 802,1253 888,1253 888,1254 890,1254 890,1269 893,1269 893,1270 894,1270 894,1271 895,1271 895,1273 894,1273 894,1274 893,1274 893,1275 892,1275 892,1276 891,1276 891,1278 890,1278 890,1279 888,1279 888,1280 887,1280 887,1281 850,1281 850,1282 767,1282 767,1285 766,1285 766,1291 765,1291 765,1292 764,1292 764,1293 735,1293 735,1294 734,1294 734,1297 731,1297 731,1295 730,1295 730,1281 642,1281 642,1237 643,1237 643,1236 650,1236 650,1235 720,1235 720,1234 721,1234 721,1233 722,1233 722,1232"/>
					<TextEquiv>
						<Unicode>Κάρβωνι</Unicode>
					</TextEquiv>
				</Word>
				<Word id="r128">
					<Coords points="1097,1230 1097,1231 1098,1231 1098,1232 1099,1232 1099,1253 1248,1253 1248,1252 1271,1252 1271,1253 1310,1253 1310,1254 1311,1254 1311,1260 1310,1260 1310,1263 1309,1263 1309,1265 1308,1265 1308,1266 1307,1266 1307,1268 1306,1268 1306,1269 1305,1269 1305,1270 1304,1270 1304,1271 1303,1271 1303,1273 1301,1273 1301,1275 1299,1275 1299,1276 1298,1276 1298,1277 1296,1277 1296,1278 1294,1278 1294,1279 1292,1279 1292,1280 1201,1280 1201,1281 1179,1281 1179,1282 1178,1282 1178,1286 1177,1286 1177,1291 1176,1291 1176,1293 1175,1293 1175,1294 1174,1294 1174,1295 1171,1295 1171,1281 981,1281 981,1287 980,1287 980,1292 979,1292 979,1296 978,1296 978,1297 976,1297 976,1296 975,1296 975,1292 974,1292 974,1282 940,1282 940,1281 939,1281 939,1266 933,1266 933,1265 932,1265 932,1258 933,1258 933,1257 934,1257 934,1256 936,1256 936,1255 988,1255 988,1254 992,1254 992,1253 1087,1253 1087,1246 1088,1246 1088,1244 1089,1244 1089,1240 1090,1240 1090,1237 1091,1237 1091,1235 1092,1235 1092,1233 1093,1233 1093,1232 1094,1232 1094,1231 1095,1231 1095,1230"/>
					<TextEquiv>
						<Unicode>προσέπεμπον</Unicode>
					</TextEquiv>
				</Word>
				<Word id="r129">
					<Coords points="1593,1229 1593,1230 1596,1230 1596,1234 1595,1234 1595,1271 1594,1271 1594,1273 1593,1273 1593,1275 1592,1275 1592,1276 1591,1276 1591,1277 1590,1277 1590,1278 1588,1278 1588,1279 1586,1279 1586,1280 1491,1280 1491,1284 1490,1284 1490,1287 1489,1287 1489,1290 1488,1290 1488,1291 1487,1291 1487,1292 1388,1292 1388,1293 1385,1293 1385,1292 1384,1292 1384,1279 1342,1279 1342,1278 1341,1278 1341,1277 1340,1277 1340,1276 1339,1276 1339,1273 1338,1273 1338,1268 1339,1268 1339,1267 1340,1267 1340,1264 1341,1264 1341,1261 1342,1261 1342,1260 1343,1260 1343,1259 1344,1259 1344,1258 1345,1258 1345,1257 1346,1257 1346,1256 1348,1256 1348,1255 1350,1255 1350,1254 1353,1254 1353,1233 1355,1233 1355,1232 1360,1232 1360,1233 1361,1233 1361,1234 1362,1234 1362,1236 1363,1236 1363,1253 1476,1253 1476,1242 1477,1242 1477,1240 1478,1240 1478,1238 1480,1238 1480,1236 1588,1236 1588,1233 1589,1233 1589,1231 1590,1231 1590,1230 1592,1230 1592,1229"/>
					<TextEquiv>
						<Unicode>ἀγνοῆσαί</Unicode>
					</TextEquiv>
				</Word>
				<Word id="r130">
					<Coords points="1685,1253 1685,1254 1687,1254 1687,1258 1686,1258 1686,1259 1685,1259 1685,1277 1684,1277 1684,1279 1683,1279 1683,1280 1645,1280 1645,1281 1645,1280 1644,1280 1644,1279 1643,1279 1643,1278 1642,1278 1642,1263 1635,1263 1635,1262 1634,1262 1634,1258 1635,1258 1635,1255 1637,1255 1637,1254 1640,1254 1640,1253"/>
					<TextEquiv>
						<Unicode>τε</Unicode>
					</TextEquiv>
				</Word>
				<TextEquiv>
					<Unicode>σιάζοντι τῷ Κάρβωνι προσέπεμπον ἀγνοῆσαί τε</Unicode>
				</TextEquiv>
			</TextLine>
			<TextLine id="r17">
				<Coords points="1205,1304 1205,1305 1207,1305 1207,1328 1338,1328 1338,1327 1386,1327 1386,1306 1389,1306 1389,1307 1493,1307 1493,1308 1494,1308 1494,1309 1658,1309 1658,1308 1662,1308 1662,1309 1663,1309 1663,1310 1664,1310 1664,1312 1665,1312 1665,1327 1682,1327 1682,1328 1685,1328 1685,1329 1687,1329 1687,1330 1689,1330 1689,1331 1690,1331 1690,1332 1691,1332 1691,1336 1690,1336 1690,1337 1687,1337 1687,1354 1686,1354 1686,1355 1685,1355 1685,1357 1683,1357 1683,1358 1679,1358 1679,1359 1677,1359 1677,1358 1676,1358 1676,1355 1517,1355 1517,1356 1517,1355 1356,1355 1356,1356 1283,1356 1283,1357 1282,1357 1282,1358 1281,1358 1281,1360 1280,1360 1280,1361 1278,1361 1278,1362 1276,1362 1276,1363 1275,1363 1275,1362 1273,1362 1273,1356 1123,1356 1123,1363 1122,1363 1122,1365 1121,1365 1121,1366 1120,1366 1120,1367 1118,1367 1118,1368 1116,1368 1116,1369 1112,1369 1112,1370 1112,1369 1108,1369 1108,1368 1106,1368 1106,1357 1105,1357 1105,1356 912,1356 912,1362 911,1362 911,1370 910,1370 910,1371 909,1371 909,1372 906,1372 906,1371 905,1371 905,1356 874,1356 874,1355 768,1355 768,1356 767,1356 767,1358 766,1358 766,1359 764,1359 764,1360 759,1360 759,1359 758,1359 758,1357 599,1357 599,1358 598,1358 598,1361 597,1361 597,1364 596,1364 596,1367 595,1367 595,1370 593,1370 593,1371 590,1371 590,1370 589,1370 589,1356 556,1356 556,1355 445,1355 445,1356 444,1356 444,1357 443,1357 443,1358 442,1358 442,1359 438,1359 438,1360 436,1360 436,1359 435,1359 435,1357 327,1357 327,1361 326,1361 326,1363 325,1363 325,1366 324,1366 324,1367 323,1367 323,1368 320,1368 320,1367 319,1367 319,1356 281,1356 281,1355 280,1355 280,1340 273,1340 273,1337 272,1337 273,1337 273,1332 274,1332 274,1331 276,1331 276,1330 310,1330 310,1329 313,1329 313,1310 314,1310 314,1309 416,1309 416,1308 418,1308 418,1307 497,1307 497,1308 498,1308 498,1309 499,1309 499,1310 535,1310 535,1311 538,1311 538,1312 540,1312 540,1314 542,1314 542,1316 543,1316 543,1322 544,1322 544,1329 673,1329 673,1322 674,1322 674,1319 675,1319 675,1315 676,1315 676,1313 677,1313 677,1312 678,1312 678,1310 679,1310 679,1309 680,1309 680,1307 682,1307 682,1306 683,1306 683,1307 685,1307 685,1308 686,1308 686,1328 811,1328 811,1310 814,1310 814,1309 816,1309 816,1310 858,1310 858,1311 859,1311 859,1328 1006,1328 1006,1315 1007,1315 1007,1314 1008,1314 1008,1313 1009,1313 1009,1312 1010,1312 1010,1311 1012,1311 1012,1310 1111,1310 1111,1309 1113,1309 1113,1308 1200,1308 1200,1307 1201,1307 1201,1305 1203,1305 1203,1304"/>
				<Word id="r131">
					<Coords points="315,1309 315,1310 317,1310 317,1311 319,1311 319,1312 320,1312 320,1313 321,1313 321,1316 322,1316 322,1318 323,1318 323,1321 324,1321 324,1329 362,1329 362,1330 364,1330 364,1331 365,1331 365,1337 364,1337 364,1339 363,1339 363,1341 362,1341 362,1343 361,1343 361,1344 360,1344 360,1345 359,1345 359,1346 358,1346 358,1347 357,1347 357,1348 356,1348 356,1349 355,1349 355,1350 354,1350 354,1351 353,1351 353,1352 351,1352 351,1353 349,1353 349,1354 347,1354 347,1355 345,1355 345,1356 343,1356 343,1357 327,1357 327,1361 326,1361 326,1363 325,1363 325,1366 324,1366 324,1367 323,1367 323,1368 320,1368 320,1367 319,1367 319,1356 281,1356 281,1355 280,1355 280,1340 273,1340 273,1337 272,1337 273,1337 273,1332 274,1332 274,1331 276,1331 276,1330 310,1330 310,1329 313,1329 313,1310 314,1310 314,1309"/>
					<TextEquiv>
						<Unicode>τὴν</Unicode>
					</TextEquiv>
				</Word>
				<Word id="r132">
					<Coords points="421,1307 421,1308 422,1308 422,1309 423,1309 423,1310 424,1310 424,1311 425,1311 425,1328 444,1328 444,1329 446,1329 446,1330 448,1330 448,1331 449,1331 449,1332 450,1332 450,1334 451,1334 451,1337 450,1337 450,1338 446,1338 446,1355 445,1355 445,1356 444,1356 444,1357 443,1357 443,1358 442,1358 442,1359 438,1359 438,1360 436,1360 436,1359 435,1359 435,1355 410,1355 410,1354 408,1354 408,1353 406,1353 406,1351 405,1351 405,1350 404,1350 404,1348 403,1348 403,1341 404,1341 404,1340 405,1340 405,1336 406,1336 406,1334 407,1334 407,1333 408,1333 408,1332 410,1332 410,1331 412,1331 412,1330 414,1330 414,1329 415,1329 415,1309 416,1309 416,1308 418,1308 418,1307"/>
					<TextEquiv>
						<Unicode>ἐς</Unicode>
					</TextEquiv>
				</Word>
				<Word id="r133">
					<Coords points="683,1306 683,1307 685,1307 685,1308 686,1308 686,1328 764,1328 764,1329 767,1329 767,1330 770,1330 770,1331 771,1331 771,1332 772,1332 772,1333 773,1333 773,1335 774,1335 774,1336 773,1336 773,1337 772,1337 772,1338 769,1338 769,1354 768,1354 768,1356 767,1356 767,1358 766,1358 766,1359 764,1359 764,1360 759,1360 759,1359 758,1359 758,1357 599,1357 599,1358 598,1358 598,1361 597,1361 597,1364 596,1364 596,1367 595,1367 595,1370 593,1370 593,1371 590,1371 590,1370 589,1370 589,1356 556,1356 556,1355 506,1355 506,1324 494,1324 494,1323 492,1323 492,1322 491,1322 491,1321 490,1321 490,1320 489,1320 489,1319 488,1319 488,1316 487,1316 487,1315 488,1315 488,1312 489,1312 489,1310 490,1310 490,1309 491,1309 491,1308 493,1308 493,1307 497,1307 497,1308 498,1308 498,1309 499,1309 499,1310 535,1310 535,1311 538,1311 538,1312 540,1312 540,1314 542,1314 542,1316 543,1316 543,1322 544,1322 544,1329 673,1329 673,1322 674,1322 674,1319 675,1319 675,1315 676,1315 676,1313 677,1313 677,1312 678,1312 678,1310 679,1310 679,1309 680,1309 680,1307 682,1307 682,1306"/>
					<TextEquiv>
						<Unicode>Ῥωμαίους</Unicode>
					</TextEquiv>
				</Word>
				<Word id="r134">
					<Coords points="816,1309 816,1310 858,1310 858,1311 859,1311 859,1328 1006,1328 1006,1315 1007,1315 1007,1314 1008,1314 1008,1313 1009,1313 1009,1312 1010,1312 1010,1311 1012,1311 1012,1310 1018,1310 1018,1311 1020,1311 1020,1312 1021,1312 1021,1313 1023,1313 1023,1315 1024,1315 1024,1328 1058,1328 1058,1329 1061,1329 1061,1332 1062,1332 1061,1332 1061,1335 1060,1335 1060,1338 1059,1338 1059,1340 1058,1340 1058,1343 1057,1343 1057,1344 1056,1344 1056,1345 1055,1345 1055,1346 1054,1346 1054,1347 1053,1347 1053,1348 1051,1348 1051,1349 1050,1349 1050,1350 1049,1350 1049,1351 1048,1351 1048,1352 1046,1352 1046,1353 1045,1353 1045,1354 1042,1354 1042,1355 1039,1355 1039,1356 912,1356 912,1362 911,1362 911,1370 910,1370 910,1371 909,1371 909,1372 906,1372 906,1371 905,1371 905,1356 874,1356 874,1355 812,1355 812,1312 811,1312 811,1310 814,1310 814,1309"/>
					<TextEquiv>
						<Unicode>Νωρικῶν</Unicode>
					</TextEquiv>
				</Word>
				<Word id="r135">
					<Coords points="1205,1304 1205,1305 1207,1305 1207,1328 1268,1328 1268,1329 1270,1329 1270,1331 1271,1331 1271,1346 1282,1346 1282,1347 1283,1347 1283,1349 1284,1349 1284,1353 1285,1353 1285,1354 1284,1354 1284,1355 1283,1355 1283,1357 1282,1357 1282,1358 1281,1358 1281,1360 1280,1360 1280,1361 1278,1361 1278,1362 1276,1362 1276,1363 1275,1363 1275,1362 1273,1362 1273,1356 1123,1356 1123,1363 1122,1363 1122,1365 1121,1365 1121,1366 1120,1366 1120,1367 1118,1367 1118,1368 1116,1368 1116,1369 1112,1369 1112,1370 1112,1369 1108,1369 1108,1368 1106,1368 1106,1357 1105,1357 1105,1356 1104,1356 1104,1355 1103,1355 1103,1354 1102,1354 1102,1351 1101,1351 1101,1348 1102,1348 1102,1346 1103,1346 1103,1344 1104,1344 1104,1343 1105,1343 1105,1342 1106,1342 1106,1341 1107,1341 1107,1327 1108,1327 1108,1313 1109,1313 1109,1312 1110,1312 1110,1310 1111,1310 1111,1309 1113,1309 1113,1308 1200,1308 1200,1307 1201,1307 1201,1305 1203,1305 1203,1304"/>
					<TextEquiv>
						<Unicode>ξενίαν,</Unicode>
					</TextEquiv>
				</Word>
				<Word id="r136">
					<Coords points="1389,1306 1389,1307 1390,1307 1390,1308 1391,1308 1391,1310 1392,1310 1392,1313 1393,1313 1393,1315 1394,1315 1394,1316 1395,1316 1395,1318 1396,1318 1396,1322 1397,1322 1397,1344 1401,1344 1401,1347 1400,1347 1400,1348 1399,1348 1399,1350 1398,1350 1398,1351 1397,1351 1397,1353 1396,1353 1396,1354 1394,1354 1394,1355 1356,1355 1356,1356 1354,1356 1354,1355 1317,1355 1317,1354 1315,1354 1315,1352 1314,1352 1315,1352 1315,1348 1316,1348 1316,1346 1317,1346 1317,1344 1318,1344 1318,1340 1319,1340 1319,1336 1320,1336 1320,1333 1321,1333 1321,1330 1322,1330 1322,1329 1323,1329 1323,1328 1338,1328 1338,1327 1386,1327 1386,1306"/>
					<TextEquiv>
						<Unicode>καὶ</Unicode>
					</TextEquiv>
				</Word>
				<Word id="r137">
					<Coords points="1493,1307 1493,1308 1494,1308 1494,1309 1563,1309 1563,1310 1564,1310 1564,1311 1566,1311 1566,1313 1567,1313 1567,1314 1568,1314 1568,1316 1569,1316 1569,1328 1604,1328 1604,1329 1605,1329 1605,1332 1606,1332 1605,1332 1605,1337 1604,1337 1604,1338 1603,1338 1603,1340 1602,1340 1602,1342 1601,1342 1601,1343 1600,1343 1600,1344 1599,1344 1599,1345 1598,1345 1598,1346 1597,1346 1597,1347 1596,1347 1596,1348 1595,1348 1595,1349 1593,1349 1593,1350 1592,1350 1592,1351 1591,1351 1591,1352 1589,1352 1589,1353 1587,1353 1587,1354 1584,1354 1584,1355 1517,1355 1517,1356 1517,1355 1460,1355 1460,1354 1443,1354 1443,1353 1441,1353 1441,1352 1440,1352 1440,1351 1439,1351 1439,1341 1440,1341 1440,1338 1441,1338 1441,1337 1442,1337 1442,1335 1443,1335 1443,1334 1444,1334 1444,1333 1445,1333 1445,1332 1446,1332 1446,1331 1447,1331 1447,1330 1448,1330 1448,1329 1451,1329 1451,1328 1486,1328 1486,1308 1488,1308 1488,1307"/>
					<TextEquiv>
						<Unicode>αὐτῶν</Unicode>
					</TextEquiv>
				</Word>
				<Word id="r138">
					<Coords points="1662,1308 1662,1309 1663,1309 1663,1310 1664,1310 1664,1312 1665,1312 1665,1327 1682,1327 1682,1328 1685,1328 1685,1329 1687,1329 1687,1330 1689,1330 1689,1331 1690,1331 1690,1332 1691,1332 1691,1336 1690,1336 1690,1337 1687,1337 1687,1354 1686,1354 1686,1355 1685,1355 1685,1357 1683,1357 1683,1358 1679,1358 1679,1359 1677,1359 1677,1358 1676,1358 1676,1355 1651,1355 1651,1354 1650,1354 1650,1353 1647,1353 1647,1352 1646,1352 1646,1351 1645,1351 1645,1349 1644,1349 1644,1345 1643,1345 1643,1341 1644,1341 1644,1338 1645,1338 1645,1336 1646,1336 1646,1334 1647,1334 1647,1333 1649,1333 1649,1332 1650,1332 1650,1331 1651,1331 1651,1330 1653,1330 1653,1329 1657,1329 1657,1309 1658,1309 1658,1308"/>
					<TextEquiv>
						<Unicode>ἐς</Unicode>
					</TextEquiv>
				</Word>
				<TextEquiv>
					<Unicode>τὴν ἐς Ῥωμαίους Νωρικῶν ξενίαν, καὶ αὐτῶν ἐς</Unicode>
				</TextEquiv>
			</TextLine>
			<TextLine id="r18">
				<Coords points="312,1381 314,1381 314,1382 315,1382 315,1384 316,1384 316,1386 317,1386 317,1389 318,1389 318,1392 319,1392 319,1393 320,1393 320,1395 321,1395 321,1405 423,1405 423,1398 424,1398 424,1395 425,1395 425,1392 426,1392 426,1388 427,1388 427,1384 428,1384 428,1383 429,1383 429,1382 430,1382 430,1381 433,1381 433,1382 434,1382 434,1384 435,1384 435,1389 477,1389 477,1390 479,1390 479,1391 483,1391 483,1392 484,1392 484,1393 485,1393 485,1394 487,1394 487,1396 489,1396 489,1398 490,1398 490,1400 491,1400 491,1402 492,1402 492,1404 626,1404 626,1386 627,1386 627,1385 629,1385 629,1384 707,1384 707,1383 708,1383 708,1382 712,1382 712,1384 833,1384 833,1383 839,1383 839,1384 840,1384 840,1385 841,1385 841,1386 842,1386 842,1388 843,1388 843,1404 967,1404 967,1387 968,1387 968,1384 969,1384 969,1382 970,1382 970,1381 973,1381 973,1380 974,1380 974,1381 1032,1381 1032,1382 1119,1382 1119,1384 1121,1384 1121,1386 1122,1386 1122,1401 1267,1401 1267,1395 1268,1395 1268,1392 1269,1392 1269,1390 1270,1390 1270,1388 1271,1388 1271,1387 1272,1387 1272,1385 1273,1385 1273,1383 1274,1383 1274,1382 1277,1382 1277,1383 1278,1383 1278,1402 1491,1402 1491,1382 1492,1382 1492,1381 1494,1381 1494,1382 1495,1382 1495,1384 1496,1384 1496,1385 1497,1385 1497,1389 1498,1389 1498,1392 1499,1392 1499,1396 1500,1396 1500,1402 1527,1402 1527,1403 1630,1403 1630,1402 1656,1402 1656,1392 1657,1392 1657,1389 1658,1389 1658,1387 1659,1387 1659,1384 1660,1384 1660,1382 1661,1382 1661,1381 1663,1381 1663,1380 1664,1380 1664,1381 1666,1381 1666,1413 1688,1413 1688,1415 1689,1415 1689,1416 1688,1416 1688,1417 1663,1417 1663,1429 1662,1429 1662,1430 1661,1430 1661,1431 1619,1431 1619,1436 1618,1436 1618,1442 1617,1442 1617,1444 1616,1444 1616,1445 1613,1445 1613,1444 1612,1444 1612,1434 1519,1434 1519,1431 1372,1431 1372,1433 1370,1433 1370,1434 1368,1434 1368,1435 1365,1435 1365,1434 1364,1434 1364,1431 1327,1431 1327,1430 1192,1430 1192,1431 1131,1431 1131,1430 968,1430 968,1431 738,1431 738,1439 737,1439 737,1441 736,1441 736,1442 735,1442 735,1443 733,1443 733,1444 732,1444 732,1445 727,1445 727,1446 661,1446 661,1447 660,1447 660,1446 659,1446 659,1431 546,1431 546,1432 543,1432 543,1433 543,1432 541,1432 541,1431 425,1431 425,1432 379,1432 379,1435 378,1435 378,1441 377,1441 377,1445 376,1445 376,1446 372,1446 372,1445 371,1445 371,1431 281,1431 281,1430 280,1430 280,1415 273,1415 273,1414 272,1414 272,1408 273,1408 273,1406 275,1406 275,1405 309,1405 309,1381 312,1381 312,1380"/>
				<Word id="r139">
					<Coords points="312,1381 314,1381 314,1382 315,1382 315,1384 316,1384 316,1386 317,1386 317,1389 318,1389 318,1392 319,1392 319,1393 320,1393 320,1395 321,1395 321,1405 322,1405 322,1406 324,1406 324,1407 325,1407 325,1408 326,1408 326,1410 327,1410 327,1412 328,1412 328,1419 327,1419 327,1422 326,1422 326,1425 325,1425 325,1427 324,1427 324,1428 323,1428 323,1429 321,1429 321,1430 319,1430 319,1431 281,1431 281,1430 280,1430 280,1415 273,1415 273,1414 272,1414 272,1408 273,1408 273,1406 275,1406 275,1405 309,1405 309,1381 312,1381 312,1380"/>
					<TextEquiv>
						<Unicode>τὸ</Unicode>
					</TextEquiv>
				</Word>
				<Word id="r140">
					<Coords points="433,1381 433,1382 434,1382 434,1384 435,1384 435,1389 477,1389 477,1390 479,1390 479,1391 483,1391 483,1392 484,1392 484,1393 485,1393 485,1394 487,1394 487,1396 489,1396 489,1398 490,1398 490,1400 491,1400 491,1402 492,1402 492,1404 525,1404 525,1405 567,1405 567,1410 566,1410 566,1413 565,1413 565,1415 564,1415 564,1417 563,1417 563,1419 562,1419 562,1420 561,1420 561,1421 560,1421 560,1422 559,1422 559,1423 558,1423 558,1424 557,1424 557,1425 556,1425 556,1426 555,1426 555,1427 554,1427 554,1428 553,1428 553,1429 551,1429 551,1430 550,1430 550,1431 546,1431 546,1432 543,1432 543,1433 543,1432 541,1432 541,1431 425,1431 425,1432 379,1432 379,1435 378,1435 378,1441 377,1441 377,1445 376,1445 376,1446 372,1446 372,1445 371,1445 371,1440 372,1440 372,1438 373,1438 373,1435 374,1435 374,1432 375,1432 375,1429 376,1429 376,1426 377,1426 377,1422 378,1422 378,1419 379,1419 379,1416 380,1416 380,1412 381,1412 381,1408 382,1408 382,1407 383,1407 383,1406 385,1406 385,1405 423,1405 423,1398 424,1398 424,1395 425,1395 425,1392 426,1392 426,1388 427,1388 427,1384 428,1384 428,1383 429,1383 429,1382 430,1382 430,1381"/>
					<TextEquiv>
						<Unicode>μέλλον</Unicode>
					</TextEquiv>
				</Word>
				<Word id="r141">
					<Coords points="712,1382 712,1384 833,1384 833,1383 839,1383 839,1384 840,1384 840,1385 841,1385 841,1386 842,1386 842,1388 843,1388 843,1404 912,1404 912,1405 913,1405 913,1406 914,1406 914,1407 915,1407 915,1411 914,1411 914,1412 913,1412 913,1413 900,1413 900,1423 899,1423 899,1425 898,1425 898,1426 897,1426 897,1428 896,1428 896,1429 895,1429 895,1430 873,1430 873,1431 738,1431 738,1439 737,1439 737,1441 736,1441 736,1442 735,1442 735,1443 733,1443 733,1444 732,1444 732,1445 727,1445 727,1446 661,1446 661,1447 660,1447 660,1446 659,1446 659,1431 614,1431 614,1430 613,1430 613,1429 612,1429 612,1427 611,1427 611,1422 612,1422 612,1419 613,1419 613,1416 614,1416 614,1414 615,1414 615,1413 616,1413 616,1412 617,1412 617,1411 618,1411 618,1410 620,1410 620,1409 621,1409 621,1408 622,1408 622,1407 626,1407 626,1386 627,1386 627,1385 629,1385 629,1384 707,1384 707,1383 708,1383 708,1382"/>
					<TextEquiv>
						<Unicode>ἀφέξεσθαι·</Unicode>
					</TextEquiv>
				</Word>
				<Word id="r142">
					<Coords points="974,1380 974,1381 978,1381 978,1411 979,1411 979,1421 978,1421 978,1423 977,1423 977,1426 976,1426 976,1427 975,1427 975,1428 974,1428 974,1429 972,1429 972,1430 968,1430 968,1431 965,1431 965,1430 962,1430 962,1429 960,1429 960,1428 959,1428 959,1427 958,1427 958,1426 957,1426 957,1423 956,1423 956,1420 955,1420 955,1418 956,1418 956,1414 957,1414 957,1412 958,1412 958,1411 959,1411 959,1409 960,1409 960,1407 961,1407 961,1406 962,1406 962,1405 965,1405 965,1404 967,1404 967,1387 968,1387 968,1384 969,1384 969,1382 970,1382 970,1381 973,1381 973,1380"/>
					<TextEquiv>
						<Unicode>ὁ</Unicode>
					</TextEquiv>
				</Word>
				<Word id="r143">
					<Coords points="1032,1381 1032,1382 1054,1382 1054,1383 1057,1383 1057,1384 1058,1384 1058,1385 1059,1385 1059,1387 1060,1387 1060,1393 1059,1393 1059,1395 1058,1395 1058,1396 1057,1396 1057,1397 1055,1397 1055,1398 1045,1398 1045,1416 1044,1416 1044,1422 1043,1422 1043,1423 1042,1423 1042,1424 1041,1424 1041,1427 1040,1427 1040,1428 1038,1428 1038,1429 1036,1429 1036,1430 1028,1430 1028,1429 1025,1429 1025,1428 1024,1428 1024,1427 1022,1427 1022,1426 1021,1426 1021,1423 1020,1423 1020,1420 1019,1420 1019,1416 1020,1416 1020,1413 1021,1413 1021,1411 1022,1411 1022,1410 1023,1410 1023,1409 1024,1409 1024,1386 1025,1386 1025,1384 1026,1384 1026,1383 1027,1383 1027,1382 1030,1382 1030,1381"/>
					<TextEquiv>
						<Unicode>δ᾽</Unicode>
					</TextEquiv>
				</Word>
				<Word id="r144">
					<Coords points="1119,1382 1119,1384 1121,1384 1121,1386 1122,1386 1122,1401 1267,1401 1267,1395 1268,1395 1268,1392 1269,1392 1269,1390 1270,1390 1270,1388 1271,1388 1271,1387 1272,1387 1272,1385 1273,1385 1273,1383 1274,1383 1274,1382 1277,1382 1277,1383 1278,1383 1278,1402 1368,1402 1368,1403 1373,1403 1373,1404 1375,1404 1375,1405 1377,1405 1377,1406 1378,1406 1378,1408 1379,1408 1379,1411 1378,1411 1378,1412 1375,1412 1375,1429 1374,1429 1374,1430 1373,1430 1373,1431 1372,1431 1372,1433 1370,1433 1370,1434 1368,1434 1368,1435 1365,1435 1365,1434 1364,1434 1364,1431 1327,1431 1327,1430 1192,1430 1192,1431 1131,1431 1131,1430 1109,1430 1109,1429 1107,1429 1107,1428 1104,1428 1104,1426 1102,1426 1102,1424 1101,1424 1101,1422 1100,1422 1100,1416 1101,1416 1101,1412 1102,1412 1102,1410 1103,1410 1103,1409 1104,1409 1104,1407 1106,1407 1106,1406 1107,1406 1107,1405 1109,1405 1109,1404 1110,1404 1110,1403 1112,1403 1112,1384 1113,1384 1113,1383 1115,1383 1115,1382"/>
					<TextEquiv>
						<Unicode>ἐπαινέσας</Unicode>
					</TextEquiv>
				</Word>
				<Word id="r145">
					<Coords points="1494,1381 1494,1382 1495,1382 1495,1384 1496,1384 1496,1385 1497,1385 1497,1389 1498,1389 1498,1392 1499,1392 1499,1396 1500,1396 1500,1402 1527,1402 1527,1403 1530,1403 1530,1404 1531,1404 1531,1405 1532,1405 1532,1406 1533,1406 1533,1408 1534,1408 1534,1411 1533,1411 1533,1412 1531,1412 1531,1413 1530,1413 1530,1428 1529,1428 1529,1430 1528,1430 1528,1431 1527,1431 1527,1433 1523,1433 1523,1434 1519,1434 1519,1431 1429,1431 1429,1430 1427,1430 1427,1414 1420,1414 1420,1413 1419,1413 1419,1412 1418,1412 1418,1410 1419,1410 1419,1405 1420,1405 1420,1404 1422,1404 1422,1403 1463,1403 1463,1402 1491,1402 1491,1382 1492,1382 1492,1381"/>
					<TextEquiv>
						<Unicode>τοὺς</Unicode>
					</TextEquiv>
				</Word>
				<Word id="r146">
					<Coords points="1664,1380 1664,1381 1666,1381 1666,1413 1688,1413 1688,1415 1689,1415 1689,1416 1688,1416 1688,1417 1663,1417 1663,1429 1662,1429 1662,1430 1661,1430 1661,1431 1619,1431 1619,1436 1618,1436 1618,1442 1617,1442 1617,1444 1616,1444 1616,1445 1613,1445 1613,1444 1612,1444 1612,1430 1578,1430 1578,1429 1577,1429 1577,1415 1571,1415 1571,1407 1572,1407 1572,1406 1573,1406 1573,1405 1574,1405 1574,1404 1576,1404 1576,1403 1630,1403 1630,1402 1656,1402 1656,1392 1657,1392 1657,1389 1658,1389 1658,1387 1659,1387 1659,1384 1660,1384 1660,1382 1661,1382 1661,1381 1663,1381 1663,1380"/>
					<TextEquiv>
						<Unicode>πρέ-</Unicode>
					</TextEquiv>
				</Word>
				<TextEquiv>
					<Unicode>τὸ μέλλον ἀφέξεσθαι· ὁ δ᾽ ἐπαινέσας τοὺς πρέ-</Unicode>
				</TextEquiv>
			</TextLine>
			<TextLine id="r20">
				<Coords points="1237,1455 1237,1456 1238,1456 1238,1478 1402,1478 1402,1477 1457,1477 1457,1468 1458,1468 1458,1467 1459,1467 1459,1465 1460,1465 1460,1464 1461,1464 1461,1462 1462,1462 1462,1460 1463,1460 1463,1459 1464,1459 1464,1457 1469,1457 1469,1458 1470,1458 1470,1461 1500,1461 1500,1462 1501,1462 1501,1464 1502,1464 1502,1479 1631,1479 1631,1478 1650,1478 1650,1465 1651,1465 1651,1463 1652,1463 1652,1462 1653,1462 1653,1461 1663,1461 1663,1462 1665,1462 1665,1463 1666,1463 1666,1464 1667,1464 1667,1466 1668,1466 1668,1478 1683,1478 1683,1479 1687,1479 1687,1480 1688,1480 1688,1482 1689,1482 1689,1486 1688,1486 1688,1487 1687,1487 1687,1505 1686,1505 1686,1506 1685,1506 1685,1507 1684,1507 1684,1508 1683,1508 1683,1509 1682,1509 1682,1510 1680,1510 1680,1511 1678,1511 1678,1510 1677,1510 1677,1506 1541,1506 1541,1507 1492,1507 1492,1509 1491,1509 1491,1515 1490,1515 1490,1520 1489,1520 1489,1521 1487,1521 1487,1522 1487,1521 1485,1521 1485,1519 1409,1519 1409,1518 1408,1518 1408,1512 1338,1512 1338,1510 1320,1510 1320,1507 1184,1507 1184,1511 1183,1511 1183,1515 1182,1515 1182,1519 1181,1519 1181,1520 1180,1520 1180,1521 1130,1521 1130,1519 1129,1519 1129,1517 1099,1517 1099,1516 1098,1516 1098,1507 1012,1507 1012,1506 894,1506 894,1508 893,1508 893,1509 892,1509 892,1510 890,1510 890,1511 887,1511 887,1507 775,1507 775,1508 694,1508 694,1509 692,1509 692,1510 691,1510 691,1511 686,1511 686,1510 685,1510 685,1508 436,1508 436,1509 435,1509 435,1511 434,1511 434,1512 433,1512 433,1513 431,1513 431,1514 429,1514 429,1515 427,1515 427,1514 426,1514 426,1512 314,1512 314,1513 313,1513 313,1517 312,1517 312,1518 311,1518 311,1519 309,1519 309,1517 308,1517 308,1508 284,1508 284,1507 279,1507 279,1506 277,1506 277,1505 275,1505 275,1504 274,1504 274,1503 273,1503 273,1498 272,1498 272,1496 273,1496 273,1491 274,1491 274,1490 275,1490 275,1488 276,1488 276,1487 277,1487 277,1486 278,1486 278,1485 279,1485 279,1484 282,1484 282,1483 285,1483 285,1482 288,1482 288,1481 318,1481 318,1480 319,1480 319,1477 320,1477 320,1474 321,1474 321,1472 322,1472 322,1471 323,1471 323,1469 324,1469 324,1467 325,1467 325,1465 326,1465 326,1464 328,1464 328,1462 332,1462 332,1461 342,1461 342,1462 344,1462 344,1463 345,1463 345,1464 347,1464 347,1466 348,1466 348,1468 349,1468 349,1479 536,1479 536,1460 537,1460 537,1459 538,1459 538,1458 661,1458 661,1459 663,1459 663,1462 664,1462 664,1464 665,1464 665,1469 666,1469 666,1472 667,1472 667,1479 774,1479 774,1462 775,1462 775,1461 776,1461 776,1460 781,1460 781,1461 783,1461 783,1462 941,1462 941,1460 942,1460 942,1459 943,1459 943,1458 944,1458 944,1457 971,1457 971,1458 974,1458 974,1459 976,1459 976,1460 1099,1460 1099,1459 1100,1459 1100,1458 1107,1458 1107,1459 1108,1459 1108,1478 1228,1478 1228,1469 1229,1469 1229,1465 1230,1465 1230,1460 1231,1460 1231,1458 1232,1458 1232,1457 1233,1457 1233,1456 1234,1456 1234,1455"/>
				<Word id="r150">
					<Coords points="342,1461 342,1462 344,1462 344,1463 345,1463 345,1464 347,1464 347,1466 348,1466 348,1468 349,1468 349,1479 391,1479 391,1480 416,1480 416,1481 419,1481 419,1482 420,1482 420,1483 421,1483 421,1484 422,1484 422,1486 423,1486 423,1498 435,1498 435,1499 436,1499 436,1501 437,1501 437,1507 436,1507 436,1509 435,1509 435,1511 434,1511 434,1512 433,1512 433,1513 431,1513 431,1514 429,1514 429,1515 427,1515 427,1514 426,1514 426,1512 314,1512 314,1513 313,1513 313,1517 312,1517 312,1518 311,1518 311,1519 309,1519 309,1517 308,1517 308,1508 284,1508 284,1507 279,1507 279,1506 277,1506 277,1505 275,1505 275,1504 274,1504 274,1503 273,1503 273,1498 272,1498 272,1496 273,1496 273,1491 274,1491 274,1490 275,1490 275,1488 276,1488 276,1487 277,1487 277,1486 278,1486 278,1485 279,1485 279,1484 282,1484 282,1483 285,1483 285,1482 288,1482 288,1481 318,1481 318,1480 319,1480 319,1477 320,1477 320,1474 321,1474 321,1472 322,1472 322,1471 323,1471 323,1469 324,1469 324,1467 325,1467 325,1465 326,1465 326,1464 328,1464 328,1462 332,1462 332,1461"/>
					<TextEquiv>
						<Unicode>σβεις,</Unicode>
					</TextEquiv>
				</Word>
				<Word id="r151">
					<Coords points="541,1458 541,1459 542,1459 542,1461 543,1461 543,1463 544,1463 544,1464 545,1464 545,1468 546,1468 546,1472 547,1472 547,1474 548,1474 548,1496 552,1496 552,1499 551,1499 551,1502 550,1502 550,1503 549,1503 549,1506 547,1506 547,1507 545,1507 545,1508 508,1508 508,1507 467,1507 467,1503 468,1503 468,1499 469,1499 469,1497 470,1497 470,1496 471,1496 471,1491 472,1491 472,1489 473,1489 473,1485 474,1485 474,1482 475,1482 475,1481 476,1481 476,1480 479,1480 479,1479 536,1479 536,1460 537,1460 537,1459 538,1459 538,1458"/>
					<TextEquiv>
						<Unicode>καὶ</Unicode>
					</TextEquiv>
				</Word>
				<Word id="r152">
					<Coords points="661,1458 661,1459 663,1459 663,1462 664,1462 664,1464 665,1464 665,1469 666,1469 666,1472 667,1472 667,1479 693,1479 693,1480 696,1480 696,1481 697,1481 697,1482 698,1482 698,1483 699,1483 699,1484 700,1484 700,1485 701,1485 701,1487 700,1487 700,1488 699,1488 699,1489 696,1489 696,1504 695,1504 695,1508 694,1508 694,1509 692,1509 692,1510 691,1510 691,1511 686,1511 686,1510 685,1510 685,1508 627,1508 627,1507 594,1507 594,1506 592,1506 592,1504 591,1504 591,1503 590,1503 590,1502 589,1502 589,1500 588,1500 588,1497 587,1497 587,1493 588,1493 588,1491 589,1491 589,1489 590,1489 590,1487 591,1487 591,1486 592,1486 592,1463 593,1463 593,1460 594,1460 594,1459 596,1459 596,1458"/>
					<TextEquiv>
						<Unicode>δοὺς</Unicode>
					</TextEquiv>
				</Word>
				<Word id="r153">
					<Coords points="781,1460 781,1461 783,1461 783,1462 869,1462 869,1463 872,1463 872,1464 873,1464 873,1465 874,1465 874,1466 875,1466 875,1480 893,1480 893,1481 897,1481 897,1482 898,1482 898,1483 899,1483 899,1484 900,1484 900,1485 901,1485 901,1488 900,1488 900,1489 896,1489 896,1505 895,1505 895,1506 894,1506 894,1508 893,1508 893,1509 892,1509 892,1510 890,1510 890,1511 887,1511 887,1507 775,1507 775,1508 736,1508 736,1507 731,1507 731,1506 729,1506 729,1503 728,1503 728,1501 727,1501 727,1498 728,1498 728,1494 729,1494 729,1491 730,1491 730,1490 731,1490 731,1488 733,1488 733,1486 734,1486 734,1485 735,1485 735,1484 736,1484 736,1483 738,1483 738,1482 752,1482 752,1481 774,1481 774,1462 775,1462 775,1461 776,1461 776,1460"/>
					<TextEquiv>
						<Unicode>αὐτοῖς</Unicode>
					</TextEquiv>
				</Word>
				<Word id="r154">
					<Coords points="971,1457 971,1458 974,1458 974,1459 976,1459 976,1460 1010,1460 1010,1461 1014,1461 1014,1462 1015,1462 1015,1463 1016,1463 1016,1464 1018,1464 1018,1466 1019,1466 1019,1479 1056,1479 1056,1480 1057,1480 1057,1487 1056,1487 1056,1488 1055,1488 1055,1490 1054,1490 1054,1492 1053,1492 1053,1495 1052,1495 1052,1496 1051,1496 1051,1497 1050,1497 1050,1498 1049,1498 1049,1499 1047,1499 1047,1500 1046,1500 1046,1501 1044,1501 1044,1502 1043,1502 1043,1503 1042,1503 1042,1504 1040,1504 1040,1505 1039,1505 1039,1506 1036,1506 1036,1507 1012,1507 1012,1506 938,1506 938,1505 935,1505 935,1504 934,1504 934,1503 933,1503 933,1502 932,1502 932,1501 931,1501 931,1498 930,1498 930,1495 929,1495 929,1493 930,1493 930,1488 931,1488 931,1486 932,1486 932,1485 933,1485 933,1484 934,1484 934,1482 936,1482 936,1481 937,1481 937,1480 939,1480 939,1479 941,1479 941,1460 942,1460 942,1459 943,1459 943,1458 944,1458 944,1457"/>
					<TextEquiv>
						<Unicode>ὁδῶν</Unicode>
					</TextEquiv>
				</Word>
				<Word id="r155">
					<Coords points="1237,1455 1237,1456 1238,1456 1238,1478 1328,1478 1328,1479 1330,1479 1330,1480 1332,1480 1332,1481 1333,1481 1333,1482 1334,1482 1334,1484 1335,1484 1335,1496 1346,1496 1346,1497 1348,1497 1348,1500 1349,1500 1349,1504 1348,1504 1348,1506 1347,1506 1347,1507 1346,1507 1346,1508 1345,1508 1345,1509 1344,1509 1344,1510 1343,1510 1343,1511 1342,1511 1342,1512 1338,1512 1338,1510 1320,1510 1320,1507 1184,1507 1184,1511 1183,1511 1183,1515 1182,1515 1182,1519 1181,1519 1181,1520 1180,1520 1180,1521 1130,1521 1130,1519 1129,1519 1129,1517 1099,1517 1099,1516 1098,1516 1098,1503 1087,1503 1087,1502 1086,1502 1086,1488 1083,1488 1083,1485 1084,1485 1084,1484 1085,1484 1085,1482 1086,1482 1086,1481 1087,1481 1087,1480 1089,1480 1089,1479 1096,1479 1096,1463 1097,1463 1097,1461 1098,1461 1098,1460 1099,1460 1099,1459 1100,1459 1100,1458 1107,1458 1107,1459 1108,1459 1108,1478 1228,1478 1228,1469 1229,1469 1229,1465 1230,1465 1230,1460 1231,1460 1231,1458 1232,1458 1232,1457 1233,1457 1233,1456 1234,1456 1234,1455"/>
					<TextEquiv>
						<Unicode>ἡγεμόνας,</Unicode>
					</TextEquiv>
				</Word>
				<Word id="r156">
					<Coords points="1469,1457 1469,1458 1470,1458 1470,1461 1500,1461 1500,1462 1501,1462 1501,1464 1502,1464 1502,1479 1544,1479 1544,1480 1546,1480 1546,1495 1549,1495 1549,1496 1550,1496 1550,1498 1549,1498 1549,1500 1548,1500 1548,1502 1547,1502 1547,1503 1546,1503 1546,1504 1545,1504 1545,1505 1543,1505 1543,1506 1541,1506 1541,1507 1492,1507 1492,1509 1491,1509 1491,1515 1490,1515 1490,1520 1489,1520 1489,1521 1487,1521 1487,1522 1487,1521 1485,1521 1485,1519 1409,1519 1409,1518 1408,1518 1408,1505 1395,1505 1395,1504 1377,1504 1377,1501 1378,1501 1378,1498 1379,1498 1379,1494 1380,1494 1380,1492 1381,1492 1381,1488 1382,1488 1382,1484 1383,1484 1383,1482 1384,1482 1384,1480 1385,1480 1385,1479 1386,1479 1386,1478 1402,1478 1402,1477 1457,1477 1457,1468 1458,1468 1458,1467 1459,1467 1459,1465 1460,1465 1460,1464 1461,1464 1461,1462 1462,1462 1462,1460 1463,1460 1463,1459 1464,1459 1464,1457"/>
					<TextEquiv>
						<Unicode>κρύφα</Unicode>
					</TextEquiv>
				</Word>
				<Word id="r157">
					<Coords points="1663,1461 1663,1462 1665,1462 1665,1463 1666,1463 1666,1464 1667,1464 1667,1466 1668,1466 1668,1478 1683,1478 1683,1479 1687,1479 1687,1480 1688,1480 1688,1482 1689,1482 1689,1486 1688,1486 1688,1487 1687,1487 1687,1505 1686,1505 1686,1506 1685,1506 1685,1507 1684,1507 1684,1508 1683,1508 1683,1509 1682,1509 1682,1510 1680,1510 1680,1511 1678,1511 1678,1510 1677,1510 1677,1506 1597,1506 1597,1505 1596,1505 1596,1504 1595,1504 1595,1490 1588,1490 1588,1489 1587,1489 1587,1485 1586,1485 1587,1485 1587,1482 1588,1482 1588,1481 1589,1481 1589,1480 1592,1480 1592,1479 1631,1479 1631,1478 1650,1478 1650,1465 1651,1465 1651,1463 1652,1463 1652,1462 1653,1462 1653,1461"/>
					<TextEquiv>
						<Unicode>τοῖς</Unicode>
					</TextEquiv>
				</Word>
				<TextEquiv>
					<Unicode>σβεις, καὶ δοὺς αὐτοῖς ὁδῶν ἡγεμόνας, κρύφα τοῖς</Unicode>
				</TextEquiv>
			</TextLine>
			<TextLine id="r21">
				<Coords points="1154,1531 1156,1531 1156,1532 1157,1532 1157,1553 1178,1553 1178,1554 1341,1554 1341,1535 1342,1535 1342,1534 1343,1534 1343,1533 1345,1533 1345,1532 1439,1532 1439,1533 1440,1533 1440,1538 1441,1538 1441,1540 1442,1540 1442,1545 1443,1545 1443,1553 1654,1553 1654,1546 1655,1546 1655,1544 1656,1544 1656,1543 1657,1543 1657,1540 1658,1540 1658,1538 1659,1538 1659,1535 1660,1535 1660,1534 1661,1534 1661,1532 1663,1532 1663,1531 1665,1531 1665,1532 1666,1532 1666,1562 1684,1562 1684,1563 1687,1563 1687,1565 1688,1565 1688,1567 1687,1567 1687,1568 1669,1568 1669,1571 1668,1571 1668,1573 1667,1573 1667,1576 1666,1576 1666,1577 1665,1577 1665,1578 1663,1578 1663,1579 1659,1579 1659,1580 1623,1580 1623,1581 1588,1581 1588,1583 1587,1583 1587,1592 1586,1592 1586,1595 1585,1595 1585,1596 1584,1596 1584,1597 1583,1597 1583,1596 1581,1596 1581,1582 1470,1582 1470,1583 1469,1583 1469,1584 1468,1584 1468,1585 1463,1585 1463,1584 1462,1584 1462,1581 1316,1581 1316,1582 1167,1582 1167,1585 1166,1585 1166,1593 1165,1593 1165,1596 1163,1596 1163,1597 1162,1597 1162,1596 1161,1596 1161,1595 1160,1595 1160,1582 1050,1582 1050,1584 1049,1584 1049,1592 1048,1592 1048,1594 1047,1594 1047,1596 1046,1596 1046,1597 1044,1597 1044,1596 1043,1596 1043,1588 941,1588 941,1593 940,1593 940,1594 939,1594 939,1596 936,1596 936,1595 934,1595 934,1583 563,1583 563,1584 562,1584 562,1585 560,1585 560,1586 558,1586 558,1587 555,1587 555,1586 554,1586 554,1584 409,1584 409,1589 408,1589 408,1591 407,1591 407,1596 406,1596 406,1597 405,1597 405,1598 401,1598 401,1597 289,1597 289,1596 288,1596 288,1581 276,1581 276,1567 272,1567 272,1564 273,1564 273,1562 274,1562 274,1561 275,1561 275,1560 276,1560 276,1559 277,1559 277,1558 285,1558 285,1541 286,1541 286,1539 287,1539 287,1538 288,1538 288,1537 289,1537 289,1536 295,1536 295,1537 296,1537 296,1538 297,1538 297,1554 450,1554 450,1550 451,1550 451,1547 452,1547 452,1543 453,1543 453,1540 454,1540 454,1537 455,1537 455,1535 456,1535 456,1534 457,1534 457,1533 459,1533 459,1532 460,1532 460,1533 461,1533 461,1534 462,1534 462,1554 619,1554 619,1536 620,1536 620,1535 622,1535 622,1534 624,1534 624,1535 627,1535 627,1536 628,1536 628,1538 629,1538 629,1539 630,1539 630,1554 752,1554 752,1546 753,1546 753,1542 754,1542 754,1540 755,1540 755,1538 756,1538 756,1535 757,1535 757,1533 758,1533 758,1532 762,1532 762,1533 763,1533 763,1541 770,1541 770,1542 773,1542 773,1543 775,1543 775,1544 777,1544 777,1545 778,1545 778,1546 779,1546 779,1547 780,1547 780,1548 781,1548 781,1549 782,1549 782,1551 783,1551 783,1555 991,1555 991,1554 1036,1554 1036,1553 1146,1553 1146,1549 1147,1549 1147,1545 1148,1545 1148,1542 1149,1542 1149,1539 1150,1539 1150,1537 1151,1537 1151,1535 1152,1535 1152,1532 1154,1532"/>
				<Word id="r158">
					<Coords points="460,1532 460,1533 461,1533 461,1534 462,1534 462,1554 557,1554 557,1555 564,1555 564,1556 565,1556 565,1557 567,1557 567,1558 568,1558 568,1559 569,1559 569,1564 568,1564 568,1565 565,1565 565,1581 564,1581 564,1583 563,1583 563,1584 562,1584 562,1585 560,1585 560,1586 558,1586 558,1587 555,1587 555,1586 554,1586 554,1584 409,1584 409,1589 408,1589 408,1591 407,1591 407,1596 406,1596 406,1597 405,1597 405,1598 401,1598 401,1597 289,1597 289,1596 288,1596 288,1581 276,1581 276,1567 272,1567 272,1564 273,1564 273,1562 274,1562 274,1561 275,1561 275,1560 276,1560 276,1559 277,1559 277,1558 285,1558 285,1541 286,1541 286,1539 287,1539 287,1538 288,1538 288,1537 289,1537 289,1536 295,1536 295,1537 296,1537 296,1538 297,1538 297,1554 450,1554 450,1550 451,1550 451,1547 452,1547 452,1543 453,1543 453,1540 454,1540 454,1537 455,1537 455,1535 456,1535 456,1534 457,1534 457,1533 459,1533 459,1532"/>
					<TextEquiv>
						<Unicode>ἡγουμένοις</Unicode>
					</TextEquiv>
				</Word>
				<Word id="r159">
					<Coords points="762,1532 762,1533 763,1533 763,1541 770,1541 770,1542 773,1542 773,1543 775,1543 775,1544 777,1544 777,1545 778,1545 778,1546 779,1546 779,1547 780,1547 780,1548 781,1548 781,1549 782,1549 782,1551 783,1551 783,1555 892,1555 892,1556 894,1556 894,1557 895,1557 895,1558 896,1558 896,1559 897,1559 897,1560 898,1560 898,1570 897,1570 897,1573 896,1573 896,1574 895,1574 895,1576 894,1576 894,1577 893,1577 893,1578 892,1578 892,1579 891,1579 891,1580 889,1580 889,1581 887,1581 887,1582 853,1582 853,1583 634,1583 634,1582 615,1582 615,1581 612,1581 612,1580 610,1580 610,1578 609,1578 609,1576 608,1576 608,1575 607,1575 607,1568 608,1568 608,1566 609,1566 609,1564 610,1564 610,1562 611,1562 611,1561 612,1561 612,1560 613,1560 613,1559 614,1559 614,1558 616,1558 616,1557 618,1557 618,1556 619,1556 619,1536 620,1536 620,1535 622,1535 622,1534 624,1534 624,1535 627,1535 627,1536 628,1536 628,1538 629,1538 629,1539 630,1539 630,1554 752,1554 752,1546 753,1546 753,1542 754,1542 754,1540 755,1540 755,1538 756,1538 756,1535 757,1535 757,1533 758,1533 758,1532"/>
					<TextEquiv>
						<Unicode>ἐνετείλατο</Unicode>
					</TextEquiv>
				</Word>
				<Word id="r160">
					<Coords points="1156,1531 1156,1532 1157,1532 1157,1553 1178,1553 1178,1554 1253,1554 1253,1555 1255,1555 1255,1559 1256,1559 1255,1559 1255,1563 1254,1563 1254,1564 1253,1564 1253,1566 1252,1566 1252,1567 1251,1567 1251,1569 1250,1569 1250,1571 1249,1571 1249,1572 1248,1572 1248,1573 1247,1573 1247,1574 1245,1574 1245,1576 1244,1576 1244,1577 1242,1577 1242,1578 1241,1578 1241,1579 1239,1579 1239,1580 1234,1580 1234,1581 1219,1581 1219,1582 1167,1582 1167,1585 1166,1585 1166,1593 1165,1593 1165,1596 1163,1596 1163,1597 1162,1597 1162,1596 1161,1596 1161,1595 1160,1595 1160,1582 1050,1582 1050,1584 1049,1584 1049,1592 1048,1592 1048,1594 1047,1594 1047,1596 1046,1596 1046,1597 1044,1597 1044,1596 1043,1596 1043,1585 942,1585 942,1588 941,1588 941,1593 940,1593 940,1594 939,1594 939,1596 936,1596 936,1595 934,1595 934,1591 935,1591 935,1588 936,1588 936,1586 937,1586 937,1582 938,1582 938,1580 939,1580 939,1577 940,1577 940,1574 941,1574 941,1571 942,1571 942,1568 943,1568 943,1564 944,1564 944,1559 945,1559 945,1557 946,1557 946,1556 949,1556 949,1555 991,1555 991,1554 1036,1554 1036,1553 1146,1553 1146,1549 1147,1549 1147,1545 1148,1545 1148,1542 1149,1542 1149,1539 1150,1539 1150,1537 1151,1537 1151,1535 1152,1535 1152,1532 1154,1532 1154,1531"/>
					<TextEquiv>
						<Unicode>μακροτέραν</Unicode>
					</TextEquiv>
				</Word>
				<Word id="r161">
					<Coords points="1439,1532 1439,1533 1440,1533 1440,1538 1441,1538 1441,1540 1442,1540 1442,1545 1443,1545 1443,1553 1471,1553 1471,1554 1473,1554 1473,1555 1474,1555 1474,1556 1476,1556 1476,1557 1477,1557 1477,1559 1478,1559 1478,1562 1477,1562 1477,1563 1474,1563 1474,1577 1473,1577 1473,1581 1471,1581 1471,1582 1470,1582 1470,1583 1469,1583 1469,1584 1468,1584 1468,1585 1463,1585 1463,1584 1462,1584 1462,1581 1316,1581 1316,1582 1301,1582 1301,1581 1297,1581 1297,1580 1296,1580 1296,1579 1295,1579 1295,1578 1294,1578 1294,1577 1293,1577 1293,1570 1294,1570 1294,1566 1295,1566 1295,1565 1296,1565 1296,1563 1297,1563 1297,1562 1298,1562 1298,1561 1299,1561 1299,1560 1300,1560 1300,1558 1302,1558 1302,1557 1303,1557 1303,1556 1305,1556 1305,1555 1341,1555 1341,1535 1342,1535 1342,1534 1343,1534 1343,1533 1345,1533 1345,1532"/>
					<TextEquiv>
						<Unicode>αὐτοὺς</Unicode>
					</TextEquiv>
				</Word>
				<Word id="r162">
					<Coords points="1665,1531 1665,1532 1666,1532 1666,1562 1684,1562 1684,1563 1687,1563 1687,1565 1688,1565 1688,1567 1687,1567 1687,1568 1669,1568 1669,1571 1668,1571 1668,1573 1667,1573 1667,1576 1666,1576 1666,1577 1665,1577 1665,1578 1663,1578 1663,1579 1659,1579 1659,1580 1623,1580 1623,1581 1588,1581 1588,1583 1587,1583 1587,1592 1586,1592 1586,1595 1585,1595 1585,1596 1584,1596 1584,1597 1583,1597 1583,1596 1581,1596 1581,1582 1520,1582 1520,1567 1514,1567 1514,1565 1513,1565 1513,1561 1514,1561 1514,1558 1515,1558 1515,1557 1516,1557 1516,1556 1517,1556 1517,1555 1547,1555 1547,1554 1571,1554 1571,1553 1654,1553 1654,1546 1655,1546 1655,1544 1656,1544 1656,1543 1657,1543 1657,1540 1658,1540 1658,1538 1659,1538 1659,1535 1660,1535 1660,1534 1661,1534 1661,1532 1663,1532 1663,1531"/>
					<TextEquiv>
						<Unicode>περιά-</Unicode>
					</TextEquiv>
				</Word>
				<TextEquiv>
					<Unicode>ἡγουμένοις ἐνετείλατο μακροτέραν αὐτοὺς περιά-</Unicode>
				</TextEquiv>
			</TextLine>
			<TextLine id="r24">
				<Coords points="1362,1605 1362,1606 1363,1606 1363,1608 1475,1608 1475,1607 1476,1607 1476,1606 1481,1606 1481,1607 1483,1607 1483,1608 1585,1608 1585,1607 1589,1607 1589,1608 1590,1608 1590,1628 1680,1628 1680,1629 1684,1629 1684,1630 1686,1630 1686,1631 1687,1631 1687,1633 1688,1633 1688,1636 1687,1636 1687,1638 1685,1638 1685,1654 1684,1654 1684,1656 1683,1656 1683,1658 1682,1658 1682,1659 1681,1659 1681,1660 1583,1660 1583,1662 1582,1662 1582,1665 1581,1665 1581,1668 1579,1668 1579,1669 1577,1669 1577,1668 1576,1668 1576,1655 1411,1655 1411,1657 1410,1657 1410,1659 1409,1659 1409,1660 1408,1660 1408,1661 1407,1661 1407,1662 1406,1662 1406,1663 1401,1663 1401,1657 1298,1657 1298,1659 1297,1659 1297,1663 1296,1663 1296,1667 1295,1667 1295,1668 1294,1668 1294,1669 1293,1669 1293,1670 1226,1670 1226,1671 1222,1671 1222,1669 1221,1669 1221,1656 1074,1656 1074,1657 1073,1657 1073,1658 1071,1658 1071,1659 1067,1659 1067,1660 1066,1660 1066,1659 1065,1659 1065,1656 893,1656 893,1657 817,1657 817,1673 816,1673 816,1674 814,1674 814,1675 813,1675 813,1676 810,1676 810,1677 810,1676 807,1676 807,1675 806,1675 806,1673 805,1673 805,1672 668,1672 668,1673 667,1673 667,1674 666,1674 666,1675 661,1675 661,1676 660,1676 660,1675 634,1675 634,1674 633,1674 633,1673 470,1673 470,1672 469,1672 469,1671 468,1671 468,1670 467,1670 467,1658 292,1658 292,1663 291,1663 291,1668 290,1668 290,1670 289,1670 289,1671 287,1671 287,1672 285,1672 285,1671 284,1671 284,1648 272,1648 272,1646 271,1646 271,1638 272,1638 272,1636 273,1636 273,1634 274,1634 274,1633 275,1633 275,1632 276,1632 276,1631 320,1631 320,1630 475,1630 475,1620 476,1620 476,1617 477,1617 477,1616 478,1616 478,1614 480,1614 480,1613 482,1613 482,1612 544,1612 544,1611 547,1611 547,1610 551,1610 551,1611 554,1611 554,1612 557,1612 557,1613 558,1613 558,1614 559,1614 559,1615 560,1615 560,1616 561,1616 561,1617 562,1617 562,1619 563,1619 563,1630 698,1630 698,1629 748,1629 748,1622 749,1622 749,1620 750,1620 750,1617 751,1617 751,1614 752,1614 752,1612 753,1612 753,1609 754,1609 754,1608 755,1608 755,1607 759,1607 759,1608 1034,1608 1034,1607 1035,1607 1035,1606 1207,1606 1207,1607 1210,1607 1210,1608 1211,1608 1211,1609 1212,1609 1212,1610 1214,1610 1214,1611 1215,1611 1215,1612 1216,1612 1216,1613 1217,1613 1217,1614 1218,1614 1218,1616 1219,1616 1219,1617 1220,1617 1220,1618 1221,1618 1221,1628 1352,1628 1352,1618 1353,1618 1353,1615 1354,1615 1354,1613 1355,1613 1355,1611 1356,1611 1356,1609 1357,1609 1357,1607 1358,1607 1358,1606 1360,1606 1360,1605"/>
				<Word id="r163">
					<Coords points="377,1630 377,1631 378,1631 378,1632 379,1632 379,1647 391,1647 391,1648 394,1648 394,1649 395,1649 395,1651 396,1651 396,1653 395,1653 395,1656 394,1656 394,1657 391,1657 391,1658 292,1658 292,1663 291,1663 291,1668 290,1668 290,1670 289,1670 289,1671 287,1671 287,1672 285,1672 285,1671 284,1671 284,1648 272,1648 272,1646 271,1646 271,1638 272,1638 272,1636 273,1636 273,1634 274,1634 274,1633 275,1633 275,1632 276,1632 276,1631 320,1631 320,1630"/>
					<TextEquiv>
						<Unicode>γειν.</Unicode>
					</TextEquiv>
				</Word>
				<Word id="r164">
					<Coords points="487,1612 487,1613 489,1613 489,1614 491,1614 491,1616 492,1616 492,1617 493,1617 493,1632 494,1632 494,1633 495,1633 495,1637 496,1637 496,1638 495,1638 495,1643 494,1643 494,1646 493,1646 493,1648 492,1648 492,1652 491,1652 491,1655 490,1655 490,1658 489,1658 489,1662 488,1662 488,1664 487,1664 487,1666 486,1666 486,1667 485,1667 485,1668 477,1668 477,1669 476,1669 476,1671 475,1671 475,1672 473,1672 473,1673 470,1673 470,1672 469,1672 469,1671 468,1671 468,1670 467,1670 467,1658 444,1658 444,1657 443,1657 443,1655 442,1655 442,1642 435,1642 435,1640 434,1640 434,1635 435,1635 435,1633 436,1633 436,1632 437,1632 437,1631 475,1631 475,1620 476,1620 476,1617 477,1617 477,1616 478,1616 478,1614 480,1614 480,1613 482,1613 482,1612"/>
					<TextEquiv>
						<Unicode>τῇ</Unicode>
					</TextEquiv>
				</Word>
				<Word id="r165">
					<Coords points="759,1607 759,1608 760,1608 760,1629 824,1629 824,1630 825,1630 825,1631 826,1631 826,1645 828,1645 828,1646 829,1646 829,1648 828,1648 828,1650 827,1650 827,1651 826,1651 826,1652 825,1652 825,1653 824,1653 824,1654 823,1654 823,1655 821,1655 821,1656 817,1656 817,1673 816,1673 816,1674 814,1674 814,1675 813,1675 813,1676 810,1676 810,1677 810,1676 807,1676 807,1675 806,1675 806,1673 805,1673 805,1672 668,1672 668,1673 667,1673 667,1674 666,1674 666,1675 661,1675 661,1676 660,1676 660,1675 634,1675 634,1674 633,1674 633,1673 565,1673 565,1672 564,1672 564,1668 522,1668 522,1666 521,1666 521,1664 522,1664 522,1662 523,1662 523,1656 524,1656 524,1654 525,1654 525,1650 526,1650 526,1648 527,1648 527,1644 528,1644 528,1639 529,1639 529,1636 530,1636 530,1633 531,1633 531,1631 532,1631 532,1629 533,1629 533,1626 534,1626 534,1624 535,1624 535,1621 536,1621 536,1620 537,1620 537,1618 538,1618 538,1617 539,1617 539,1615 540,1615 540,1614 541,1614 541,1613 543,1613 543,1612 544,1612 544,1611 547,1611 547,1610 551,1610 551,1611 554,1611 554,1612 557,1612 557,1613 558,1613 558,1614 559,1614 559,1615 560,1615 560,1616 561,1616 561,1617 562,1617 562,1619 563,1619 563,1630 698,1630 698,1629 748,1629 748,1622 749,1622 749,1620 750,1620 750,1617 751,1617 751,1614 752,1614 752,1612 753,1612 753,1609 754,1609 754,1608 755,1608 755,1607"/>
					<TextEquiv>
						<Unicode>βραχυτέρᾳ</Unicode>
					</TextEquiv>
				</Word>
				<Word id="r166">
					<Coords points="890,1608 890,1609 891,1609 891,1611 892,1611 892,1613 893,1613 893,1615 894,1615 894,1617 895,1617 895,1619 896,1619 896,1622 897,1622 897,1629 898,1629 898,1630 899,1630 899,1635 898,1635 898,1654 897,1654 897,1655 896,1655 896,1656 893,1656 893,1657 892,1657 892,1656 857,1656 857,1655 854,1655 854,1654 852,1654 852,1652 851,1652 851,1650 850,1650 850,1646 849,1646 849,1641 850,1641 850,1639 851,1639 851,1637 852,1637 852,1636 853,1636 853,1635 854,1635 854,1610 856,1610 856,1609 857,1609 857,1608"/>
					<TextEquiv>
						<Unicode>δὲ</Unicode>
					</TextEquiv>
				</Word>
				<Word id="r167">
					<Coords points="1038,1606 1038,1607 1039,1607 1039,1608 1040,1608 1040,1610 1041,1610 1041,1612 1042,1612 1042,1615 1043,1615 1043,1617 1044,1617 1044,1619 1045,1619 1045,1628 1072,1628 1072,1629 1077,1629 1077,1630 1078,1630 1078,1631 1079,1631 1079,1633 1080,1633 1080,1637 1079,1637 1079,1638 1076,1638 1076,1653 1075,1653 1075,1655 1074,1655 1074,1657 1073,1657 1073,1658 1071,1658 1071,1659 1067,1659 1067,1660 1066,1660 1066,1659 1065,1659 1065,1656 931,1656 931,1655 930,1655 930,1654 929,1654 929,1651 928,1651 928,1648 927,1648 927,1646 928,1646 928,1643 929,1643 929,1640 930,1640 930,1638 931,1638 931,1636 932,1636 932,1635 933,1635 933,1634 934,1634 934,1633 935,1633 935,1632 936,1632 936,1631 939,1631 939,1630 942,1630 942,1629 975,1629 975,1610 976,1610 976,1609 977,1609 977,1608 1034,1608 1034,1607 1035,1607 1035,1606"/>
					<TextEquiv>
						<Unicode>αὐτὸς</Unicode>
					</TextEquiv>
				</Word>
				<Word id="r168">
					<Coords points="1362,1605 1362,1606 1363,1606 1363,1629 1397,1629 1397,1630 1398,1630 1398,1646 1408,1646 1408,1647 1410,1647 1410,1648 1411,1648 1411,1651 1412,1651 1412,1655 1411,1655 1411,1657 1410,1657 1410,1659 1409,1659 1409,1660 1408,1660 1408,1661 1407,1661 1407,1662 1406,1662 1406,1663 1401,1663 1401,1657 1298,1657 1298,1659 1297,1659 1297,1663 1296,1663 1296,1667 1295,1667 1295,1668 1294,1668 1294,1669 1293,1669 1293,1670 1226,1670 1226,1671 1222,1671 1222,1669 1221,1669 1221,1656 1163,1656 1163,1655 1114,1655 1114,1654 1112,1654 1112,1653 1110,1653 1110,1651 1109,1651 1109,1650 1108,1650 1108,1648 1107,1648 1107,1640 1108,1640 1108,1638 1109,1638 1109,1636 1110,1636 1110,1635 1111,1635 1111,1634 1112,1634 1112,1610 1113,1610 1113,1609 1114,1609 1114,1608 1115,1608 1115,1607 1117,1607 1117,1606 1207,1606 1207,1607 1210,1607 1210,1608 1211,1608 1211,1609 1212,1609 1212,1610 1214,1610 1214,1611 1215,1611 1215,1612 1216,1612 1216,1613 1217,1613 1217,1614 1218,1614 1218,1616 1219,1616 1219,1617 1220,1617 1220,1618 1221,1618 1221,1628 1352,1628 1352,1618 1353,1618 1353,1615 1354,1615 1354,1613 1355,1613 1355,1611 1356,1611 1356,1609 1357,1609 1357,1607 1358,1607 1358,1606 1360,1606 1360,1605"/>
					<TextEquiv>
						<Unicode>διαδραμών,</Unicode>
					</TextEquiv>
				</Word>
				<Word id="r169">
					<Coords points="1481,1606 1481,1607 1483,1607 1483,1608 1585,1608 1585,1607 1589,1607 1589,1608 1590,1608 1590,1628 1680,1628 1680,1629 1684,1629 1684,1630 1686,1630 1686,1631 1687,1631 1687,1633 1688,1633 1688,1636 1687,1636 1687,1638 1685,1638 1685,1654 1684,1654 1684,1656 1683,1656 1683,1658 1682,1658 1682,1659 1681,1659 1681,1660 1583,1660 1583,1662 1582,1662 1582,1665 1581,1665 1581,1668 1579,1668 1579,1669 1577,1669 1577,1668 1576,1668 1576,1655 1435,1655 1435,1654 1434,1654 1434,1653 1433,1653 1433,1652 1432,1652 1432,1650 1431,1650 1431,1644 1432,1644 1432,1642 1433,1642 1433,1639 1434,1639 1434,1637 1435,1637 1435,1636 1436,1636 1436,1635 1437,1635 1437,1634 1438,1634 1438,1633 1439,1633 1439,1632 1440,1632 1440,1631 1443,1631 1443,1630 1446,1630 1446,1609 1447,1609 1447,1608 1475,1608 1475,1607 1476,1607 1476,1606"/>
					<TextEquiv>
						<Unicode>ἀδοκήτως</Unicode>
					</TextEquiv>
				</Word>
				<TextEquiv>
					<Unicode>γειν. τῇ βραχυτέρᾳ δὲ αὐτὸς διαδραμών, ἀδοκήτως</Unicode>
				</TextEquiv>
			</TextLine>
			<TextLine id="r35">
				<Coords points="1455,1681 1455,1682 1560,1682 1560,1681 1560,1682 1575,1682 1575,1683 1579,1683 1579,1684 1580,1684 1580,1685 1582,1685 1582,1686 1583,1686 1583,1687 1584,1687 1584,1688 1585,1688 1585,1689 1586,1689 1586,1690 1587,1690 1587,1692 1588,1692 1588,1701 1685,1701 1685,1702 1687,1702 1687,1704 1688,1704 1688,1705 1689,1705 1689,1715 1688,1715 1688,1717 1687,1717 1687,1729 1686,1729 1686,1730 1685,1730 1685,1731 1507,1731 1507,1733 1506,1733 1506,1734 1505,1734 1505,1735 1504,1735 1504,1736 1502,1736 1502,1737 1499,1737 1499,1736 1498,1736 1498,1731 1470,1731 1470,1730 1341,1730 1341,1731 1285,1731 1285,1739 1284,1739 1284,1742 1283,1742 1283,1745 1282,1745 1282,1746 1280,1746 1280,1747 1280,1746 1278,1746 1278,1744 1277,1744 1277,1733 1202,1733 1202,1732 1201,1732 1201,1731 1093,1731 1093,1732 1056,1732 1056,1731 935,1731 935,1732 934,1732 934,1733 933,1733 933,1734 932,1734 932,1735 928,1735 928,1736 928,1735 926,1735 926,1732 677,1732 677,1733 676,1733 676,1734 675,1734 675,1735 673,1735 673,1736 669,1736 669,1733 523,1733 523,1736 522,1736 522,1740 521,1740 521,1743 520,1743 520,1744 519,1744 519,1745 516,1745 516,1734 311,1734 311,1733 279,1733 279,1732 276,1732 276,1731 275,1731 275,1730 274,1730 274,1728 273,1728 273,1720 274,1720 274,1718 275,1718 275,1717 276,1717 276,1715 277,1715 277,1714 278,1714 278,1712 280,1712 280,1711 281,1711 281,1710 282,1710 282,1709 285,1709 285,1708 287,1708 287,1688 291,1688 291,1687 293,1687 293,1688 297,1688 297,1690 298,1690 298,1705 566,1705 566,1696 567,1696 567,1693 568,1693 568,1691 569,1691 569,1688 570,1688 570,1686 571,1686 571,1684 572,1684 572,1683 576,1683 576,1684 577,1684 577,1704 726,1704 726,1698 727,1698 727,1697 728,1697 728,1686 729,1686 729,1685 741,1685 741,1684 743,1684 743,1683 745,1683 745,1684 746,1684 746,1685 747,1685 747,1704 898,1704 898,1692 899,1692 899,1690 900,1690 900,1689 901,1689 901,1688 903,1688 903,1687 976,1687 976,1686 977,1686 977,1685 978,1685 978,1684 1069,1684 1069,1683 1071,1683 1071,1682 1074,1682 1074,1683 1075,1683 1075,1704 1189,1704 1189,1703 1267,1703 1267,1684 1269,1684 1269,1683 1273,1683 1273,1684 1274,1684 1274,1685 1275,1685 1275,1686 1276,1686 1276,1687 1277,1687 1277,1703 1446,1703 1446,1695 1447,1695 1447,1693 1448,1693 1448,1690 1449,1690 1449,1687 1450,1687 1450,1685 1451,1685 1451,1684 1452,1684 1452,1682 1454,1682 1454,1681"/>
				<Word id="r221">
					<Coords points="576,1683 576,1684 577,1684 577,1704 674,1704 674,1705 679,1705 679,1706 681,1706 681,1707 682,1707 682,1708 683,1708 683,1710 684,1710 684,1713 683,1713 683,1714 679,1714 679,1729 678,1729 678,1732 677,1732 677,1733 676,1733 676,1734 675,1734 675,1735 673,1735 673,1736 669,1736 669,1733 523,1733 523,1736 522,1736 522,1740 521,1740 521,1743 520,1743 520,1744 519,1744 519,1745 516,1745 516,1734 311,1734 311,1733 279,1733 279,1732 276,1732 276,1731 275,1731 275,1730 274,1730 274,1728 273,1728 273,1720 274,1720 274,1718 275,1718 275,1717 276,1717 276,1715 277,1715 277,1714 278,1714 278,1712 280,1712 280,1711 281,1711 281,1710 282,1710 282,1709 285,1709 285,1708 287,1708 287,1688 291,1688 291,1687 293,1687 293,1688 297,1688 297,1690 298,1690 298,1705 566,1705 566,1696 567,1696 567,1693 568,1693 568,1691 569,1691 569,1688 570,1688 570,1686 571,1686 571,1684 572,1684 572,1683"/>
					<TextEquiv>
						<Unicode>ἀναπαυομένοις</Unicode>
					</TextEquiv>
				</Word>
				<Word id="r222">
					<Coords points="745,1683 745,1684 746,1684 746,1685 747,1685 747,1704 792,1704 792,1728 791,1728 791,1730 762,1730 762,1731 761,1731 761,1732 729,1732 729,1731 727,1731 727,1730 726,1730 726,1729 724,1729 724,1727 723,1727 723,1725 722,1725 722,1722 721,1722 721,1718 722,1718 722,1716 723,1716 723,1713 724,1713 724,1712 725,1712 725,1711 726,1711 726,1698 727,1698 727,1697 728,1697 728,1686 729,1686 729,1685 741,1685 741,1684 743,1684 743,1683"/>
					<TextEquiv>
						<Unicode>ἔτι</Unicode>
					</TextEquiv>
				</Word>
				<Word id="r223">
					<Coords points="911,1687 911,1688 912,1688 912,1689 914,1689 914,1690 915,1690 915,1696 916,1696 916,1704 934,1704 934,1705 937,1705 937,1706 939,1706 939,1707 940,1707 940,1708 941,1708 941,1710 942,1710 942,1711 941,1711 941,1713 940,1713 940,1714 937,1714 937,1728 936,1728 936,1731 935,1731 935,1732 934,1732 934,1733 933,1733 933,1734 932,1734 932,1735 928,1735 928,1736 928,1735 926,1735 926,1732 844,1732 844,1731 843,1731 843,1730 842,1730 842,1717 835,1717 835,1716 834,1716 834,1708 835,1708 835,1707 836,1707 836,1706 837,1706 837,1705 880,1705 880,1704 898,1704 898,1692 899,1692 899,1690 900,1690 900,1689 901,1689 901,1688 903,1688 903,1687"/>
					<TextEquiv>
						<Unicode>τοῖς</Unicode>
					</TextEquiv>
				</Word>
				<Word id="r224">
					<Coords points="1074,1682 1074,1683 1075,1683 1075,1704 1189,1704 1189,1703 1192,1703 1192,1704 1193,1704 1193,1705 1225,1705 1225,1706 1226,1706 1226,1707 1227,1707 1227,1711 1226,1711 1226,1714 1225,1714 1225,1717 1224,1717 1224,1718 1223,1718 1223,1719 1222,1719 1222,1721 1221,1721 1221,1722 1220,1722 1220,1723 1219,1723 1219,1724 1217,1724 1217,1726 1216,1726 1216,1727 1215,1727 1215,1728 1213,1728 1213,1729 1212,1729 1212,1730 1210,1730 1210,1731 1207,1731 1207,1732 1205,1732 1205,1733 1202,1733 1202,1732 1201,1732 1201,1731 1093,1731 1093,1732 1056,1732 1056,1731 1029,1731 1029,1730 987,1730 987,1697 976,1697 976,1686 977,1686 977,1685 978,1685 978,1684 1069,1684 1069,1683 1071,1683 1071,1682"/>
					<TextEquiv>
						<Unicode>Τεύτοσιν</Unicode>
					</TextEquiv>
				</Word>
				<Word id="r225">
					<Coords points="1455,1681 1455,1682 1457,1682 1457,1704 1493,1704 1493,1706 1494,1706 1494,1721 1506,1721 1506,1722 1507,1722 1507,1723 1508,1723 1508,1730 1507,1730 1507,1733 1506,1733 1506,1734 1505,1734 1505,1735 1504,1735 1504,1736 1502,1736 1502,1737 1499,1737 1499,1736 1498,1736 1498,1731 1470,1731 1470,1730 1341,1730 1341,1731 1285,1731 1285,1739 1284,1739 1284,1742 1283,1742 1283,1745 1282,1745 1282,1746 1280,1746 1280,1747 1280,1746 1278,1746 1278,1744 1277,1744 1277,1731 1262,1731 1262,1730 1260,1730 1260,1729 1258,1729 1258,1728 1257,1728 1257,1726 1256,1726 1256,1724 1255,1724 1255,1722 1254,1722 1254,1718 1255,1718 1255,1715 1256,1715 1256,1714 1257,1714 1257,1712 1258,1712 1258,1710 1259,1710 1259,1709 1260,1709 1260,1708 1261,1708 1261,1707 1262,1707 1262,1706 1264,1706 1264,1705 1267,1705 1267,1684 1269,1684 1269,1683 1273,1683 1273,1684 1274,1684 1274,1685 1275,1685 1275,1686 1276,1686 1276,1687 1277,1687 1277,1703 1446,1703 1446,1695 1447,1695 1447,1693 1448,1693 1448,1690 1449,1690 1449,1687 1450,1687 1450,1685 1451,1685 1451,1684 1452,1684 1452,1682 1454,1682 1454,1681"/>
					<TextEquiv>
						<Unicode>ἐμπεσών,</Unicode>
					</TextEquiv>
				</Word>
				<Word id="r226">
					<Coords points="1560,1682 1575,1682 1575,1683 1579,1683 1579,1684 1580,1684 1580,1685 1582,1685 1582,1686 1583,1686 1583,1687 1584,1687 1584,1688 1585,1688 1585,1689 1586,1689 1586,1690 1587,1690 1587,1692 1588,1692 1588,1701 1685,1701 1685,1702 1687,1702 1687,1704 1688,1704 1688,1705 1689,1705 1689,1715 1688,1715 1688,1717 1687,1717 1687,1729 1686,1729 1686,1730 1685,1730 1685,1731 1547,1731 1547,1730 1544,1730 1544,1729 1541,1729 1541,1727 1540,1727 1540,1725 1539,1725 1539,1724 1538,1724 1538,1722 1537,1722 1537,1715 1538,1715 1538,1713 1539,1713 1539,1712 1540,1712 1540,1710 1541,1710 1541,1708 1542,1708 1542,1696 1543,1696 1543,1687 1544,1687 1544,1685 1545,1685 1545,1684 1546,1684 1546,1683 1558,1683 1558,1682 1560,1682 1560,1681"/>
					<TextEquiv>
						<Unicode>ἔδωκε</Unicode>
					</TextEquiv>
				</Word>
				<TextEquiv>
					<Unicode>ἀναπαυομένοις ἔτι τοῖς Τεύτοσιν ἐμπεσών, ἔδωκε</Unicode>
				</TextEquiv>
			</TextLine>
			<TextLine id="r26">
				<Coords points="1324,1755 1325,1755 1325,1756 1326,1756 1326,1758 1327,1758 1327,1779 1508,1779 1508,1772 1509,1772 1509,1770 1510,1770 1510,1768 1511,1768 1511,1765 1512,1765 1512,1763 1513,1763 1513,1761 1514,1761 1514,1759 1515,1759 1515,1758 1516,1758 1516,1757 1520,1757 1520,1778 1653,1778 1653,1761 1654,1761 1654,1759 1655,1759 1655,1758 1656,1758 1656,1757 1685,1757 1685,1758 1687,1758 1687,1760 1688,1760 1688,1763 1689,1763 1689,1769 1688,1769 1688,1770 1687,1770 1687,1771 1685,1771 1685,1772 1673,1772 1673,1793 1672,1793 1672,1796 1671,1796 1671,1798 1670,1798 1670,1800 1669,1800 1669,1801 1668,1801 1668,1802 1667,1802 1667,1803 1666,1803 1666,1804 1665,1804 1665,1805 1660,1805 1660,1806 1563,1806 1563,1817 1562,1817 1562,1819 1561,1819 1561,1820 1560,1820 1560,1821 1559,1821 1559,1822 1558,1822 1558,1823 1555,1823 1555,1824 1552,1824 1552,1823 1525,1823 1525,1806 1338,1806 1338,1805 1204,1805 1204,1806 1182,1806 1182,1807 1181,1807 1181,1813 1180,1813 1180,1815 1179,1815 1179,1817 1177,1817 1177,1816 1176,1816 1176,1815 1175,1815 1175,1807 1012,1807 1012,1808 1011,1808 1011,1809 1010,1809 1010,1810 1008,1810 1008,1811 1003,1811 1003,1810 1002,1810 1002,1807 809,1807 809,1808 732,1808 732,1809 731,1809 731,1811 730,1811 730,1812 729,1812 729,1813 728,1813 728,1814 726,1814 726,1815 722,1815 722,1814 721,1814 721,1812 703,1812 703,1811 702,1811 702,1807 579,1807 579,1808 506,1808 506,1807 396,1807 396,1808 392,1808 392,1809 379,1809 379,1811 378,1811 378,1814 377,1814 377,1818 376,1818 376,1819 375,1819 375,1821 374,1821 374,1822 373,1822 373,1821 372,1821 372,1820 371,1820 371,1809 304,1809 304,1808 280,1808 280,1807 277,1807 277,1806 276,1806 276,1805 274,1805 274,1804 273,1804 273,1801 272,1801 272,1794 273,1794 273,1790 274,1790 274,1789 275,1789 275,1788 276,1788 276,1786 277,1786 277,1763 278,1763 278,1761 280,1761 280,1760 281,1760 281,1759 316,1759 316,1758 317,1758 317,1759 318,1759 318,1760 319,1760 319,1780 378,1780 378,1781 480,1781 480,1761 481,1761 481,1760 483,1760 483,1759 483,1760 486,1760 486,1761 488,1761 488,1762 489,1762 489,1765 490,1765 490,1780 649,1780 649,1772 650,1772 650,1769 651,1769 651,1767 652,1767 652,1765 653,1765 653,1763 654,1763 654,1761 655,1761 655,1760 656,1760 656,1759 657,1759 657,1760 658,1760 658,1762 659,1762 659,1779 685,1779 685,1780 855,1780 855,1767 856,1767 856,1766 858,1766 858,1765 973,1765 973,1758 974,1758 974,1757 976,1757 976,1758 978,1758 978,1759 979,1759 979,1760 980,1760 980,1763 981,1763 981,1769 982,1769 982,1772 1084,1772 1084,1760 1085,1760 1085,1759 1086,1759 1086,1758 1089,1758 1089,1759 1091,1759 1091,1760 1092,1760 1092,1761 1093,1761 1093,1762 1196,1762 1196,1761 1197,1761 1197,1760 1200,1760 1200,1759 1208,1759 1208,1760 1211,1760 1211,1761 1212,1761 1212,1762 1214,1762 1214,1763 1215,1763 1215,1764 1318,1764 1318,1763 1319,1763 1319,1762 1320,1762 1320,1759 1321,1759 1321,1758 1322,1758 1322,1756 1324,1756"/>
				<Word id="r170">
					<Coords points="317,1758 317,1759 318,1759 318,1760 319,1760 319,1780 378,1780 378,1781 413,1781 413,1782 415,1782 415,1789 414,1789 414,1792 413,1792 413,1793 412,1793 412,1795 411,1795 411,1796 410,1796 410,1797 409,1797 409,1799 407,1799 407,1801 406,1801 406,1802 405,1802 405,1803 404,1803 404,1804 402,1804 402,1805 400,1805 400,1806 399,1806 399,1807 396,1807 396,1808 392,1808 392,1809 379,1809 379,1811 378,1811 378,1814 377,1814 377,1818 376,1818 376,1819 375,1819 375,1821 374,1821 374,1822 373,1822 373,1821 372,1821 372,1820 371,1820 371,1809 304,1809 304,1808 280,1808 280,1807 277,1807 277,1806 276,1806 276,1805 274,1805 274,1804 273,1804 273,1801 272,1801 272,1794 273,1794 273,1790 274,1790 274,1789 275,1789 275,1788 276,1788 276,1786 277,1786 277,1763 278,1763 278,1761 280,1761 280,1760 281,1760 281,1759 316,1759 316,1758"/>
					<TextEquiv>
						<Unicode>δίκην</Unicode>
					</TextEquiv>
				</Word>
				<Word id="r171">
					<Coords points="483,1760 486,1760 486,1761 488,1761 488,1762 489,1762 489,1765 490,1765 490,1780 649,1780 649,1772 650,1772 650,1769 651,1769 651,1767 652,1767 652,1765 653,1765 653,1763 654,1763 654,1761 655,1761 655,1760 656,1760 656,1759 657,1759 657,1760 658,1760 658,1762 659,1762 659,1779 685,1779 685,1780 711,1780 711,1781 714,1781 714,1782 716,1782 716,1783 717,1783 717,1784 718,1784 718,1786 719,1786 719,1798 730,1798 730,1799 731,1799 731,1800 732,1800 732,1802 733,1802 733,1806 732,1806 732,1809 731,1809 731,1811 730,1811 730,1812 729,1812 729,1813 728,1813 728,1814 726,1814 726,1815 722,1815 722,1814 721,1814 721,1812 703,1812 703,1811 702,1811 702,1807 579,1807 579,1808 506,1808 506,1807 470,1807 470,1806 469,1806 469,1805 467,1805 467,1804 466,1804 466,1802 465,1802 465,1795 466,1795 466,1793 467,1793 467,1790 468,1790 468,1788 470,1788 470,1787 471,1787 471,1786 472,1786 472,1785 473,1785 473,1784 474,1784 474,1783 476,1783 476,1782 480,1782 480,1761 481,1761 481,1760 483,1760 483,1759"/>
					<TextEquiv>
						<Unicode>ἀπιστίας,</Unicode>
					</TextEquiv>
				</Word>
				<Word id="r172">
					<Coords points="976,1757 976,1758 978,1758 978,1759 979,1759 979,1760 980,1760 980,1763 981,1763 981,1769 982,1769 982,1772 983,1772 983,1779 1013,1779 1013,1780 1014,1780 1014,1781 1015,1781 1015,1782 1017,1782 1017,1784 1018,1784 1018,1788 1017,1788 1017,1789 1013,1789 1013,1806 1012,1806 1012,1808 1011,1808 1011,1809 1010,1809 1010,1810 1008,1810 1008,1811 1003,1811 1003,1810 1002,1810 1002,1807 809,1807 809,1808 790,1808 790,1807 789,1807 789,1793 785,1793 785,1792 784,1792 784,1791 783,1791 783,1786 784,1786 784,1784 785,1784 785,1782 786,1782 786,1781 791,1781 791,1780 855,1780 855,1767 856,1767 856,1766 858,1766 858,1765 973,1765 973,1758 974,1758 974,1757"/>
					<TextEquiv>
						<Unicode>πολλοὺς</Unicode>
					</TextEquiv>
				</Word>
				<Word id="r173">
					<Coords points="1325,1755 1325,1756 1326,1756 1326,1758 1327,1758 1327,1779 1361,1779 1361,1780 1362,1780 1362,1782 1363,1782 1363,1795 1373,1795 1373,1796 1375,1796 1375,1797 1376,1797 1376,1799 1377,1799 1377,1803 1376,1803 1376,1804 1375,1804 1375,1805 1374,1805 1374,1806 1338,1806 1338,1805 1204,1805 1204,1806 1182,1806 1182,1807 1181,1807 1181,1813 1180,1813 1180,1815 1179,1815 1179,1817 1177,1817 1177,1816 1176,1816 1176,1815 1175,1815 1175,1807 1111,1807 1111,1806 1074,1806 1074,1805 1071,1805 1071,1804 1070,1804 1070,1802 1069,1802 1069,1799 1068,1799 1068,1796 1069,1796 1069,1792 1070,1792 1070,1790 1071,1790 1071,1789 1072,1789 1072,1788 1073,1788 1073,1786 1075,1786 1075,1785 1076,1785 1076,1784 1077,1784 1077,1782 1080,1782 1080,1781 1083,1781 1083,1780 1084,1780 1084,1760 1085,1760 1085,1759 1086,1759 1086,1758 1089,1758 1089,1759 1091,1759 1091,1760 1092,1760 1092,1761 1093,1761 1093,1762 1196,1762 1196,1761 1197,1761 1197,1760 1200,1760 1200,1759 1208,1759 1208,1760 1211,1760 1211,1761 1212,1761 1212,1762 1214,1762 1214,1763 1215,1763 1215,1764 1318,1764 1318,1763 1319,1763 1319,1762 1320,1762 1320,1759 1321,1759 1321,1758 1322,1758 1322,1756 1324,1756 1324,1755"/>
					<TextEquiv>
						<Unicode>ἀποβαλών.</Unicode>
					</TextEquiv>
				</Word>
				<Word id="r174">
					<Coords points="1520,1757 1520,1778 1593,1778 1593,1779 1595,1779 1595,1795 1598,1795 1598,1797 1597,1797 1597,1799 1596,1799 1596,1801 1595,1801 1595,1802 1593,1802 1593,1803 1591,1803 1591,1804 1563,1804 1563,1817 1562,1817 1562,1819 1561,1819 1561,1820 1560,1820 1560,1821 1559,1821 1559,1822 1558,1822 1558,1823 1555,1823 1555,1824 1552,1824 1552,1823 1525,1823 1525,1806 1467,1806 1467,1805 1466,1805 1466,1790 1459,1790 1459,1789 1458,1789 1458,1788 1457,1788 1457,1784 1458,1784 1458,1781 1459,1781 1459,1780 1461,1780 1461,1779 1508,1779 1508,1772 1509,1772 1509,1770 1510,1770 1510,1768 1511,1768 1511,1765 1512,1765 1512,1763 1513,1763 1513,1761 1514,1761 1514,1759 1515,1759 1515,1758 1516,1758 1516,1757"/>
					<TextEquiv>
						<Unicode>τάχα</Unicode>
					</TextEquiv>
				</Word>
				<Word id="r175">
					<Coords points="1685,1757 1685,1758 1687,1758 1687,1760 1688,1760 1688,1763 1689,1763 1689,1769 1688,1769 1688,1770 1687,1770 1687,1771 1685,1771 1685,1772 1673,1772 1673,1793 1672,1793 1672,1796 1671,1796 1671,1798 1670,1798 1670,1800 1669,1800 1669,1801 1668,1801 1668,1802 1667,1802 1667,1803 1666,1803 1666,1804 1665,1804 1665,1805 1660,1805 1660,1806 1657,1806 1657,1805 1655,1805 1655,1804 1653,1804 1653,1803 1652,1803 1652,1802 1650,1802 1650,1801 1649,1801 1649,1798 1648,1798 1648,1796 1647,1796 1647,1792 1648,1792 1648,1789 1649,1789 1649,1786 1650,1786 1650,1785 1651,1785 1651,1784 1652,1784 1652,1783 1653,1783 1653,1761 1654,1761 1654,1759 1655,1759 1655,1758 1656,1758 1656,1757"/>
					<TextEquiv>
						<Unicode>δ᾽</Unicode>
					</TextEquiv>
				</Word>
				<TextEquiv>
					<Unicode>δίκην ἀπιστίας, πολλοὺς ἀποβαλών. τάχα δ᾽</Unicode>
				</TextEquiv>
			</TextLine>
			<TextLine id="r27">
				<Coords points="1253,1831 1253,1832 1254,1832 1254,1833 1255,1833 1255,1837 1289,1837 1289,1838 1290,1838 1290,1854 1454,1854 1454,1833 1455,1833 1455,1832 1522,1832 1522,1833 1523,1833 1523,1834 1593,1834 1593,1835 1597,1835 1597,1836 1598,1836 1598,1837 1600,1837 1600,1838 1601,1838 1601,1839 1602,1839 1602,1840 1603,1840 1603,1843 1604,1843 1604,1853 1680,1853 1680,1854 1685,1854 1685,1855 1687,1855 1687,1856 1688,1856 1688,1857 1689,1857 1689,1858 1690,1858 1690,1863 1689,1863 1689,1864 1688,1864 1688,1865 1687,1865 1687,1879 1686,1879 1686,1881 1685,1881 1685,1882 1684,1882 1684,1883 1683,1883 1683,1884 1681,1884 1681,1885 1612,1885 1612,1889 1611,1889 1611,1895 1610,1895 1610,1896 1609,1896 1609,1897 1606,1897 1606,1896 1526,1896 1526,1895 1524,1895 1524,1882 1351,1882 1351,1883 1350,1883 1350,1884 1348,1884 1348,1885 1346,1885 1346,1886 1279,1886 1279,1893 1278,1893 1278,1895 1277,1895 1277,1896 1275,1896 1275,1895 1215,1895 1215,1894 1212,1894 1212,1893 1108,1893 1108,1890 1107,1890 1107,1887 1004,1887 1004,1888 1003,1888 1003,1889 998,1889 998,1882 671,1882 671,1883 670,1883 670,1884 669,1884 669,1885 668,1885 668,1886 666,1886 666,1887 664,1887 664,1886 662,1886 662,1883 485,1883 485,1884 314,1884 314,1885 310,1885 310,1886 309,1886 309,1885 308,1885 308,1884 277,1884 277,1883 276,1883 276,1882 275,1882 275,1881 274,1881 274,1880 273,1880 273,1878 272,1878 272,1872 273,1872 273,1868 274,1868 274,1867 275,1867 275,1864 276,1864 276,1863 277,1863 277,1862 278,1862 278,1861 279,1861 279,1860 280,1860 280,1843 281,1843 281,1842 286,1842 286,1836 287,1836 287,1835 289,1835 289,1834 290,1834 290,1835 291,1835 291,1836 292,1836 292,1837 293,1837 293,1840 294,1840 294,1842 295,1842 295,1844 296,1844 296,1846 297,1846 297,1849 298,1849 298,1855 433,1855 433,1836 434,1836 434,1835 435,1835 435,1834 438,1834 438,1836 439,1836 439,1837 440,1837 440,1839 441,1839 441,1842 543,1842 543,1840 544,1840 544,1837 545,1837 545,1836 546,1836 546,1835 547,1835 547,1834 549,1834 549,1833 549,1834 551,1834 551,1856 661,1856 661,1855 664,1855 664,1854 732,1854 732,1836 734,1836 734,1835 737,1835 737,1834 825,1834 825,1833 829,1833 829,1840 844,1840 844,1841 847,1841 847,1842 849,1842 849,1843 850,1843 850,1844 851,1844 851,1845 852,1845 852,1846 853,1846 853,1847 854,1847 854,1848 855,1848 855,1850 856,1850 856,1851 857,1851 857,1854 1074,1854 1074,1833 1076,1833 1076,1832 1157,1832 1157,1831"/>
				<Word id="r176">
					<Coords points="290,1834 290,1835 291,1835 291,1836 292,1836 292,1837 293,1837 293,1840 294,1840 294,1842 295,1842 295,1844 296,1844 296,1846 297,1846 297,1849 298,1849 298,1857 333,1857 333,1858 334,1858 334,1863 333,1863 333,1867 332,1867 332,1869 331,1869 331,1871 329,1871 329,1873 328,1873 328,1874 327,1874 327,1875 326,1875 326,1877 325,1877 325,1878 324,1878 324,1879 322,1879 322,1880 321,1880 321,1881 319,1881 319,1882 318,1882 318,1883 316,1883 316,1884 314,1884 314,1885 310,1885 310,1886 309,1886 309,1885 308,1885 308,1884 277,1884 277,1883 276,1883 276,1882 275,1882 275,1881 274,1881 274,1880 273,1880 273,1878 272,1878 272,1872 273,1872 273,1868 274,1868 274,1867 275,1867 275,1864 276,1864 276,1863 277,1863 277,1862 278,1862 278,1861 279,1861 279,1860 280,1860 280,1843 281,1843 281,1842 286,1842 286,1836 287,1836 287,1835 289,1835 289,1834"/>
					<TextEquiv>
						<Unicode>ἂν</Unicode>
					</TextEquiv>
				</Word>
				<Word id="r177">
					<Coords points="438,1834 438,1836 439,1836 439,1837 440,1837 440,1839 441,1839 441,1842 442,1842 442,1845 443,1845 443,1847 444,1847 444,1849 445,1849 445,1871 449,1871 449,1872 450,1872 450,1874 449,1874 449,1877 448,1877 448,1878 447,1878 447,1879 446,1879 446,1881 444,1881 444,1882 443,1882 443,1883 441,1883 441,1884 400,1884 400,1883 362,1883 362,1882 361,1882 361,1880 362,1880 362,1874 363,1874 363,1873 364,1873 364,1872 365,1872 365,1868 366,1868 366,1864 367,1864 367,1861 368,1861 368,1859 369,1859 369,1857 370,1857 370,1856 385,1856 385,1855 433,1855 433,1836 434,1836 434,1835 435,1835 435,1834"/>
					<TextEquiv>
						<Unicode>καὶ</Unicode>
					</TextEquiv>
				</Word>
				<Word id="r178">
					<Coords points="549,1834 551,1834 551,1856 661,1856 661,1855 664,1855 664,1854 671,1854 671,1855 673,1855 673,1856 675,1856 675,1857 676,1857 676,1858 677,1858 677,1860 678,1860 678,1863 677,1863 677,1864 676,1864 676,1865 673,1865 673,1882 671,1882 671,1883 670,1883 670,1884 669,1884 669,1885 668,1885 668,1886 666,1886 666,1887 664,1887 664,1886 662,1886 662,1883 485,1883 485,1884 483,1884 483,1883 481,1883 481,1869 476,1869 476,1868 475,1868 475,1866 474,1866 474,1862 475,1862 475,1860 476,1860 476,1858 477,1858 477,1857 483,1857 483,1856 539,1856 539,1850 540,1850 540,1847 541,1847 541,1844 542,1844 542,1842 543,1842 543,1840 544,1840 544,1837 545,1837 545,1836 546,1836 546,1835 547,1835 547,1834 549,1834 549,1833"/>
					<TextEquiv>
						<Unicode>πάντας</Unicode>
					</TextEquiv>
				</Word>
				<Word id="r179">
					<Coords points="829,1833 829,1840 844,1840 844,1841 847,1841 847,1842 849,1842 849,1843 850,1843 850,1844 851,1844 851,1845 852,1845 852,1846 853,1846 853,1847 854,1847 854,1848 855,1848 855,1850 856,1850 856,1851 857,1851 857,1854 992,1854 992,1855 994,1855 994,1858 995,1858 995,1872 1007,1872 1007,1873 1008,1873 1008,1874 1009,1874 1009,1883 1008,1883 1008,1884 1007,1884 1007,1886 1006,1886 1006,1887 1004,1887 1004,1888 1003,1888 1003,1889 998,1889 998,1882 722,1882 722,1881 720,1881 720,1880 719,1880 719,1879 718,1879 718,1877 717,1877 717,1870 718,1870 718,1867 719,1867 719,1866 720,1866 720,1864 721,1864 721,1863 722,1863 722,1862 723,1862 723,1861 724,1861 724,1860 725,1860 725,1859 726,1859 726,1858 728,1858 728,1857 732,1857 732,1836 734,1836 734,1835 737,1835 737,1834 825,1834 825,1833"/>
					<TextEquiv>
						<Unicode>ἀπώλεσεν,</Unicode>
					</TextEquiv>
				</Word>
				<Word id="r180">
					<Coords points="1079,1832 1079,1833 1081,1833 1081,1834 1082,1834 1082,1835 1083,1835 1083,1837 1084,1837 1084,1842 1083,1842 1083,1844 1082,1844 1082,1874 1081,1874 1081,1877 1080,1877 1080,1878 1079,1878 1079,1879 1078,1879 1078,1880 1077,1880 1077,1881 1075,1881 1075,1882 1050,1882 1050,1881 1047,1881 1047,1880 1045,1880 1045,1879 1044,1879 1044,1878 1043,1878 1043,1877 1042,1877 1042,1875 1041,1875 1041,1874 1040,1874 1040,1866 1041,1866 1041,1863 1042,1863 1042,1862 1043,1862 1043,1860 1044,1860 1044,1859 1046,1859 1046,1858 1047,1858 1047,1857 1048,1857 1048,1856 1049,1856 1049,1855 1052,1855 1052,1854 1074,1854 1074,1833 1076,1833 1076,1832"/>
					<TextEquiv>
						<Unicode>εἰ</Unicode>
					</TextEquiv>
				</Word>
				<Word id="r181">
					<Coords points="1159,1831 1159,1832 1160,1832 1160,1833 1161,1833 1161,1834 1162,1834 1162,1837 1163,1837 1163,1840 1164,1840 1164,1843 1165,1843 1165,1845 1166,1845 1166,1848 1167,1848 1167,1854 1171,1854 1171,1855 1173,1855 1173,1857 1174,1857 1174,1859 1175,1859 1175,1866 1174,1866 1174,1869 1173,1869 1173,1871 1172,1871 1172,1874 1171,1874 1171,1878 1170,1878 1170,1882 1169,1882 1169,1885 1168,1885 1168,1890 1167,1890 1167,1892 1166,1892 1166,1893 1108,1893 1108,1890 1107,1890 1107,1886 1108,1886 1108,1884 1109,1884 1109,1880 1110,1880 1110,1877 1111,1877 1111,1874 1112,1874 1112,1870 1113,1870 1113,1867 1114,1867 1114,1864 1115,1864 1115,1860 1116,1860 1116,1858 1117,1858 1117,1855 1118,1855 1118,1854 1155,1854 1155,1832 1157,1832 1157,1831"/>
					<TextEquiv>
						<Unicode>μὴ</Unicode>
					</TextEquiv>
				</Word>
				<Word id="r182">
					<Coords points="1253,1831 1253,1832 1254,1832 1254,1833 1255,1833 1255,1837 1289,1837 1289,1838 1290,1838 1290,1854 1348,1854 1348,1855 1351,1855 1351,1856 1353,1856 1353,1857 1354,1857 1354,1858 1355,1858 1355,1859 1356,1859 1356,1863 1355,1863 1355,1864 1352,1864 1352,1881 1351,1881 1351,1883 1350,1883 1350,1884 1348,1884 1348,1885 1346,1885 1346,1886 1279,1886 1279,1893 1278,1893 1278,1895 1277,1895 1277,1896 1275,1896 1275,1895 1215,1895 1215,1894 1212,1894 1212,1893 1211,1893 1211,1892 1210,1892 1210,1879 1209,1879 1209,1877 1208,1877 1208,1876 1207,1876 1207,1867 1208,1867 1208,1864 1209,1864 1209,1861 1210,1861 1210,1860 1211,1860 1211,1841 1212,1841 1212,1839 1213,1839 1213,1838 1214,1838 1214,1836 1216,1836 1216,1835 1248,1835 1248,1834 1250,1834 1250,1833 1251,1833 1251,1832 1252,1832 1252,1831"/>
					<TextEquiv>
						<Unicode>ζόφος</Unicode>
					</TextEquiv>
				</Word>
				<Word id="r183">
					<Coords points="1459,1832 1459,1833 1460,1833 1460,1834 1461,1834 1461,1838 1462,1838 1462,1840 1463,1840 1463,1841 1464,1841 1464,1842 1465,1842 1465,1847 1466,1847 1466,1849 1467,1849 1467,1869 1470,1869 1470,1870 1471,1870 1471,1872 1470,1872 1470,1874 1469,1874 1469,1875 1468,1875 1468,1877 1467,1877 1467,1878 1466,1878 1466,1879 1465,1879 1465,1880 1464,1880 1464,1881 1440,1881 1440,1882 1424,1882 1424,1881 1421,1881 1421,1880 1384,1880 1384,1877 1385,1877 1385,1874 1386,1874 1386,1872 1387,1872 1387,1868 1388,1868 1388,1866 1389,1866 1389,1864 1390,1864 1390,1859 1391,1859 1391,1857 1392,1857 1392,1856 1393,1856 1393,1855 1408,1855 1408,1854 1454,1854 1454,1833 1455,1833 1455,1832"/>
					<TextEquiv>
						<Unicode>καὶ</Unicode>
					</TextEquiv>
				</Word>
				<Word id="r184">
					<Coords points="1522,1832 1522,1833 1523,1833 1523,1834 1593,1834 1593,1835 1597,1835 1597,1836 1598,1836 1598,1837 1600,1837 1600,1838 1601,1838 1601,1839 1602,1839 1602,1840 1603,1840 1603,1843 1604,1843 1604,1853 1680,1853 1680,1854 1685,1854 1685,1855 1687,1855 1687,1856 1688,1856 1688,1857 1689,1857 1689,1858 1690,1858 1690,1863 1689,1863 1689,1864 1688,1864 1688,1865 1687,1865 1687,1879 1686,1879 1686,1881 1685,1881 1685,1882 1684,1882 1684,1883 1683,1883 1683,1884 1681,1884 1681,1885 1612,1885 1612,1889 1611,1889 1611,1895 1610,1895 1610,1896 1609,1896 1609,1897 1606,1897 1606,1896 1526,1896 1526,1895 1524,1895 1524,1880 1504,1880 1504,1879 1502,1879 1502,1878 1501,1878 1501,1877 1499,1877 1499,1876 1498,1876 1498,1874 1497,1874 1497,1871 1496,1871 1496,1867 1497,1867 1497,1862 1498,1862 1498,1861 1499,1861 1499,1859 1500,1859 1500,1858 1501,1858 1501,1856 1502,1856 1502,1855 1504,1855 1504,1854 1505,1854 1505,1834 1518,1834 1518,1833 1519,1833 1519,1832"/>
					<TextEquiv>
						<Unicode>ὄμβρος</Unicode>
					</TextEquiv>
				</Word>
				<TextEquiv>
					<Unicode>ἂν καὶ πάντας ἀπώλεσεν, εἰ μὴ ζόφος καὶ ὄμβρος</Unicode>
				</TextEquiv>
			</TextLine>
			<TextLine id="r28">
				<Coords points="1267,1907 1267,1908 1268,1908 1268,1929 1574,1929 1574,1920 1575,1920 1575,1918 1576,1918 1576,1916 1577,1916 1577,1914 1578,1914 1578,1911 1579,1911 1579,1910 1580,1910 1580,1908 1581,1908 1581,1907 1585,1907 1585,1908 1586,1908 1586,1929 1682,1929 1682,1930 1686,1930 1686,1931 1687,1931 1687,1932 1688,1932 1688,1933 1689,1933 1689,1935 1690,1935 1690,1938 1689,1938 1689,1939 1688,1939 1688,1940 1687,1940 1687,1957 1686,1957 1686,1958 1685,1958 1685,1960 1684,1960 1684,1961 1681,1961 1681,1962 1657,1962 1657,1965 1656,1965 1656,1967 1655,1967 1655,1969 1654,1969 1654,1970 1650,1970 1650,1969 1649,1969 1649,1957 1532,1957 1532,1958 1197,1958 1197,1959 1196,1959 1196,1960 1195,1960 1195,1961 1169,1961 1169,1966 1168,1966 1168,1968 1166,1968 1166,1969 1142,1969 1142,1970 1141,1970 1141,1972 1140,1972 1140,1973 1139,1973 1139,1974 1138,1974 1138,1975 1135,1975 1135,1976 1107,1976 1107,1975 1105,1975 1105,1972 1030,1972 1030,1971 953,1971 953,1970 952,1970 952,1965 863,1965 863,1964 862,1964 862,1958 731,1958 731,1959 730,1959 730,1967 729,1967 729,1971 728,1971 728,1972 727,1972 727,1973 725,1973 725,1972 724,1972 724,1970 648,1970 648,1969 645,1969 645,1968 644,1968 644,1959 444,1959 444,1962 443,1962 443,1971 442,1971 442,1974 441,1974 441,1975 439,1975 439,1974 437,1974 437,1969 396,1969 396,1968 395,1968 395,1966 394,1966 394,1960 346,1960 346,1959 274,1959 274,1957 273,1957 273,1956 274,1956 274,1952 275,1952 275,1949 276,1949 276,1947 277,1947 277,1944 278,1944 278,1941 279,1941 279,1937 280,1937 280,1934 281,1934 281,1933 296,1933 296,1932 342,1932 342,1911 343,1911 343,1910 344,1910 344,1909 346,1909 346,1910 348,1910 348,1912 425,1912 425,1913 429,1913 429,1914 431,1914 431,1915 432,1915 432,1916 433,1916 433,1917 434,1917 434,1919 435,1919 435,1931 599,1931 599,1910 600,1910 600,1909 603,1909 603,1910 674,1910 674,1911 678,1911 678,1912 680,1912 680,1913 682,1913 682,1914 683,1914 683,1916 684,1916 684,1917 786,1917 786,1916 787,1916 787,1915 788,1915 788,1914 789,1914 789,1913 797,1913 797,1914 799,1914 799,1915 800,1915 800,1916 801,1916 801,1918 802,1918 802,1930 943,1930 943,1923 944,1923 944,1918 945,1918 945,1916 946,1916 946,1915 948,1915 948,1914 949,1914 949,1913 958,1913 958,1914 959,1914 959,1915 960,1915 960,1916 961,1916 961,1917 962,1917 962,1919 963,1919 963,1930 1088,1930 1088,1922 1089,1922 1089,1920 1090,1920 1090,1918 1091,1918 1091,1914 1092,1914 1092,1912 1093,1912 1093,1911 1094,1911 1094,1910 1095,1910 1095,1909 1096,1909 1096,1908 1100,1908 1100,1910 1101,1910 1101,1929 1248,1929 1248,1911 1249,1911 1249,1910 1262,1910 1262,1909 1263,1909 1263,1908 1264,1908 1264,1907"/>
				<Word id="r185">
					<Coords points="346,1909 346,1910 348,1910 348,1912 349,1912 349,1915 350,1915 350,1918 351,1918 351,1920 352,1920 352,1923 353,1923 353,1926 354,1926 354,1929 355,1929 355,1947 358,1947 358,1948 359,1948 359,1950 358,1950 358,1952 357,1952 357,1954 356,1954 356,1955 355,1955 355,1956 354,1956 354,1957 353,1957 353,1958 352,1958 352,1959 350,1959 350,1960 346,1960 346,1959 274,1959 274,1957 273,1957 273,1956 274,1956 274,1952 275,1952 275,1949 276,1949 276,1947 277,1947 277,1944 278,1944 278,1941 279,1941 279,1937 280,1937 280,1934 281,1934 281,1933 296,1933 296,1932 342,1932 342,1911 343,1911 343,1910 344,1910 344,1909"/>
					<TextEquiv>
						<Unicode>καὶ</Unicode>
					</TextEquiv>
				</Word>
				<Word id="r186">
					<Coords points="603,1909 603,1910 604,1910 604,1911 605,1911 605,1913 606,1913 606,1915 607,1915 607,1917 608,1917 608,1920 609,1920 609,1923 610,1923 610,1925 611,1925 611,1946 614,1946 614,1947 615,1947 615,1950 614,1950 614,1952 613,1952 613,1954 612,1954 612,1955 611,1955 611,1957 610,1957 610,1958 608,1958 608,1959 444,1959 444,1962 443,1962 443,1971 442,1971 442,1974 441,1974 441,1975 439,1975 439,1974 437,1974 437,1969 396,1969 396,1968 395,1968 395,1966 394,1966 394,1965 395,1965 395,1960 396,1960 396,1957 397,1957 397,1954 398,1954 398,1952 399,1952 399,1949 400,1949 400,1943 401,1943 401,1940 402,1940 402,1937 403,1937 403,1933 404,1933 404,1931 405,1931 405,1928 406,1928 406,1926 407,1926 407,1924 408,1924 408,1921 409,1921 409,1920 410,1920 410,1919 411,1919 411,1917 412,1917 412,1916 413,1916 413,1915 414,1915 414,1914 416,1914 416,1913 419,1913 419,1912 425,1912 425,1913 429,1913 429,1914 431,1914 431,1915 432,1915 432,1916 433,1916 433,1917 434,1917 434,1919 435,1919 435,1931 599,1931 599,1910 600,1910 600,1909"/>
					<TextEquiv>
						<Unicode>βρονταὶ</Unicode>
					</TextEquiv>
				</Word>
				<Word id="r187">
					<Coords points="674,1911 678,1911 678,1912 680,1912 680,1913 682,1913 682,1914 683,1914 683,1916 684,1916 684,1917 786,1917 786,1916 787,1916 787,1915 788,1915 788,1914 789,1914 789,1913 797,1913 797,1914 799,1914 799,1915 800,1915 800,1916 801,1916 801,1918 802,1918 802,1930 853,1930 853,1931 854,1931 854,1946 857,1946 857,1948 870,1948 870,1949 871,1949 871,1951 872,1951 872,1952 873,1952 873,1957 872,1957 872,1959 871,1959 871,1961 870,1961 870,1962 869,1962 869,1963 867,1963 867,1964 864,1964 864,1965 863,1965 863,1964 862,1964 862,1958 731,1958 731,1959 730,1959 730,1967 729,1967 729,1971 728,1971 728,1972 727,1972 727,1973 725,1973 725,1972 724,1972 724,1970 648,1970 648,1969 645,1969 645,1968 644,1968 644,1964 645,1964 645,1961 646,1961 646,1957 647,1957 647,1956 648,1956 648,1952 649,1952 649,1949 650,1949 650,1946 651,1946 651,1942 652,1942 652,1938 653,1938 653,1935 654,1935 654,1931 655,1931 655,1929 656,1929 656,1926 657,1926 657,1923 658,1923 658,1921 659,1921 659,1920 660,1920 660,1918 661,1918 661,1917 662,1917 662,1916 663,1916 663,1915 664,1915 664,1914 665,1914 665,1913 666,1913 666,1912 669,1912 669,1911 674,1911 674,1910"/>
					<TextEquiv>
						<Unicode>βαρεῖαι,</Unicode>
					</TextEquiv>
				</Word>
				<Word id="r188">
					<Coords points="958,1913 958,1914 959,1914 959,1915 960,1915 960,1916 961,1916 961,1917 962,1917 962,1919 963,1919 963,1931 986,1931 986,1932 988,1932 988,1933 989,1933 989,1935 990,1935 990,1937 991,1937 991,1939 990,1939 990,1940 987,1940 987,1955 986,1955 986,1958 985,1958 985,1959 984,1959 984,1960 983,1960 983,1961 979,1961 979,1962 959,1962 959,1966 958,1966 958,1970 957,1970 957,1971 953,1971 953,1970 952,1970 952,1957 912,1957 912,1955 911,1955 911,1954 910,1954 910,1940 904,1940 904,1939 903,1939 903,1934 904,1934 904,1932 905,1932 905,1931 907,1931 907,1930 943,1930 943,1923 944,1923 944,1918 945,1918 945,1916 946,1916 946,1915 948,1915 948,1914 949,1914 949,1913"/>
					<TextEquiv>
						<Unicode>τῆς</Unicode>
					</TextEquiv>
				</Word>
				<Word id="r189">
					<Coords points="1100,1908 1100,1910 1101,1910 1101,1929 1172,1929 1172,1930 1198,1930 1198,1931 1200,1931 1200,1932 1201,1932 1201,1933 1202,1933 1202,1935 1203,1935 1203,1938 1202,1938 1202,1939 1198,1939 1198,1956 1197,1956 1197,1959 1196,1959 1196,1960 1195,1960 1195,1961 1169,1961 1169,1966 1168,1966 1168,1968 1166,1968 1166,1969 1142,1969 1142,1970 1141,1970 1141,1972 1140,1972 1140,1973 1139,1973 1139,1974 1138,1974 1138,1975 1135,1975 1135,1976 1107,1976 1107,1975 1105,1975 1105,1972 1030,1972 1030,1971 1029,1971 1029,1966 1030,1966 1030,1962 1031,1962 1031,1959 1032,1959 1032,1957 1033,1957 1033,1953 1034,1953 1034,1950 1035,1950 1035,1946 1036,1946 1036,1942 1037,1942 1037,1939 1038,1939 1038,1934 1039,1934 1039,1933 1040,1933 1040,1931 1042,1931 1042,1930 1088,1930 1088,1922 1089,1922 1089,1920 1090,1920 1090,1918 1091,1918 1091,1914 1092,1914 1092,1912 1093,1912 1093,1911 1094,1911 1094,1910 1095,1910 1095,1909 1096,1909 1096,1908"/>
					<TextEquiv>
						<Unicode>μάχης</Unicode>
					</TextEquiv>
				</Word>
				<Word id="r190">
					<Coords points="1267,1907 1267,1908 1268,1908 1268,1929 1311,1929 1311,1930 1313,1930 1313,1945 1315,1945 1315,1946 1317,1946 1317,1947 1316,1947 1316,1949 1315,1949 1315,1952 1314,1952 1314,1953 1313,1953 1313,1954 1312,1954 1312,1955 1311,1955 1311,1956 1307,1956 1307,1957 1279,1957 1279,1958 1279,1957 1250,1957 1250,1956 1248,1956 1248,1955 1246,1955 1246,1954 1245,1954 1245,1952 1244,1952 1244,1950 1243,1950 1243,1941 1244,1941 1244,1939 1245,1939 1245,1937 1246,1937 1246,1936 1247,1936 1247,1935 1248,1935 1248,1911 1249,1911 1249,1910 1262,1910 1262,1909 1263,1909 1263,1908 1264,1908 1264,1907"/>
					<TextEquiv>
						<Unicode>ἔτι</Unicode>
					</TextEquiv>
				</Word>
				<Word id="r191">
					<Coords points="1585,1907 1585,1908 1586,1908 1586,1929 1682,1929 1682,1930 1686,1930 1686,1931 1687,1931 1687,1932 1688,1932 1688,1933 1689,1933 1689,1935 1690,1935 1690,1938 1689,1938 1689,1939 1688,1939 1688,1940 1687,1940 1687,1957 1686,1957 1686,1958 1685,1958 1685,1960 1684,1960 1684,1961 1681,1961 1681,1962 1657,1962 1657,1965 1656,1965 1656,1967 1655,1967 1655,1969 1654,1969 1654,1970 1650,1970 1650,1969 1649,1969 1649,1957 1532,1957 1532,1958 1365,1958 1365,1957 1363,1957 1363,1956 1362,1956 1362,1955 1360,1955 1360,1954 1359,1954 1359,1953 1358,1953 1358,1952 1357,1952 1357,1948 1356,1948 1356,1945 1357,1945 1357,1941 1358,1941 1358,1938 1359,1938 1359,1937 1360,1937 1360,1936 1362,1936 1362,1935 1363,1935 1363,1934 1364,1934 1364,1933 1366,1933 1366,1932 1368,1932 1368,1931 1372,1931 1372,1930 1400,1930 1400,1929 1574,1929 1574,1920 1575,1920 1575,1918 1576,1918 1576,1916 1577,1916 1577,1914 1578,1914 1578,1911 1579,1911 1579,1910 1580,1910 1580,1908 1581,1908 1581,1907"/>
					<TextEquiv>
						<Unicode>συνεστώσης</Unicode>
					</TextEquiv>
				</Word>
				<TextEquiv>
					<Unicode>καὶ βρονταὶ βαρεῖαι, τῆς μάχης ἔτι συνεστώσης</Unicode>
				</TextEquiv>
			</TextLine>
			<TextLine id="r29">
				<Coords points="1183,1982 1183,1983 1184,1983 1184,1984 1185,1984 1185,1987 1186,1987 1186,1990 1288,1990 1288,1985 1289,1985 1289,1984 1290,1984 1290,1983 1354,1983 1354,1982 1444,1982 1444,1983 1446,1983 1446,1984 1448,1984 1448,1986 1449,1986 1449,1990 1555,1990 1555,1989 1556,1989 1556,1987 1557,1987 1557,1986 1558,1986 1558,1984 1562,1984 1562,1985 1563,1985 1563,1990 1574,1990 1574,1991 1577,1991 1577,1992 1578,1992 1578,1993 1579,1993 1579,1994 1581,1994 1581,1996 1582,1996 1582,1997 1583,1997 1583,1998 1584,1998 1584,1999 1585,1999 1585,2003 1586,2003 1586,2005 1621,2005 1621,2006 1673,2006 1673,2008 1674,2008 1674,2022 1684,2022 1684,2023 1686,2023 1686,2025 1687,2025 1687,2035 1686,2035 1686,2036 1685,2036 1685,2037 1684,2037 1684,2038 1682,2038 1682,2039 1678,2039 1678,2033 1556,2033 1556,2035 1555,2035 1555,2040 1554,2040 1554,2043 1553,2043 1553,2044 1550,2044 1550,2043 1549,2043 1549,2031 1334,2031 1334,2032 1319,2032 1319,2033 1318,2033 1318,2032 1216,2032 1216,2033 1214,2033 1214,2034 1212,2034 1212,2035 1210,2035 1210,2034 1209,2034 1209,2031 1090,2031 1090,2032 1088,2032 1088,2033 1082,2033 1082,2032 1080,2032 1080,2031 957,2031 957,2032 866,2032 866,2036 865,2036 865,2040 864,2040 864,2043 863,2043 863,2044 860,2044 860,2045 860,2044 858,2044 858,2033 780,2033 780,2032 640,2032 640,2034 639,2034 639,2036 638,2036 638,2038 637,2038 637,2039 635,2039 635,2040 634,2040 634,2041 629,2041 629,2040 628,2040 628,2033 484,2033 484,2034 387,2034 387,2035 305,2035 305,2034 285,2034 285,2033 279,2033 279,2032 277,2032 277,2031 276,2031 276,2030 275,2030 275,2029 274,2029 274,2027 273,2027 273,2016 274,2016 274,2014 276,2014 276,2012 277,2012 277,2011 278,2011 278,2010 280,2010 280,2009 281,2009 281,2008 284,2008 284,1988 286,1988 286,1987 288,1987 288,1986 289,1986 289,1987 291,1987 291,1988 292,1988 292,1989 293,1989 293,1991 294,1991 294,2005 508,2005 508,1994 509,1994 509,1992 510,1992 510,1991 511,1991 511,1990 512,1990 512,1989 515,1989 515,1988 517,1988 517,1987 518,1987 518,1988 522,1988 522,1989 523,1989 523,1990 525,1990 525,1992 526,1992 526,1994 527,1994 527,2005 699,2005 699,1987 700,1987 700,1985 701,1985 701,1984 702,1984 702,1983 767,1983 767,1984 768,1984 768,1985 769,1985 769,2004 866,2004 866,2005 1053,2005 1053,2004 1086,2004 1086,1986 1087,1986 1087,1985 1089,1985 1089,1984 1179,1984 1179,1982"/>
				<Word id="r192">
					<Coords points="289,1986 289,1987 291,1987 291,1988 292,1988 292,1989 293,1989 293,1991 294,1991 294,2005 508,2005 508,1994 509,1994 509,1992 510,1992 510,1991 511,1991 511,1990 512,1990 512,1989 515,1989 515,1988 517,1988 517,1987 518,1987 518,1988 522,1988 522,1989 523,1989 523,1990 525,1990 525,1992 526,1992 526,1994 527,1994 527,2005 621,2005 621,2006 622,2006 622,2022 636,2022 636,2023 639,2023 639,2024 640,2024 640,2027 641,2027 641,2030 640,2030 640,2034 639,2034 639,2036 638,2036 638,2038 637,2038 637,2039 635,2039 635,2040 634,2040 634,2041 629,2041 629,2040 628,2040 628,2033 484,2033 484,2034 387,2034 387,2035 305,2035 305,2034 285,2034 285,2033 279,2033 279,2032 277,2032 277,2031 276,2031 276,2030 275,2030 275,2029 274,2029 274,2027 273,2027 273,2016 274,2016 274,2014 276,2014 276,2012 277,2012 277,2011 278,2011 278,2010 280,2010 280,2009 281,2009 281,2008 284,2008 284,1988 286,1988 286,1987 288,1987 288,1986"/>
					<TextEquiv>
						<Unicode>ἐπιπεσοῦσαι,</Unicode>
					</TextEquiv>
				</Word>
				<Word id="r193">
					<Coords points="767,1983 767,1984 768,1984 768,1985 769,1985 769,2004 866,2004 866,2005 975,2005 975,2006 976,2006 976,2007 977,2007 977,2014 976,2014 976,2015 975,2015 975,2017 974,2017 974,2018 973,2018 973,2019 972,2019 972,2021 971,2021 971,2023 970,2023 970,2024 969,2024 969,2025 967,2025 967,2027 965,2027 965,2028 963,2028 963,2029 962,2029 962,2030 961,2030 961,2031 957,2031 957,2032 866,2032 866,2036 865,2036 865,2040 864,2040 864,2043 863,2043 863,2044 860,2044 860,2045 860,2044 858,2044 858,2033 780,2033 780,2032 704,2032 704,2031 701,2031 701,2030 699,2030 699,2029 698,2029 698,2028 697,2028 697,2027 696,2027 696,2026 695,2026 695,2022 694,2022 694,2019 695,2019 695,2016 696,2016 696,2013 697,2013 697,2012 698,2012 698,2010 699,2010 699,1987 700,1987 700,1985 701,1985 701,1984 702,1984 702,1983"/>
					<TextEquiv>
						<Unicode>διέστησαν</Unicode>
					</TextEquiv>
				</Word>
				<Word id="r194">
					<Coords points="1183,1982 1183,1983 1184,1983 1184,1984 1185,1984 1185,1987 1186,1987 1186,1990 1187,1990 1187,1992 1188,1992 1188,1996 1189,1996 1189,2004 1215,2004 1215,2005 1218,2005 1218,2006 1220,2006 1220,2007 1221,2007 1221,2008 1222,2008 1222,2010 1223,2010 1223,2012 1222,2012 1222,2013 1221,2013 1221,2014 1218,2014 1218,2030 1217,2030 1217,2032 1216,2032 1216,2033 1214,2033 1214,2034 1212,2034 1212,2035 1210,2035 1210,2034 1209,2034 1209,2031 1090,2031 1090,2032 1088,2032 1088,2033 1082,2033 1082,2032 1080,2032 1080,2031 1045,2031 1045,2030 1042,2030 1042,2029 1041,2029 1041,2028 1040,2028 1040,2027 1039,2027 1039,2025 1038,2025 1038,2019 1039,2019 1039,2017 1040,2017 1040,2015 1041,2015 1041,2013 1042,2013 1042,2011 1043,2011 1043,2010 1044,2010 1044,2009 1045,2009 1045,2008 1046,2008 1046,2007 1047,2007 1047,2006 1049,2006 1049,2005 1053,2005 1053,2004 1086,2004 1086,1986 1087,1986 1087,1985 1089,1985 1089,1984 1179,1984 1179,1982"/>
					<TextEquiv>
						<Unicode>αὐτοὺς</Unicode>
					</TextEquiv>
				</Word>
				<Word id="r195">
					<Coords points="1360,1982 1360,1983 1362,1983 1362,1984 1363,1984 1363,1986 1364,1986 1364,1993 1363,1993 1363,1995 1362,1995 1362,1996 1361,1996 1361,1997 1360,1997 1360,1998 1350,1998 1350,2010 1349,2010 1349,2011 1338,2011 1338,2012 1337,2012 1337,2029 1336,2029 1336,2031 1334,2031 1334,2032 1319,2032 1319,2033 1318,2033 1318,2032 1316,2032 1316,2031 1279,2031 1279,2030 1277,2030 1277,2029 1275,2029 1275,2028 1274,2028 1274,2027 1273,2027 1273,2017 1274,2017 1274,2016 1275,2016 1275,2013 1276,2013 1276,2012 1277,2012 1277,2011 1278,2011 1278,2010 1279,2010 1279,2009 1280,2009 1280,2008 1281,2008 1281,2007 1282,2007 1282,2006 1284,2006 1284,2005 1288,2005 1288,1985 1289,1985 1289,1984 1290,1984 1290,1983 1354,1983 1354,1982"/>
					<TextEquiv>
						<Unicode>ἀπ᾽</Unicode>
					</TextEquiv>
				</Word>
				<Word id="r196">
					<Coords points="1444,1982 1444,1983 1446,1983 1446,1984 1448,1984 1448,1986 1449,1986 1449,1990 1555,1990 1555,1989 1556,1989 1556,1987 1557,1987 1557,1986 1558,1986 1558,1984 1562,1984 1562,1985 1563,1985 1563,1990 1574,1990 1574,1991 1577,1991 1577,1992 1578,1992 1578,1993 1579,1993 1579,1994 1581,1994 1581,1996 1582,1996 1582,1997 1583,1997 1583,1998 1584,1998 1584,1999 1585,1999 1585,2003 1586,2003 1586,2005 1621,2005 1621,2006 1673,2006 1673,2008 1674,2008 1674,2022 1684,2022 1684,2023 1686,2023 1686,2025 1687,2025 1687,2035 1686,2035 1686,2036 1685,2036 1685,2037 1684,2037 1684,2038 1682,2038 1682,2039 1678,2039 1678,2033 1556,2033 1556,2035 1555,2035 1555,2040 1554,2040 1554,2043 1553,2043 1553,2044 1550,2044 1550,2043 1549,2043 1549,2031 1427,2031 1427,2030 1426,2030 1426,2028 1425,2028 1425,2026 1424,2026 1424,2018 1425,2018 1425,2015 1426,2015 1426,2013 1427,2013 1427,2011 1428,2011 1428,2010 1429,2010 1429,2009 1431,2009 1431,2008 1432,2008 1432,2007 1433,2007 1433,2006 1435,2006 1435,2005 1439,2005 1439,1984 1441,1984 1441,1983 1443,1983 1443,1982"/>
					<TextEquiv>
						<Unicode>ἀλλήλων,</Unicode>
					</TextEquiv>
				</Word>
				<TextEquiv>
					<Unicode>ἐπιπεσοῦσαι, διέστησαν αὐτοὺς ἀπ᾽ ἀλλήλων,</Unicode>
				</TextEquiv>
			</TextLine>
			<TextLine id="r30">
				<Coords points="1477,2057 1482,2057 1482,2058 1484,2058 1484,2059 1487,2059 1487,2060 1488,2060 1488,2061 1489,2061 1489,2063 1490,2063 1490,2065 1599,2065 1599,2064 1600,2064 1600,2062 1601,2062 1601,2060 1602,2060 1602,2059 1603,2059 1603,2058 1608,2058 1608,2059 1638,2059 1638,2060 1639,2060 1639,2061 1640,2061 1640,2062 1641,2062 1641,2067 1642,2067 1642,2080 1672,2080 1672,2081 1673,2081 1673,2082 1674,2082 1674,2085 1675,2085 1675,2099 1685,2099 1685,2100 1686,2100 1686,2101 1687,2101 1687,2106 1686,2106 1686,2107 1670,2107 1670,2108 1669,2108 1669,2111 1668,2111 1668,2116 1667,2116 1667,2119 1662,2119 1662,2107 1433,2107 1433,2108 1432,2108 1432,2109 1431,2109 1431,2110 1429,2110 1429,2111 1339,2111 1339,2114 1338,2114 1338,2116 1337,2116 1337,2118 1336,2118 1336,2119 1334,2119 1334,2120 1333,2120 1333,2121 1330,2121 1330,2122 1326,2122 1326,2121 1324,2121 1324,2120 1322,2120 1322,2119 1299,2119 1299,2118 1298,2118 1298,2107 1208,2107 1208,2106 1083,2106 1083,2107 865,2107 865,2108 864,2108 864,2109 863,2109 863,2110 862,2110 862,2111 860,2111 860,2112 837,2112 837,2113 836,2113 836,2118 835,2118 835,2119 834,2119 834,2120 832,2120 832,2121 832,2120 830,2120 830,2119 829,2119 829,2108 578,2108 578,2109 517,2109 517,2115 516,2115 516,2118 514,2118 514,2119 513,2119 513,2118 512,2118 512,2109 350,2109 350,2110 311,2110 311,2109 273,2109 273,2108 272,2108 272,2106 273,2106 273,2100 274,2100 274,2098 275,2098 275,2096 276,2096 276,2094 277,2094 277,2087 278,2087 278,2085 279,2085 279,2084 280,2084 280,2083 295,2083 295,2082 342,2082 342,2061 343,2061 343,2060 413,2060 413,2059 415,2059 415,2058 419,2058 419,2059 420,2059 420,2060 545,2060 545,2059 546,2059 546,2058 549,2058 549,2059 550,2059 550,2060 655,2060 655,2059 723,2059 723,2058 728,2058 728,2059 729,2059 729,2061 730,2061 730,2062 923,2062 923,2060 936,2060 936,2058 937,2058 937,2057 940,2057 940,2058 1042,2058 1042,2059 1045,2059 1045,2060 1046,2060 1046,2061 1047,2061 1047,2064 1048,2064 1048,2067 1049,2067 1049,2079 1155,2079 1155,2059 1156,2059 1156,2058 1159,2058 1159,2057 1159,2058 1161,2058 1161,2059 1163,2059 1163,2060 1164,2060 1164,2062 1165,2062 1165,2065 1305,2065 1305,2061 1306,2061 1306,2060 1308,2060 1308,2059 1309,2059 1309,2058 1311,2058 1311,2059 1312,2059 1312,2061 1334,2061 1334,2066 1346,2066 1346,2067 1347,2067 1347,2079 1472,2079 1472,2064 1473,2064 1473,2059 1474,2059 1474,2058 1475,2058 1475,2057 1477,2057 1477,2056"/>
				<Word id="r197">
					<Coords points="347,2060 347,2061 348,2061 348,2062 349,2062 349,2064 350,2064 350,2066 351,2066 351,2068 352,2068 352,2071 353,2071 353,2074 354,2074 354,2077 355,2077 355,2097 359,2097 359,2101 358,2101 358,2102 357,2102 357,2104 356,2104 356,2105 355,2105 355,2107 354,2107 354,2108 352,2108 352,2109 350,2109 350,2110 311,2110 311,2109 273,2109 273,2108 272,2108 272,2106 273,2106 273,2100 274,2100 274,2098 275,2098 275,2096 276,2096 276,2094 277,2094 277,2087 278,2087 278,2085 279,2085 279,2084 280,2084 280,2083 295,2083 295,2082 342,2082 342,2061 343,2061 343,2060"/>
					<TextEquiv>
						<Unicode>καὶ</Unicode>
					</TextEquiv>
				</Word>
				<Word id="r198">
					<Coords points="419,2058 419,2059 420,2059 420,2061 421,2061 421,2093 422,2093 422,2096 421,2096 421,2099 420,2099 420,2103 419,2103 419,2104 418,2104 418,2105 417,2105 417,2106 416,2106 416,2107 413,2107 413,2108 411,2108 411,2109 405,2109 405,2108 403,2108 403,2107 402,2107 402,2106 401,2106 401,2105 400,2105 400,2104 399,2104 399,2103 398,2103 398,2091 399,2091 399,2088 400,2088 400,2086 402,2086 402,2085 403,2085 403,2084 404,2084 404,2083 406,2083 406,2082 410,2082 410,2063 411,2063 411,2061 412,2061 412,2060 413,2060 413,2059 415,2059 415,2058"/>
					<TextEquiv>
						<Unicode>ὁ</Unicode>
					</TextEquiv>
				</Word>
				<Word id="r199">
					<Coords points="549,2058 549,2059 550,2059 550,2060 551,2060 551,2062 552,2062 552,2063 553,2063 553,2068 554,2068 554,2070 555,2070 555,2072 556,2072 556,2074 557,2074 557,2081 599,2081 599,2082 601,2082 601,2088 600,2088 600,2090 599,2090 599,2093 598,2093 598,2094 597,2094 597,2096 596,2096 596,2097 595,2097 595,2099 594,2099 594,2100 593,2100 593,2101 591,2101 591,2102 590,2102 590,2103 589,2103 589,2104 588,2104 588,2105 586,2105 586,2106 584,2106 584,2107 582,2107 582,2108 578,2108 578,2109 517,2109 517,2115 516,2115 516,2118 514,2118 514,2119 513,2119 513,2118 512,2118 512,2108 467,2108 467,2107 464,2107 464,2106 463,2106 463,2104 462,2104 462,2102 461,2102 461,2099 462,2099 462,2095 463,2095 463,2093 464,2093 464,2091 465,2091 465,2090 466,2090 466,2088 467,2088 467,2086 469,2086 469,2085 471,2085 471,2084 473,2084 473,2083 477,2083 477,2062 478,2062 478,2061 480,2061 480,2060 545,2060 545,2059 546,2059 546,2058"/>
					<TextEquiv>
						<Unicode>ἀγὼν</Unicode>
					</TextEquiv>
				</Word>
				<Word id="r200">
					<Coords points="728,2058 728,2059 729,2059 729,2061 730,2061 730,2064 731,2064 731,2066 732,2066 732,2067 733,2067 733,2070 734,2070 734,2072 735,2072 735,2081 737,2081 737,2082 738,2082 738,2083 739,2083 739,2084 740,2084 740,2086 741,2086 741,2096 740,2096 740,2098 739,2098 739,2101 738,2101 738,2102 737,2102 737,2103 736,2103 736,2104 735,2104 735,2105 734,2105 734,2106 731,2106 731,2107 699,2107 699,2108 650,2108 650,2107 646,2107 646,2106 645,2106 645,2105 644,2105 644,2103 643,2103 643,2086 641,2086 641,2083 642,2083 642,2082 643,2082 643,2081 649,2081 649,2064 650,2064 650,2062 651,2062 651,2061 652,2061 652,2060 655,2060 655,2059 723,2059 723,2058"/>
					<TextEquiv>
						<Unicode>ὑπὸ</Unicode>
					</TextEquiv>
				</Word>
				<Word id="r201">
					<Coords points="830,2062 830,2063 834,2063 834,2064 836,2064 836,2065 837,2065 837,2066 838,2066 838,2068 839,2068 839,2070 840,2070 840,2080 865,2080 865,2081 867,2081 867,2082 868,2082 868,2083 869,2083 869,2084 870,2084 870,2085 871,2085 871,2088 870,2088 870,2089 869,2089 869,2090 866,2090 866,2106 865,2106 865,2108 864,2108 864,2109 863,2109 863,2110 862,2110 862,2111 860,2111 860,2112 837,2112 837,2113 836,2113 836,2118 835,2118 835,2119 834,2119 834,2120 832,2120 832,2121 832,2120 830,2120 830,2119 829,2119 829,2108 791,2108 791,2107 790,2107 790,2105 789,2105 789,2091 782,2091 782,2090 781,2090 781,2084 782,2084 782,2083 783,2083 783,2082 784,2082 784,2081 790,2081 790,2080 821,2080 821,2069 822,2069 822,2067 823,2067 823,2066 824,2066 824,2065 825,2065 825,2064 826,2064 826,2063 828,2063 828,2062"/>
					<TextEquiv>
						<Unicode>τῆς</Unicode>
					</TextEquiv>
				</Word>
				<Word id="r202">
					<Coords points="940,2057 940,2058 1042,2058 1042,2059 1045,2059 1045,2060 1046,2060 1046,2061 1047,2061 1047,2064 1048,2064 1048,2067 1049,2067 1049,2079 1068,2079 1068,2080 1102,2080 1102,2081 1103,2081 1103,2082 1104,2082 1104,2087 1103,2087 1103,2090 1102,2090 1102,2091 1101,2091 1101,2093 1100,2093 1100,2095 1099,2095 1099,2096 1098,2096 1098,2098 1097,2098 1097,2099 1096,2099 1096,2100 1095,2100 1095,2101 1093,2101 1093,2102 1092,2102 1092,2103 1090,2103 1090,2104 1089,2104 1089,2105 1087,2105 1087,2106 1083,2106 1083,2107 916,2107 916,2106 914,2106 914,2105 913,2105 913,2104 912,2104 912,2103 911,2103 911,2100 910,2100 910,2095 911,2095 911,2091 912,2091 912,2089 913,2089 913,2087 914,2087 914,2086 915,2086 915,2085 916,2085 916,2084 918,2084 918,2083 919,2083 919,2082 920,2082 920,2081 921,2081 921,2072 922,2072 922,2062 923,2062 923,2060 936,2060 936,2058 937,2058 937,2057"/>
					<TextEquiv>
						<Unicode>ἄνωθεν</Unicode>
					</TextEquiv>
				</Word>
				<Word id="r203">
					<Coords points="1159,2058 1161,2058 1161,2059 1163,2059 1163,2060 1164,2060 1164,2062 1165,2062 1165,2065 1305,2065 1305,2061 1306,2061 1306,2060 1308,2060 1308,2059 1309,2059 1309,2058 1311,2058 1311,2059 1312,2059 1312,2061 1334,2061 1334,2066 1346,2066 1346,2067 1347,2067 1347,2079 1430,2079 1430,2080 1434,2080 1434,2081 1436,2081 1436,2082 1437,2082 1437,2083 1438,2083 1438,2087 1439,2087 1438,2087 1438,2089 1437,2089 1437,2090 1435,2090 1435,2104 1434,2104 1434,2106 1433,2106 1433,2108 1432,2108 1432,2109 1431,2109 1431,2110 1429,2110 1429,2111 1339,2111 1339,2114 1338,2114 1338,2116 1337,2116 1337,2118 1336,2118 1336,2119 1334,2119 1334,2120 1333,2120 1333,2121 1330,2121 1330,2122 1326,2122 1326,2121 1324,2121 1324,2120 1322,2120 1322,2119 1299,2119 1299,2118 1298,2118 1298,2107 1208,2107 1208,2106 1152,2106 1152,2105 1149,2105 1149,2104 1147,2104 1147,2103 1146,2103 1146,2102 1145,2102 1145,2101 1144,2101 1144,2100 1143,2100 1143,2098 1142,2098 1142,2091 1143,2091 1143,2088 1144,2088 1144,2086 1145,2086 1145,2085 1146,2085 1146,2084 1147,2084 1147,2083 1148,2083 1148,2082 1149,2082 1149,2081 1152,2081 1152,2080 1154,2080 1154,2079 1155,2079 1155,2059 1156,2059 1156,2058 1159,2058 1159,2057"/>
					<TextEquiv>
						<Unicode>ἐκπλήξεως</Unicode>
					</TextEquiv>
				</Word>
				<Word id="r204">
					<Coords points="1477,2057 1482,2057 1482,2058 1484,2058 1484,2059 1487,2059 1487,2060 1488,2060 1488,2061 1489,2061 1489,2063 1490,2063 1490,2065 1599,2065 1599,2064 1600,2064 1600,2062 1601,2062 1601,2060 1602,2060 1602,2059 1603,2059 1603,2058 1608,2058 1608,2059 1638,2059 1638,2060 1639,2060 1639,2061 1640,2061 1640,2062 1641,2062 1641,2067 1642,2067 1642,2080 1672,2080 1672,2081 1673,2081 1673,2082 1674,2082 1674,2085 1675,2085 1675,2099 1685,2099 1685,2100 1686,2100 1686,2101 1687,2101 1687,2106 1686,2106 1686,2107 1670,2107 1670,2108 1669,2108 1669,2111 1668,2111 1668,2116 1667,2116 1667,2119 1662,2119 1662,2107 1501,2107 1501,2106 1474,2106 1474,2105 1473,2105 1473,2104 1472,2104 1472,2102 1471,2102 1471,2101 1469,2101 1469,2100 1468,2100 1468,2096 1467,2096 1467,2093 1468,2093 1468,2090 1469,2090 1469,2088 1470,2088 1470,2086 1471,2086 1471,2085 1472,2085 1472,2064 1473,2064 1473,2059 1474,2059 1474,2058 1475,2058 1475,2057 1477,2057 1477,2056"/>
					<TextEquiv>
						<Unicode>διελύθη.</Unicode>
					</TextEquiv>
				</Word>
				<TextEquiv>
					<Unicode>καὶ ὁ ἀγὼν ὑπὸ τῆς ἄνωθεν ἐκπλήξεως διελύθη.</Unicode>
				</TextEquiv>
			</TextLine>
			<TextLine id="r31">
				<Coords points="1190,2129 1190,2130 1235,2130 1235,2131 1238,2131 1238,2132 1239,2132 1239,2135 1275,2135 1275,2136 1277,2136 1277,2137 1279,2137 1279,2138 1280,2138 1280,2139 1281,2139 1281,2141 1282,2141 1282,2144 1283,2144 1283,2153 1406,2153 1406,2140 1407,2140 1407,2139 1408,2139 1408,2138 1410,2138 1410,2137 1412,2137 1412,2136 1515,2136 1515,2134 1516,2134 1516,2133 1518,2133 1518,2132 1522,2132 1522,2133 1525,2133 1525,2134 1526,2134 1526,2135 1528,2135 1528,2136 1529,2136 1529,2137 1621,2137 1621,2138 1622,2138 1622,2139 1623,2139 1623,2154 1665,2154 1665,2157 1666,2157 1666,2162 1682,2162 1682,2163 1686,2163 1686,2164 1687,2164 1687,2167 1685,2167 1685,2168 1683,2168 1683,2169 1663,2169 1663,2170 1662,2170 1662,2172 1661,2172 1661,2173 1660,2173 1660,2175 1659,2175 1659,2176 1658,2176 1658,2177 1657,2177 1657,2178 1656,2178 1656,2179 1654,2179 1654,2180 1651,2180 1651,2181 1649,2181 1649,2182 1613,2182 1613,2185 1612,2185 1612,2191 1611,2191 1611,2194 1610,2194 1610,2196 1608,2196 1608,2195 1607,2195 1607,2181 1462,2181 1462,2182 1458,2182 1458,2181 1336,2181 1336,2182 1335,2182 1335,2187 1334,2187 1334,2188 1332,2188 1332,2189 1332,2188 1331,2188 1331,2187 1330,2187 1330,2180 1159,2180 1159,2181 1100,2181 1100,2182 1099,2182 1099,2183 1098,2183 1098,2184 1097,2184 1097,2185 1095,2185 1095,2186 1091,2186 1091,2185 1090,2185 1090,2182 988,2182 988,2183 929,2183 929,2185 927,2185 927,2186 925,2186 925,2187 832,2187 832,2188 830,2188 830,2187 829,2187 829,2183 525,2183 525,2184 524,2184 524,2185 523,2185 523,2186 522,2186 522,2187 516,2187 516,2184 390,2184 390,2186 389,2186 389,2195 388,2195 388,2198 386,2198 386,2199 385,2199 385,2198 384,2198 384,2197 383,2197 383,2185 319,2185 319,2184 280,2184 280,2183 277,2183 277,2182 275,2182 275,2180 274,2180 274,2179 273,2179 273,2177 272,2177 272,2169 273,2169 273,2165 274,2165 274,2163 276,2163 276,2162 277,2162 277,2161 279,2161 279,2160 282,2160 282,2159 285,2159 285,2158 290,2158 290,2157 399,2157 399,2156 435,2156 435,2148 436,2148 436,2147 437,2147 437,2144 438,2144 438,2142 439,2142 439,2141 440,2141 440,2140 441,2140 441,2137 442,2137 442,2136 461,2136 461,2135 464,2135 464,2134 467,2134 467,2135 470,2135 470,2136 471,2136 471,2137 472,2137 472,2138 473,2138 473,2139 576,2139 576,2137 577,2137 577,2136 578,2136 578,2135 580,2135 580,2134 611,2134 611,2135 612,2135 612,2136 613,2136 613,2138 614,2138 614,2139 615,2139 615,2141 616,2141 616,2144 617,2144 617,2147 618,2147 618,2150 619,2150 619,2155 729,2155 729,2134 794,2134 794,2133 796,2133 796,2134 797,2134 797,2135 999,2135 999,2134 1000,2134 1000,2133 1003,2133 1003,2135 1004,2135 1004,2140 1015,2140 1015,2141 1018,2141 1018,2142 1020,2142 1020,2143 1021,2143 1021,2144 1023,2144 1023,2146 1024,2146 1024,2148 1025,2148 1025,2149 1026,2149 1026,2151 1027,2151 1027,2154 1182,2154 1182,2153 1183,2153 1183,2136 1184,2136 1184,2134 1185,2134 1185,2132 1186,2132 1186,2131 1187,2131 1187,2130 1188,2130 1188,2129"/>
				<Word id="r205">
					<Coords points="467,2134 467,2135 470,2135 470,2136 471,2136 471,2137 472,2137 472,2138 473,2138 473,2139 474,2139 474,2140 475,2140 475,2141 476,2141 476,2142 477,2142 477,2143 478,2143 478,2145 479,2145 479,2155 520,2155 520,2156 524,2156 524,2157 527,2157 527,2158 529,2158 529,2159 530,2159 530,2160 531,2160 531,2162 532,2162 532,2165 531,2165 531,2166 526,2166 526,2183 525,2183 525,2184 524,2184 524,2185 523,2185 523,2186 522,2186 522,2187 516,2187 516,2184 390,2184 390,2186 389,2186 389,2195 388,2195 388,2198 386,2198 386,2199 385,2199 385,2198 384,2198 384,2197 383,2197 383,2185 319,2185 319,2184 280,2184 280,2183 277,2183 277,2182 275,2182 275,2180 274,2180 274,2179 273,2179 273,2177 272,2177 272,2169 273,2169 273,2165 274,2165 274,2163 276,2163 276,2162 277,2162 277,2161 279,2161 279,2160 282,2160 282,2159 285,2159 285,2158 290,2158 290,2157 399,2157 399,2156 435,2156 435,2148 436,2148 436,2147 437,2147 437,2144 438,2144 438,2142 439,2142 439,2141 440,2141 440,2140 441,2140 441,2137 442,2137 442,2136 461,2136 461,2135 464,2135 464,2134"/>
					<TextEquiv>
						<Unicode>σποράδες</Unicode>
					</TextEquiv>
				</Word>
				<Word id="r206">
					<Coords points="611,2134 611,2135 612,2135 612,2136 613,2136 613,2138 614,2138 614,2139 615,2139 615,2141 616,2141 616,2144 617,2144 617,2147 618,2147 618,2150 619,2150 619,2157 621,2157 621,2158 622,2158 622,2161 621,2161 621,2162 620,2162 620,2181 619,2181 619,2182 618,2182 618,2183 578,2183 578,2182 576,2182 576,2181 575,2181 575,2180 574,2180 574,2179 573,2179 573,2178 572,2178 572,2176 571,2176 571,2173 570,2173 570,2169 571,2169 571,2166 572,2166 572,2165 573,2165 573,2163 574,2163 574,2162 575,2162 575,2139 576,2139 576,2137 577,2137 577,2136 578,2136 578,2135 580,2135 580,2134"/>
					<TextEquiv>
						<Unicode>δὲ</Unicode>
					</TextEquiv>
				</Word>
				<Word id="r207">
					<Coords points="733,2134 733,2135 734,2135 734,2136 735,2136 735,2139 736,2139 736,2141 737,2141 737,2145 738,2145 738,2148 739,2148 739,2150 740,2150 740,2171 742,2171 742,2172 744,2172 744,2174 743,2174 743,2177 742,2177 742,2178 741,2178 741,2180 740,2180 740,2181 739,2181 739,2182 738,2182 738,2183 660,2183 660,2182 659,2182 659,2180 658,2180 658,2179 659,2179 659,2175 660,2175 660,2172 661,2172 661,2168 662,2168 662,2165 663,2165 663,2163 664,2163 664,2160 665,2160 665,2157 666,2157 666,2156 682,2156 682,2155 729,2155 729,2134"/>
					<TextEquiv>
						<Unicode>καὶ</Unicode>
					</TextEquiv>
				</Word>
				<Word id="r208">
					<Coords points="796,2133 796,2134 797,2134 797,2135 799,2135 799,2137 800,2137 800,2138 801,2138 801,2141 802,2141 802,2144 803,2144 803,2145 804,2145 804,2148 805,2148 805,2155 835,2155 835,2156 839,2156 839,2157 841,2157 841,2158 842,2158 842,2159 843,2159 843,2161 844,2161 844,2165 843,2165 843,2166 839,2166 839,2184 838,2184 838,2185 837,2185 837,2186 835,2186 835,2187 832,2187 832,2188 830,2188 830,2187 829,2187 829,2183 805,2183 805,2182 786,2182 786,2181 784,2181 784,2180 783,2180 783,2179 782,2179 782,2177 781,2177 781,2173 780,2173 780,2169 781,2169 781,2164 782,2164 782,2161 783,2161 783,2160 784,2160 784,2159 785,2159 785,2144 786,2144 786,2142 787,2142 787,2141 788,2141 788,2140 791,2140 791,2139 792,2139 792,2134 794,2134 794,2133"/>
					<TextEquiv>
						<Unicode>ὣς</Unicode>
					</TextEquiv>
				</Word>
				<Word id="r209">
					<Coords points="906,2135 906,2136 908,2136 908,2137 909,2137 909,2139 910,2139 910,2155 925,2155 925,2156 929,2156 929,2157 931,2157 931,2158 932,2158 932,2159 933,2159 933,2160 934,2160 934,2161 935,2161 935,2163 934,2163 934,2165 933,2165 933,2166 932,2166 932,2167 930,2167 930,2183 929,2183 929,2185 927,2185 927,2186 925,2186 925,2187 921,2187 921,2186 919,2186 919,2183 894,2183 894,2182 893,2182 893,2181 891,2181 891,2180 889,2180 889,2179 888,2179 888,2178 887,2178 887,2175 886,2175 886,2166 887,2166 887,2165 888,2165 888,2163 889,2163 889,2162 890,2162 890,2161 891,2161 891,2160 892,2160 892,2159 893,2159 893,2158 894,2158 894,2157 896,2157 896,2156 898,2156 898,2137 899,2137 899,2135"/>
					<TextEquiv>
						<Unicode>ἐς</Unicode>
					</TextEquiv>
				</Word>
				<Word id="r210">
					<Coords points="1003,2133 1003,2135 1004,2135 1004,2140 1015,2140 1015,2141 1018,2141 1018,2142 1020,2142 1020,2143 1021,2143 1021,2144 1023,2144 1023,2146 1024,2146 1024,2148 1025,2148 1025,2149 1026,2149 1026,2151 1027,2151 1027,2154 1098,2154 1098,2155 1101,2155 1101,2156 1102,2156 1102,2157 1103,2157 1103,2158 1104,2158 1104,2159 1105,2159 1105,2162 1106,2162 1105,2162 1105,2164 1103,2164 1103,2165 1101,2165 1101,2180 1100,2180 1100,2182 1099,2182 1099,2183 1098,2183 1098,2184 1097,2184 1097,2185 1095,2185 1095,2186 1091,2186 1091,2185 1090,2185 1090,2182 988,2182 988,2183 988,2182 983,2182 983,2181 982,2181 982,2180 980,2180 980,2178 979,2178 979,2176 978,2176 978,2160 976,2160 976,2159 977,2159 977,2157 978,2157 978,2156 980,2156 980,2155 984,2155 984,2140 985,2140 985,2139 986,2139 986,2138 987,2138 987,2137 998,2137 998,2136 999,2136 999,2134 1000,2134 1000,2133"/>
					<TextEquiv>
						<Unicode>ὕλας</Unicode>
					</TextEquiv>
				</Word>
				<Word id="r211">
					<Coords points="1190,2129 1190,2130 1193,2130 1193,2131 1194,2131 1194,2134 1193,2134 1193,2136 1192,2136 1192,2137 1191,2137 1191,2171 1190,2171 1190,2174 1189,2174 1189,2175 1188,2175 1188,2177 1187,2177 1187,2178 1186,2178 1186,2179 1184,2179 1184,2180 1159,2180 1159,2181 1153,2181 1153,2180 1150,2180 1150,2179 1148,2179 1148,2178 1147,2178 1147,2176 1146,2176 1146,2174 1145,2174 1145,2168 1144,2168 1145,2168 1145,2165 1146,2165 1146,2163 1147,2163 1147,2161 1148,2161 1148,2159 1149,2159 1149,2158 1150,2158 1150,2157 1152,2157 1152,2156 1154,2156 1154,2155 1157,2155 1157,2154 1182,2154 1182,2153 1183,2153 1183,2136 1184,2136 1184,2134 1185,2134 1185,2132 1186,2132 1186,2131 1187,2131 1187,2130 1188,2130 1188,2129"/>
					<TextEquiv>
						<Unicode>οἱ</Unicode>
					</TextEquiv>
				</Word>
				<Word id="r212">
					<Coords points="1235,2130 1235,2131 1238,2131 1238,2132 1239,2132 1239,2135 1275,2135 1275,2136 1277,2136 1277,2137 1279,2137 1279,2138 1280,2138 1280,2139 1281,2139 1281,2141 1282,2141 1282,2144 1283,2144 1283,2153 1406,2153 1406,2140 1407,2140 1407,2139 1408,2139 1408,2138 1410,2138 1410,2137 1412,2137 1412,2136 1417,2136 1417,2137 1420,2137 1420,2138 1421,2138 1421,2139 1422,2139 1422,2140 1423,2140 1423,2154 1465,2154 1465,2155 1467,2155 1467,2170 1470,2170 1470,2171 1471,2171 1471,2174 1470,2174 1470,2175 1469,2175 1469,2177 1468,2177 1468,2178 1467,2178 1467,2179 1465,2179 1465,2180 1464,2180 1464,2181 1462,2181 1462,2182 1458,2182 1458,2181 1336,2181 1336,2182 1335,2182 1335,2187 1334,2187 1334,2188 1332,2188 1332,2189 1332,2188 1331,2188 1331,2187 1330,2187 1330,2180 1246,2180 1246,2179 1245,2179 1245,2146 1232,2146 1232,2145 1230,2145 1230,2144 1229,2144 1229,2143 1228,2143 1228,2140 1227,2140 1227,2136 1228,2136 1228,2134 1229,2134 1229,2133 1230,2133 1230,2132 1231,2132 1231,2131 1234,2131 1234,2130"/>
					<TextEquiv>
						<Unicode>Ῥωμαῖοι</Unicode>
					</TextEquiv>
				</Word>
				<Word id="r213">
					<Coords points="1522,2132 1522,2133 1525,2133 1525,2134 1526,2134 1526,2135 1528,2135 1528,2136 1529,2136 1529,2137 1621,2137 1621,2138 1622,2138 1622,2139 1623,2139 1623,2154 1665,2154 1665,2157 1666,2157 1666,2162 1682,2162 1682,2163 1686,2163 1686,2164 1687,2164 1687,2167 1685,2167 1685,2168 1683,2168 1683,2169 1663,2169 1663,2170 1662,2170 1662,2172 1661,2172 1661,2173 1660,2173 1660,2175 1659,2175 1659,2176 1658,2176 1658,2177 1657,2177 1657,2178 1656,2178 1656,2179 1654,2179 1654,2180 1651,2180 1651,2181 1649,2181 1649,2182 1613,2182 1613,2185 1612,2185 1612,2191 1611,2191 1611,2194 1610,2194 1610,2196 1608,2196 1608,2195 1607,2195 1607,2181 1517,2181 1517,2180 1515,2180 1515,2179 1513,2179 1513,2178 1512,2178 1512,2176 1511,2176 1511,2175 1510,2175 1510,2172 1509,2172 1509,2167 1510,2167 1510,2163 1511,2163 1511,2161 1512,2161 1512,2160 1513,2160 1513,2159 1514,2159 1514,2137 1515,2137 1515,2134 1516,2134 1516,2133 1518,2133 1518,2132"/>
					<TextEquiv>
						<Unicode>διαφυ-</Unicode>
					</TextEquiv>
				</Word>
				<TextEquiv>
					<Unicode>σποράδες δὲ καὶ ὣς ἐς ὕλας οἱ Ῥωμαῖοι διαφυ-</Unicode>
				</TextEquiv>
			</TextLine>
			<TextLine id="r32">
				<Coords points="1507,2206 1508,2206 1508,2207 1510,2207 1510,2208 1511,2208 1511,2209 1665,2209 1665,2208 1666,2208 1666,2209 1667,2209 1667,2210 1668,2210 1668,2238 1684,2238 1684,2239 1685,2239 1685,2242 1684,2242 1684,2243 1665,2243 1665,2245 1664,2245 1664,2246 1663,2246 1663,2249 1662,2249 1662,2250 1661,2250 1661,2251 1660,2251 1660,2252 1659,2252 1659,2254 1658,2254 1658,2255 1655,2255 1655,2256 1653,2256 1653,2257 1622,2257 1622,2256 1513,2256 1513,2257 1435,2257 1435,2256 1207,2256 1207,2261 1206,2261 1206,2263 1205,2263 1205,2267 1204,2267 1204,2268 1200,2268 1200,2258 1156,2258 1156,2257 1031,2257 1031,2273 1030,2273 1030,2274 1029,2274 1029,2275 1028,2275 1028,2276 1021,2276 1021,2275 1020,2275 1020,2274 1019,2274 1019,2273 977,2273 977,2272 898,2272 898,2271 897,2271 897,2262 827,2262 827,2261 826,2261 826,2258 699,2258 699,2259 698,2259 698,2263 697,2263 697,2267 696,2267 696,2269 695,2269 695,2272 694,2272 694,2273 627,2273 627,2274 625,2274 625,2275 621,2275 621,2274 534,2274 534,2273 533,2273 533,2267 449,2267 449,2264 430,2264 430,2260 292,2260 292,2263 291,2263 291,2268 290,2268 290,2270 289,2270 289,2273 287,2273 287,2274 283,2274 283,2273 282,2273 282,2251 272,2251 272,2250 271,2250 271,2246 270,2246 270,2242 271,2242 271,2238 272,2238 272,2236 273,2236 273,2235 274,2235 274,2234 275,2234 275,2233 318,2233 318,2224 319,2224 319,2220 320,2220 320,2216 321,2216 321,2213 322,2213 322,2211 323,2211 323,2210 324,2210 324,2209 327,2209 327,2210 328,2210 328,2211 329,2211 329,2232 548,2232 548,2231 572,2231 572,2225 573,2225 573,2222 574,2222 574,2219 575,2219 575,2216 576,2216 576,2214 577,2214 577,2209 578,2209 578,2208 579,2208 579,2207 581,2207 581,2208 583,2208 583,2209 584,2209 584,2211 585,2211 585,2231 597,2231 597,2232 743,2232 743,2231 744,2231 744,2218 745,2218 745,2215 746,2215 746,2212 747,2212 747,2209 748,2209 748,2208 753,2208 753,2217 766,2217 766,2218 769,2218 769,2219 771,2219 771,2220 772,2220 772,2221 773,2221 773,2222 774,2222 774,2223 775,2223 775,2224 776,2224 776,2226 777,2226 777,2228 778,2228 778,2229 895,2229 895,2214 896,2214 896,2212 898,2212 898,2211 899,2211 899,2210 967,2210 967,2209 968,2209 968,2208 973,2208 973,2229 1127,2229 1127,2228 1192,2228 1192,2216 1193,2216 1193,2215 1194,2215 1194,2214 1195,2214 1195,2213 1196,2213 1196,2212 1199,2212 1199,2211 1273,2211 1273,2210 1275,2210 1275,2209 1277,2209 1277,2208 1282,2208 1282,2209 1283,2209 1283,2210 1284,2210 1284,2211 1285,2211 1285,2217 1286,2217 1286,2229 1343,2229 1343,2230 1345,2230 1345,2231 1458,2231 1458,2230 1505,2230 1505,2207 1507,2207"/>
				<Word id="r214">
					<Coords points="327,2209 327,2210 328,2210 328,2211 329,2211 329,2232 439,2232 439,2233 441,2233 441,2234 443,2234 443,2235 444,2235 444,2237 445,2237 445,2239 446,2239 446,2250 457,2250 457,2251 458,2251 458,2252 459,2252 459,2253 460,2253 460,2259 459,2259 459,2261 458,2261 458,2263 457,2263 457,2264 455,2264 455,2265 453,2265 453,2266 452,2266 452,2267 449,2267 449,2264 430,2264 430,2260 292,2260 292,2263 291,2263 291,2268 290,2268 290,2270 289,2270 289,2273 287,2273 287,2274 283,2274 283,2273 282,2273 282,2251 272,2251 272,2250 271,2250 271,2246 270,2246 270,2242 271,2242 271,2238 272,2238 272,2236 273,2236 273,2235 274,2235 274,2234 275,2234 275,2233 318,2233 318,2224 319,2224 319,2220 320,2220 320,2216 321,2216 321,2213 322,2213 322,2211 323,2211 323,2210 324,2210 324,2209"/>
					<TextEquiv>
						<Unicode>γόντες,</Unicode>
					</TextEquiv>
				</Word>
				<Word id="r215">
					<Coords points="581,2207 581,2208 583,2208 583,2209 584,2209 584,2211 585,2211 585,2231 597,2231 597,2232 616,2232 616,2233 642,2233 642,2234 644,2234 644,2235 645,2235 645,2236 646,2236 646,2237 647,2237 647,2243 646,2243 646,2246 645,2246 645,2251 644,2251 644,2254 643,2254 643,2257 642,2257 642,2260 641,2260 641,2263 640,2263 640,2267 639,2267 639,2270 637,2270 637,2271 629,2271 629,2272 628,2272 628,2273 627,2273 627,2274 625,2274 625,2275 621,2275 621,2274 534,2274 534,2273 533,2273 533,2260 513,2260 513,2259 512,2259 512,2258 511,2258 511,2256 510,2256 510,2244 504,2244 504,2243 503,2243 503,2242 502,2242 502,2237 503,2237 503,2234 504,2234 504,2233 507,2233 507,2232 548,2232 548,2231 572,2231 572,2225 573,2225 573,2222 574,2222 574,2219 575,2219 575,2216 576,2216 576,2214 577,2214 577,2209 578,2209 578,2208 579,2208 579,2207"/>
					<TextEquiv>
						<Unicode>τρίτῃ</Unicode>
					</TextEquiv>
				</Word>
				<Word id="r216">
					<Coords points="753,2208 753,2217 766,2217 766,2218 769,2218 769,2219 771,2219 771,2220 772,2220 772,2221 773,2221 773,2222 774,2222 774,2223 775,2223 775,2224 776,2224 776,2226 777,2226 777,2228 778,2228 778,2229 831,2229 831,2230 836,2230 836,2231 838,2231 838,2233 840,2233 840,2234 841,2234 841,2237 842,2237 841,2237 841,2239 840,2239 840,2240 837,2240 837,2256 836,2256 836,2258 835,2258 835,2259 834,2259 834,2260 833,2260 833,2261 831,2261 831,2262 827,2262 827,2261 826,2261 826,2258 699,2258 699,2259 698,2259 698,2263 697,2263 697,2267 696,2267 696,2269 695,2269 695,2272 694,2272 694,2273 691,2273 691,2271 690,2271 690,2268 691,2268 691,2264 692,2264 692,2260 693,2260 693,2258 694,2258 694,2255 695,2255 695,2252 696,2252 696,2249 697,2249 697,2245 698,2245 698,2243 699,2243 699,2239 700,2239 700,2234 701,2234 701,2233 702,2233 702,2232 743,2232 743,2231 744,2231 744,2218 745,2218 745,2215 746,2215 746,2212 747,2212 747,2209 748,2209 748,2208"/>
					<TextEquiv>
						<Unicode>μόλις</Unicode>
					</TextEquiv>
				</Word>
				<Word id="r217">
					<Coords points="973,2208 973,2229 1027,2229 1027,2230 1039,2230 1039,2231 1040,2231 1040,2246 1042,2246 1042,2247 1043,2247 1043,2249 1042,2249 1042,2251 1041,2251 1041,2253 1039,2253 1039,2254 1038,2254 1038,2255 1036,2255 1036,2256 1031,2256 1031,2273 1030,2273 1030,2274 1029,2274 1029,2275 1028,2275 1028,2276 1021,2276 1021,2275 1020,2275 1020,2274 1019,2274 1019,2273 977,2273 977,2272 898,2272 898,2271 897,2271 897,2257 886,2257 886,2256 884,2256 884,2242 881,2242 881,2239 882,2239 882,2237 883,2237 883,2235 884,2235 884,2234 885,2234 885,2233 886,2233 886,2232 895,2232 895,2214 896,2214 896,2212 898,2212 898,2211 899,2211 899,2210 967,2210 967,2209 968,2209 968,2208"/>
					<TextEquiv>
						<Unicode>ἡμέρᾳ</Unicode>
					</TextEquiv>
				</Word>
				<Word id="r218">
					<Coords points="1282,2208 1282,2209 1283,2209 1283,2210 1284,2210 1284,2211 1285,2211 1285,2217 1286,2217 1286,2229 1343,2229 1343,2230 1345,2230 1345,2246 1356,2246 1356,2247 1358,2247 1358,2248 1359,2248 1359,2249 1360,2249 1360,2251 1361,2251 1360,2251 1360,2254 1359,2254 1359,2255 1358,2255 1358,2256 1207,2256 1207,2261 1206,2261 1206,2263 1205,2263 1205,2267 1204,2267 1204,2268 1200,2268 1200,2258 1156,2258 1156,2257 1093,2257 1093,2256 1090,2256 1090,2255 1087,2255 1087,2254 1086,2254 1086,2253 1085,2253 1085,2251 1084,2251 1084,2250 1083,2250 1083,2243 1084,2243 1084,2240 1085,2240 1085,2238 1086,2238 1086,2236 1088,2236 1088,2235 1089,2235 1089,2234 1090,2234 1090,2233 1092,2233 1092,2232 1094,2232 1094,2231 1098,2231 1098,2230 1103,2230 1103,2229 1127,2229 1127,2228 1192,2228 1192,2216 1193,2216 1193,2215 1194,2215 1194,2214 1195,2214 1195,2213 1196,2213 1196,2212 1199,2212 1199,2211 1273,2211 1273,2210 1275,2210 1275,2209 1277,2209 1277,2208"/>
					<TextEquiv>
						<Unicode>συνῆλθον.</Unicode>
					</TextEquiv>
				</Word>
				<Word id="r219">
					<Coords points="1508,2206 1508,2207 1510,2207 1510,2208 1511,2208 1511,2211 1512,2211 1512,2212 1513,2212 1513,2216 1514,2216 1514,2218 1515,2218 1515,2221 1516,2221 1516,2223 1517,2223 1517,2244 1518,2244 1518,2245 1521,2245 1521,2247 1520,2247 1520,2250 1519,2250 1519,2252 1518,2252 1518,2253 1517,2253 1517,2254 1516,2254 1516,2255 1515,2255 1515,2256 1513,2256 1513,2257 1435,2257 1435,2251 1436,2251 1436,2249 1437,2249 1437,2246 1438,2246 1438,2244 1439,2244 1439,2243 1440,2243 1440,2237 1441,2237 1441,2234 1442,2234 1442,2232 1444,2232 1444,2231 1458,2231 1458,2230 1505,2230 1505,2207 1507,2207 1507,2206"/>
					<TextEquiv>
						<Unicode>καὶ</Unicode>
					</TextEquiv>
				</Word>
				<Word id="r220">
					<Coords points="1666,2208 1666,2209 1667,2209 1667,2210 1668,2210 1668,2238 1684,2238 1684,2239 1685,2239 1685,2242 1684,2242 1684,2243 1665,2243 1665,2245 1664,2245 1664,2246 1663,2246 1663,2249 1662,2249 1662,2250 1661,2250 1661,2251 1660,2251 1660,2252 1659,2252 1659,2254 1658,2254 1658,2255 1655,2255 1655,2256 1653,2256 1653,2257 1622,2257 1622,2256 1580,2256 1580,2255 1578,2255 1578,2225 1569,2225 1569,2222 1568,2222 1568,2211 1569,2211 1569,2210 1571,2210 1571,2209 1665,2209 1665,2208"/>
					<TextEquiv>
						<Unicode>Τεύ-</Unicode>
					</TextEquiv>
				</Word>
				<TextEquiv>
					<Unicode>γόντες, τρίτῃ μόλις ἡμέρᾳ συνῆλθον. καὶ Τεύ-</Unicode>
				</TextEquiv>
			</TextLine>
			<TextLine id="r5">
				<Coords points="880,2282 880,2283 881,2283 881,2304 961,2304 961,2305 1098,2305 1098,2304 1101,2304 1101,2291 1102,2291 1102,2289 1103,2289 1103,2288 1132,2288 1132,2287 1142,2287 1142,2296 1143,2296 1143,2303 1264,2303 1264,2295 1265,2295 1265,2291 1266,2291 1266,2290 1267,2290 1267,2289 1270,2289 1270,2288 1273,2288 1273,2287 1276,2287 1276,2288 1345,2288 1345,2289 1349,2289 1349,2290 1350,2290 1350,2291 1351,2291 1351,2292 1352,2292 1352,2293 1353,2293 1353,2294 1354,2294 1354,2296 1355,2296 1355,2323 1369,2323 1369,2324 1370,2324 1370,2325 1371,2325 1371,2327 1372,2327 1372,2330 1371,2330 1371,2331 1370,2331 1370,2332 1369,2332 1369,2333 1366,2333 1366,2332 1364,2332 1364,2331 1363,2331 1363,2330 1204,2330 1204,2345 1194,2345 1194,2346 1191,2346 1191,2345 1189,2345 1189,2344 1188,2344 1188,2331 1128,2331 1128,2330 1023,2330 1023,2331 1022,2331 1022,2332 896,2332 896,2336 895,2336 895,2342 894,2342 894,2345 893,2345 893,2346 892,2346 892,2347 842,2347 842,2349 840,2349 840,2350 839,2350 839,2351 808,2351 808,2352 808,2351 807,2351 807,2349 806,2349 806,2337 741,2337 741,2336 740,2336 740,2334 478,2334 478,2335 477,2335 477,2336 476,2336 476,2337 474,2337 474,2338 401,2338 401,2339 396,2339 396,2338 395,2338 395,2335 281,2335 281,2334 280,2334 280,2318 273,2318 273,2317 272,2317 272,2311 273,2311 273,2310 274,2310 274,2309 276,2309 276,2308 313,2308 313,2307 375,2307 375,2306 448,2306 448,2289 449,2289 449,2288 450,2288 450,2287 452,2287 452,2286 548,2286 548,2287 550,2287 550,2288 653,2288 653,2287 654,2287 654,2286 655,2286 655,2285 657,2285 657,2284 658,2284 658,2285 659,2285 659,2288 660,2288 660,2305 794,2305 794,2286 795,2286 795,2285 796,2285 796,2284 877,2284 877,2283 879,2283 879,2282"/>
				<Word id="r56">
					<Coords points="400,2306 400,2307 405,2307 405,2308 406,2308 406,2309 408,2309 408,2310 409,2310 409,2311 410,2311 410,2312 411,2312 411,2315 410,2315 410,2317 408,2317 408,2318 407,2318 407,2332 406,2332 406,2335 405,2335 405,2336 404,2336 404,2337 402,2337 402,2338 401,2338 401,2339 396,2339 396,2338 395,2338 395,2335 281,2335 281,2334 280,2334 280,2318 273,2318 273,2317 272,2317 272,2311 273,2311 273,2310 274,2310 274,2309 276,2309 276,2308 313,2308 313,2307 375,2307 375,2306"/>
					<TextEquiv>
						<Unicode>τονες</Unicode>
					</TextEquiv>
				</Word>
				<Word id="r57">
					<Coords points="454,2286 454,2287 456,2287 456,2288 457,2288 457,2290 458,2290 458,2292 459,2292 459,2306 479,2306 479,2307 481,2307 481,2308 482,2308 482,2309 483,2309 483,2310 484,2310 484,2312 485,2312 485,2313 484,2313 484,2316 480,2316 480,2332 479,2332 479,2334 478,2334 478,2335 477,2335 477,2336 476,2336 476,2337 474,2337 474,2338 468,2338 468,2335 445,2335 445,2334 442,2334 442,2333 441,2333 441,2332 440,2332 440,2331 439,2331 439,2330 438,2330 438,2329 437,2329 437,2327 436,2327 436,2325 435,2325 435,2322 436,2322 436,2319 437,2319 437,2316 438,2316 438,2314 439,2314 439,2313 440,2313 440,2312 441,2312 441,2310 443,2310 443,2309 445,2309 445,2308 447,2308 447,2307 448,2307 448,2289 449,2289 449,2288 450,2288 450,2287 452,2287 452,2286"/>
					<TextEquiv>
						<Unicode>ἐς</Unicode>
					</TextEquiv>
				</Word>
				<Word id="r58">
					<Coords points="658,2284 658,2285 659,2285 659,2288 660,2288 660,2305 749,2305 749,2306 751,2306 751,2307 753,2307 753,2308 754,2308 754,2310 755,2310 755,2312 756,2312 756,2313 755,2313 755,2314 754,2314 754,2315 751,2315 751,2330 750,2330 750,2333 749,2333 749,2334 748,2334 748,2335 747,2335 747,2336 745,2336 745,2337 741,2337 741,2336 740,2336 740,2334 563,2334 563,2333 514,2333 514,2332 512,2332 512,2287 513,2287 513,2286 548,2286 548,2287 550,2287 550,2288 653,2288 653,2287 654,2287 654,2286 655,2286 655,2285 657,2285 657,2284"/>
					<TextEquiv>
						<Unicode>Γαλάτας</Unicode>
					</TextEquiv>
				</Word>
				<Word id="r59">
					<Coords points="880,2282 880,2283 881,2283 881,2304 961,2304 961,2305 1008,2305 1008,2306 1009,2306 1009,2307 1010,2307 1010,2322 1022,2322 1022,2323 1023,2323 1023,2324 1024,2324 1024,2325 1025,2325 1025,2329 1024,2329 1024,2330 1023,2330 1023,2331 1022,2331 1022,2332 896,2332 896,2336 895,2336 895,2342 894,2342 894,2345 893,2345 893,2346 892,2346 892,2347 842,2347 842,2349 840,2349 840,2350 839,2350 839,2351 808,2351 808,2352 808,2351 807,2351 807,2349 806,2349 806,2333 794,2333 794,2332 789,2332 789,2331 787,2331 787,2330 786,2330 786,2329 785,2329 785,2328 784,2328 784,2327 783,2327 783,2324 782,2324 782,2316 783,2316 783,2313 784,2313 784,2312 785,2312 785,2311 786,2311 786,2310 787,2310 787,2309 788,2309 788,2308 789,2308 789,2307 791,2307 791,2306 792,2306 792,2305 794,2305 794,2286 795,2286 795,2285 796,2285 796,2284 877,2284 877,2283 879,2283 879,2282"/>
					<TextEquiv>
						<Unicode>ἐχώρουν.</Unicode>
					</TextEquiv>
				</Word>
				<Word id="r60">
					<Coords points="1142,2287 1142,2296 1143,2296 1143,2323 1157,2323 1157,2324 1158,2324 1158,2327 1159,2327 1159,2328 1158,2328 1158,2329 1157,2329 1157,2330 1155,2330 1155,2331 1128,2331 1128,2330 1100,2330 1100,2329 1099,2329 1099,2328 1098,2328 1098,2304 1101,2304 1101,2291 1102,2291 1102,2289 1103,2289 1103,2288 1132,2288 1132,2287"/>
					<TextEquiv>
						<Unicode>id.</Unicode>
					</TextEquiv>
				</Word>
				<Word id="r61">
					<Coords points="1209,2303 1209,2304 1211,2304 1211,2305 1212,2305 1212,2306 1213,2306 1213,2307 1214,2307 1214,2308 1215,2308 1215,2311 1216,2311 1216,2314 1217,2314 1217,2323 1227,2323 1227,2324 1228,2324 1228,2329 1227,2329 1227,2330 1204,2330 1204,2345 1194,2345 1194,2346 1191,2346 1191,2345 1189,2345 1189,2344 1188,2344 1188,2343 1189,2343 1189,2304 1190,2304 1190,2303"/>
					<TextEquiv>
						<Unicode>p.</Unicode>
					</TextEquiv>
				</Word>
				<Word id="r62">
					<Coords points="1273,2287 1276,2287 1276,2288 1345,2288 1345,2289 1349,2289 1349,2290 1350,2290 1350,2291 1351,2291 1351,2292 1352,2292 1352,2293 1353,2293 1353,2294 1354,2294 1354,2296 1355,2296 1355,2323 1369,2323 1369,2324 1370,2324 1370,2325 1371,2325 1371,2327 1372,2327 1372,2330 1371,2330 1371,2331 1370,2331 1370,2332 1369,2332 1369,2333 1366,2333 1366,2332 1364,2332 1364,2331 1363,2331 1363,2330 1269,2330 1269,2329 1266,2329 1266,2327 1264,2327 1264,2325 1263,2325 1263,2320 1262,2320 1262,2318 1263,2318 1263,2316 1264,2316 1264,2295 1265,2295 1265,2291 1266,2291 1266,2290 1267,2290 1267,2289 1270,2289 1270,2288 1273,2288"/>
					<TextEquiv>
						<Unicode>352.</Unicode>
					</TextEquiv>
				</Word>
				<TextEquiv>
					<Unicode>τονες ἐς Γαλάτας ἐχώρουν. id. p. 352.</Unicode>
				</TextEquiv>
			</TextLine>
			<TextLine id="r19">
				<Coords points="356,2517 356,2518 359,2518 359,2519 360,2519 360,2520 361,2520 361,2538 362,2538 362,2551 361,2551 361,2553 360,2553 360,2554 359,2554 359,2555 358,2555 358,2556 357,2556 357,2557 356,2557 356,2558 354,2558 354,2559 289,2559 289,2558 278,2558 278,2534 277,2534 277,2533 278,2533 278,2532 286,2532 286,2531 338,2531 338,2530 339,2530 339,2528 340,2528 340,2525 341,2525 341,2524 342,2524 342,2523 343,2523 343,2522 344,2522 344,2521 345,2521 345,2520 347,2520 347,2519 349,2519 349,2518 351,2518 351,2517"/>
				<Word id="r147">
					<Coords points="351,2517 356,2517 356,2518 359,2518 359,2519 360,2519 360,2520 361,2520 361,2538 362,2538 362,2551 361,2551 361,2553 360,2553 360,2554 359,2554 359,2555 358,2555 358,2556 357,2556 357,2557 356,2557 356,2558 354,2558 354,2559 289,2559 289,2558 278,2558 278,2534 277,2534 277,2533 278,2533 278,2532 286,2532 286,2531 338,2531 338,2530 339,2530 339,2528 340,2528 340,2525 341,2525 341,2524 342,2524 342,2523 343,2523 343,2522 344,2522 344,2521 345,2521 345,2520 347,2520 347,2519 349,2519 349,2518 351,2518"/>
					<TextEquiv>
						<Unicode>116</Unicode>
					</TextEquiv>
				</Word>
				<TextEquiv>
					<Unicode>116</Unicode>
				</TextEquiv>
			</TextLine>
		</TextRegion>
	</Page>
</PcGts>
