1747 2693
280 129 596 235 APPIAN'S
609 141 874 222 ROMAN
890 135 1225 235 HISTORY,
1238 145 1467 235 BOOK
1470 145 1561 216 IV

868 292 985 336 XIV

285 390 349 439 Ὁ
379 389 430 439 δὲ
456 392 560 443 τοῖς
577 387 787 452 σώμασι
805 390 906 437 τῶν
926 385 1182 454 Κίμβρων
1198 389 1502 456 ἀψαυστεῖν
1525 390 1626 441 ἐκέ-

218 466 381 514 λευεν,
409 458 498 511 ἕως
527 455 686 521 ἡμέρα
710 455 935 520 γένγται,
953 455 1273 523 πολύχρυσα
1298 457 1426 509 εἶναι
1454 457 1626 510 δοκῶν.

219 531 346 574 Suid.
376 546 448 574 vv.
477 523 770 591 ἀψαύστως
795 534 844 573 et
870 522 1122 589 Κίμβρος.

877 656 965 700 XV

283 752 413 803 Ὅτι
447 753 565 814 ἔθνη
604 752 689 802 δύο
725 752 955 817 Τιγύριοι
991 753 1078 803 καὶ
1113 753 1409 817 Ἑλουήτιοι
1446 758 1496 812 ἐς
1532 758 1626 821 τὴν

213 819 476 885 Ῥωμαίων
529 820 789 883 Κελτικὴν
830 821 1107 882 ἐσέβαλον,
1157 824 1244 872 καὶ
1294 823 1490 876 τούτων
1536 827 1625 877 τὸν

216 889 409 938 στόλον
451 887 475 937 ὁ
527 891 737 961 Καῖσαρ
788 888 941 943 Γάϊος
982 889 1268 953 πυθόμενος
1317 891 1624 961 διετείχισεν

215 957 315 1005 ὅσα
352 956 468 1021 περὶ
503 955 743 1006 Ῥοδανόν
781 957 893 1007 ἐστι
932 958 1167 1022 ποταμὸν
1209 960 1258 1013 ἐς
1307 960 1490 1011 ἑκατὸν
1537 963 1623 1014 καὶ

213 1024 530 1086 πεντήκοντα
568 1023 808 1079 σταδίους
843 1024 1093 1088 μάλιστα.
1166 1027 1252 1077 καὶ
1287 1031 1620 1094 πρεσβευσα-

212 1091 379 1154 μένοις
405 1092 489 1141 ἐπὶ
516 1090 753 1161 διαπείρᾳ
779 1097 884 1147 τοῖς
910 1093 1178 1157 πολεμίοις
1216 1097 1343 1164 ὑπὲρ
1382 1099 1621 1151 σπονδῶν

211 1159 442 1209 ἐκέλευεν
474 1160 639 1225 ὅμηρα
677 1160 847 1211 δοῦναι
884 1162 969 1211 καὶ
1006 1164 1267 1229 χρήματα.
1341 1168 1619 1233 ἀποκρινα-

210 1226 373 1287 μένων
415 1226 456 1275 δ᾽
495 1227 719 1278 εἰθίσθαι
758 1232 922 1279 ταῦτα
958 1231 1266 1294 λαμβάνειν,
1301 1235 1361 1284 οὐ
1409 1234 1617 1294 διδόναι,

210 1295 524 1357 βουλόμενος
551 1295 752 1361 φθάσαι
778 1297 871 1358 τὴν
896 1296 1182 1365 ὁμαιχμίαν
1207 1303 1390 1359 αὐτῶν,
1418 1304 1502 1354 ἐπὶ
1526 1305 1619 1369 μὲν

211 1361 327 1415 τοὺς
355 1361 621 1426 Τιγυρίους
647 1364 909 1419 ἐλάσσους
934 1366 1083 1420 ὄντας
1108 1368 1308 1433 ἔπεμπε
1332 1373 1615 1435 Λαβιηνόν,

210 1428 362 1483 αὐτὸς
389 1429 441 1479 δὲ
460 1430 546 1480 ἐπὶ
570 1431 687 1486 τοὺς
713 1432 1043 1495 Ἑλουητίους
1070 1437 1268 1504 ἐχώρει,
1289 1442 1617 1505 προσλαβὼν

212 1498 464 1547 Γαλατῶν
491 1502 590 1548 τῶν
616 1499 789 1563 ὀρείων
814 1503 862 1555 ἐς
889 1501 1199 1567 δισμυρίους.
1273 1507 1360 1556 καὶ
1384 1507 1616 1573 γίγνεται

208 1567 455 1631 Λαβιηνῷ
495 1568 552 1616 τὸ
592 1567 739 1633 ἔργον
786 1570 1012 1636 εὐμαρές,
1050 1572 1320 1636 ἀδοκήτοις
1359 1576 1617 1644 Τιγυρίοις

207 1632 326 1697 περὶ
373 1632 461 1683 τὸν
508 1635 743 1698 ποταμὸν
799 1638 1117 1697 ἐπιπεσόντι,
1170 1642 1256 1691 καὶ
1306 1645 1616 1714 τρεψαμένῳ

207 1700 293 1749 καὶ
352 1701 666 1753 σκεδάσαντι
724 1704 841 1759 τοὺς
901 1708 1133 1764 πολλοὺς
1195 1712 1249 1760 ἐν
1310 1713 1615 1783 ἀσυνταξίᾳ.

207 1771 268 1816 U.
296 1788 337 1831 p.
370 1775 479 1819 352.

847 1884 961 1928 XVI

270 1970 396 2022 Ὅτι
457 1972 825 2039 Ἀριόουιστος,
876 1981 1147 2047 Γερμανῶν
1205 1987 1462 2046 βασιλεὺς
1510 1993 1612 2041 τῶν

204 2038 330 2105 ὑπὲρ
368 2039 559 2104 Ῥῆνον,
605 2044 889 2105 ἐπιβαίνων
928 2054 1016 2112 τῆς
1055 2051 1219 2116 πέραν
1259 2055 1496 2111 Αἰδούοις
1535 2059 1610 2109 ἔτι

202 2105 301 2171 πρὸ
329 2112 418 2157 τοῦ
446 2109 711 2176 Καίσαρος
736 2115 977 2177 ἐπολέμει
996 2116 1167 2184 φίλοις
1193 2122 1310 2172 οὖσι
1328 2122 1606 2189 Ῥωμαίων.

202 2173 317 2223 τότε
352 2175 442 2238 μὲν
479 2177 554 2240 δή,
595 2184 701 2234 τοῖς
739 2180 1008 2246 Ῥωμαίοις
1051 2187 1322 2241 κελεύουσι
1357 2193 1607 2253 πεισθείς,

201 2240 459 2306 ἀνέζευζεν
499 2245 603 2297 ἀπὸ
646 2251 747 2299 τῶν
795 2251 1041 2311 Αἰδούων,
1089 2256 1176 2307 καὶ
1218 2257 1370 2324 φίλος
1415 2260 1607 2326 ἠξίωσε

199 2307 463 2372 Ῥωμαίοις
521 2314 777 2378 γενέσθαι.
849 2320 937 2371 καὶ
995 2322 1209 2387 ἐγένετο,
1261 2327 1606 2387 ὑπατεύοντος

197 2376 357 2427 αὐτοῦ
385 2381 651 2449 Καίσαρος
676 2385 763 2435 καὶ
785 2390 1175 2457 ψηφισαμένου.
1248 2399 1310 2445 id.
1337 2416 1380 2461 p.
1411 2403 1522 2449 353.

199 2467 285 2509 118
