1747 2693
280 154 612 238 APPIAN'S
622 151 896 241 ROMAN
916 148 1245 229 HISTORY,
1264 148 1467 229 BOOK
1490 141 1590 229 IV

876 312 1015 356 XVII

307 413 450 485 Ὅτι
464 409 830 487 Ἀριόουιστος
845 416 868 467 ὁ
896 417 1167 481 Γερμανῶν
1203 409 1473 472 βασιλεύς,
1505 409 1653 476 φίλος

246 495 505 560 γενόμενος
529 486 807 552 Ῥωμαίων,
835 488 882 539 ἐς
919 483 1106 547 λόγους
1132 481 1260 543 ἦλθε
1297 484 1366 545 τῷ
1406 478 1650 538 Καίσαρι,

247 565 333 614 καὶ
360 557 804 627 διαχωρισθέντων
831 553 921 602 ἀπ᾽
938 552 1188 611 ἀλλήλων
1213 549 1361 601 αὖθις
1386 548 1654 596 συνελθεῖν

248 634 296 685 ἐς
321 630 506 694 λόγους
547 625 779 690 ἠξίωσεν.
855 625 944 670 τοῦ
986 619 1035 668 δὲ
1071 617 1338 682 Καίσαρος
1377 616 1434 664 οὐ
1472 622 1652 664 συνελ-

250 698 438 754 θόντος,
460 696 600 746 ἀλλὰ
623 691 738 746 τοὺς
764 688 1119 756 πρωτεύοντας
1138 687 1391 735 Γαλατῶν
1408 682 1654 733 ἀποστεί-

245 774 447 821 λαντος,
498 763 648 824 ἔδησε
696 760 810 812 τοὺς
867 756 1135 823 πρέσβεις.
1233 753 1321 803 καὶ
1369 751 1393 801 ὁ
1445 755 1655 816 Καῖσαρ

246 832 550 899 ἐστράτευεν
613 829 692 878 ἐπ᾽
751 825 908 876 αὐτὸν
952 823 1098 881 μετ᾽
1136 824 1372 883 ἀπειλῆς.
1447 819 1555 873 δέος
1615 820 1655 869 δ᾽

248 900 489 961 ἐμπίπτει
515 902 584 964 τῷ
620 899 829 962 στρατῷ
857 892 990 944 κατὰ
1031 890 1177 944 κλέος
1219 893 1320 940 τῶν
1366 891 1653 953 Γερμανῶν.

246 975 307 1019 id.
335 974 395 1017 ib.

861 1072 1026 1115 XVIII

316 1180 446 1230 Ὅτι
483 1176 793 1232 Οὐσιπέται,
836 1175 977 1227 ἔθνος
1019 1171 1350 1237 Γερμανικόν,
1395 1173 1481 1221 καὶ
1524 1175 1656 1236 Ταγ-

247 1249 396 1316 χρέαι
423 1247 632 1297 δοκοῦσι
658 1244 898 1311 πρότεροι
924 1241 1194 1308 σφετέροις
1234 1240 1482 1290 ἱππεῦσιν
1508 1240 1656 1291 ὀκτα-

250 1315 440 1369 κοσίοις
499 1313 801 1380 τρέψασθαι
855 1315 955 1360 τῶν
1017 1309 1285 1374 Καίσαρος
1346 1308 1548 1359 ἱππέων
1609 1311 1656 1364 ἐς

247 1380 720 1449 πεντακισχιλίους,
750 1379 773 1430 ὁ
803 1379 853 1429 δὲ
896 1382 1107 1444 Καῖσαρ
1147 1378 1322 1431 αὐτοῖς
1367 1379 1655 1443 πρεσβευο-

245 1451 411 1516 μένοις
448 1453 496 1505 ἐς
532 1449 687 1500 αὐτὸν
726 1446 1015 1504 ἐπιθέσθαι,
1053 1446 1171 1500 τοὺς
1210 1445 1461 1509 πρέσβεις
1501 1467 1657 1495 κατα-

248 1521 409 1586 σχών,
448 1518 532 1568 καὶ
572 1517 628 1567 τὸ
667 1517 833 1570 πάθος
871 1514 1077 1568 ἐκείνοις
1114 1515 1162 1568 ἐς
1207 1513 1354 1568 τέλος
1403 1513 1659 1581 αἰφνίδιον

250 1589 380 1637 οὕτω
430 1586 796 1651 συνενεχθῆναι
846 1586 909 1637 ὡς
959 1582 1360 1649 τεσσαράκοντα
1407 1582 1659 1648 μυριάδας

249 1657 442 1705 τούτων
480 1658 821 1717 συγκοπῆναι.
896 1651 1121 1701 Κάτωνά
1164 1672 1218 1700 τε
1257 1652 1309 1700 ἐν
1345 1650 1515 1717 Ῥώμῃ
1559 1655 1659 1701 τῶν

249 1745 323 1777 τις
350 1721 694 1787 συγγραφέων
720 1720 849 1787 φησὶ
873 1720 1079 1783 γνώμην
1105 1721 1405 1783 ἐσενεγκεῖν,
1426 1719 1660 1769 ἐκδοῦναι

248 1795 352 1845 τοῖς
377 1793 669 1855 βαρβάροις
706 1788 793 1839 τὸν
820 1788 1066 1853 Καίσαρα
1105 1789 1170 1842 ὡς
1213 1788 1387 1851 ἐναγὲς
1427 1787 1576 1852 ἔργον
1612 1790 1659 1842 ἐς

249 1857 824 1925 διαπρεσβευσαμένους
850 1858 1214 1922 ἐργασάμενον.
1291 1856 1315 1904 ὁ
1355 1855 1407 1905 δὲ
1445 1859 1659 1922 Καῖσαρ

248 1929 299 1977 ἐν
348 1930 458 1980 ταῖς
496 1925 646 1979 ἰδίαις
685 1927 1009 1991 ἀναγραφαῖς
1049 1928 1150 1974 τῶν
1194 1923 1459 1991 ἐφημέρων
1499 1925 1660 1991 ἔργων

250 1996 379 2060 φησὶ
405 1993 521 2047 τοὺς
547 1993 846 2047 Οὐσιπέτας
874 1993 960 2043 καὶ
986 1992 1258 2059 Ταγχρέας
1296 1992 1659 2056 κελευομένους

249 2062 473 2124 ἐκπηδᾶν
509 2063 557 2116 ἐς
595 2062 658 2111 τὰ
695 2063 891 2127 ἀρχαῖα
930 2064 1093 2127 σφῶν,
1134 2061 1293 2127 φάναι
1330 2060 1582 2125 πρέσβεις
1613 2062 1659 2116 ἐς

250 2130 365 2185 τοὺς
392 2128 714 2189 ἐκβαλόντας
740 2126 1006 2192 Σουήβους
1040 2129 1433 2179 ἀπεσταλκέναι
1459 2130 1545 2179 καὶ
1570 2129 1660 2184 τὰς

250 2197 549 2263 ἀποκρίσεις
585 2200 754 2247 αὐτῶν
791 2198 1070 2258 ἀναμένειν,
1111 2198 1197 2248 καὶ
1234 2200 1286 2247 ἐν
1323 2198 1505 2247 ταῖσδε
1549 2203 1660 2253 ταῖς

251 2265 723 2331 διαπρεσβεύσεσιν
794 2266 1067 2316 ἐπιθέσθαι
1139 2270 1243 2319 τοῖς
1317 2266 1657 2323 ὀκτακοσίοις,

251 2335 337 2383 καὶ
374 2334 494 2401 παρ᾽
521 2334 646 2384 αὐτὸ
684 2333 877 2400 τρέψαι
917 2335 1034 2389 τοὺς
1073 2334 1341 2398 Ῥωμαίων
1382 2356 1661 2385 πεντακισ-

251 2403 469 2468 χιλίους.
541 2402 1057 2469 ἐπιπρεσβευομένων
1107 2403 1147 2451 δ᾽
1196 2404 1366 2453 αὐτῶν
1414 2403 1501 2453 καὶ
1543 2405 1660 2471 περὶ

255 2506 340 2536 120
