1747 2693
277 154 606 235 APPIAN'S
619 158 887 235 ROMAN
903 158 1238 248 HISTORY,
1254 154 1464 238 BOOK
1490 158 1580 238 IV

234 303 323 349 τοῦ
348 298 855 365 παρασπονδήματος
892 297 1342 362 ἀπολογουμένων,
1384 300 1643 362 ὑποτοπή-

234 388 330 421 σας
365 366 569 433 ἐνέδραν
608 365 800 428 ὁμοίαν,
827 365 1101 417 ἐπιθέσθαι
1144 365 1244 431 πρὸ
1287 370 1388 417 τῶν
1429 369 1644 436 ἀποκρί-

235 455 382 485 σεων.
406 439 470 483 id.
495 438 555 483 ib.

873 569 991 612 XIX

300 672 464 726 Εὐθὺς
503 672 731 738 ἠρέθιζον
767 671 883 726 τοὺς
923 673 1242 738 Βρεττανοὺς
1286 681 1639 742 παρορκῆσαι,

233 739 465 803 ἔγκλημα
505 741 721 807 ἔχοντας
761 741 840 790 ὅτι
891 741 1130 791 σπονδῶν
1167 741 1324 809 σφίσι
1361 744 1642 809 γενομένων

233 808 306 858 ἔτι
332 812 506 875 παρῆν
531 808 587 859 τὸ
615 808 988 874 στρατόπεδον.
1062 815 1190 859 Suid.
1220 832 1261 860 v.
1290 818 1639 879 παρορκῆσαι.

890 957 981 1000 XX

297 1057 486 1109 Δείσας
513 1057 536 1106 ὁ
567 1060 778 1124 Καῖσαρ
802 1059 919 1121 περὶ
946 1064 1015 1124 τῷ
1044 1059 1297 1127 Κικέρωνι
1320 1061 1641 1130 ὑπέστρεφεν

231 1125 298 1179 εἰς
325 1125 572 1175 τοὐπίσω.
646 1131 706 1175 id.
737 1147 777 1176 v.
807 1126 1084 1181 δείσαντες.

873 1279 988 1321 XXI

284 1380 411 1431 Ὅτι
437 1380 461 1431 ὁ
496 1381 742 1448 Βριτόρης
777 1382 1055 1450 διέφθειρεν
1092 1384 1338 1441 Αἰδούους
1373 1384 1639 1452 Ῥωμαίων

229 1450 538 1513 ἀποστῆναι,
563 1452 649 1500 καὶ
677 1455 767 1500 τοῦ
795 1451 1064 1518 Καίσαρος
1091 1453 1435 1510 ὀνειδίσαντος
1461 1458 1636 1512 αὐτοῖς

230 1516 411 1583 φιλίαν
448 1518 653 1583 ἔφασαν
688 1520 924 1569 παλαιὰν
961 1521 1255 1586 ἐφθακέναι.
1329 1528 1445 1586 Mai,
1485 1530 1636 1592 Scrip-

230 1596 382 1634 torum
409 1597 621 1636 veterum
646 1607 751 1637 nov.
780 1592 957 1637 collect.
987 1600 1017 1638 t.
1052 1595 1077 1638 2
1107 1610 1147 1652 p.
1179 1593 1290 1642 367.
