1747 2693
900 522 1009 638 Ε'

261 752 356 799 ΕΚ
398 744 536 801 ΤΗΣ
586 744 983 799 ΣΙΚΕΛΙΚΗΣ
1036 748 1159 795 ΚΑΙ
1211 739 1668 796 ΝΗΣΙΩΤΙΚΗΣ

953 897 973 941 I

314 1002 442 1052 Ὅτι
471 1001 781 1067 ἀποροῦντες
816 998 1065 1063 Ῥωμαῖοί
1098 1020 1154 1049 τε
1190 999 1279 1049 καὶ
1319 998 1670 1066 Καρχηδόνιοι

258 1091 553 1137 χρηματων,
594 1069 640 1118 οἱ
675 1069 767 1132 μὲν
803 1068 972 1118 οὐκέτι
1010 1067 1347 1132 ἐναυπήγουν,
1375 1068 1669 1132 τετρυμένοι

262 1138 344 1188 διὰ
381 1137 471 1191 τὰς
508 1137 748 1203 ἐσφοράς,
777 1135 920 1185 ἀλλὰ
955 1135 1113 1199 πεζὴν
1150 1134 1409 1201 στρατιὰν
1445 1137 1667 1186 καταλέ-

259 1227 433 1269 γοντες
459 1206 747 1268 ἐξέπεμπον
773 1206 819 1258 ἐς
846 1203 1049 1266 Λιβύην
1084 1204 1170 1254 καὶ
1208 1206 1256 1258 ἐς
1294 1202 1540 1256 Σικελίαν
1572 1204 1669 1255 ἀνὰ

260 1274 371 1327 ἔτος
419 1275 654 1329 ἕκαστον,
718 1271 1067 1339 Καρχηδόνιοι
1128 1271 1168 1321 δ᾽
1231 1274 1280 1327 ἐς
1334 1275 1669 1337 Πτολεμαῖον

261 1341 653 1407 ἐπρεσβεύοντο,
729 1340 818 1390 τὸν
896 1339 1229 1404 Πτολεμαίου
1303 1345 1394 1392 τοῦ
1471 1341 1667 1406 Λάγου,

260 1408 491 1467 βασιλέα
540 1408 825 1472 Αἰγύπτου,
886 1407 1128 1475 δισχίλια
1186 1409 1423 1460 τάλαντα
1480 1409 1667 1476 κιχρώ-

258 1499 414 1541 μενοι.
488 1481 558 1542 τῷ
601 1476 641 1525 δ᾽
680 1478 741 1539 ἦν
778 1476 826 1531 ἔς
863 1498 919 1527 τε
952 1475 1235 1540 Ῥωμαίους
1271 1477 1357 1528 καὶ
1395 1477 1669 1545 Καρχηδο-

261 1544 392 1599 νίους
443 1546 612 1610 φιλία,
657 1545 743 1594 καὶ
785 1545 1115 1610 συναλλάξαι
1156 1550 1295 1613 σφᾶς
1336 1546 1671 1613 ἐπεχείρησεν

261 1614 531 1674 ἀλλήλοις.
592 1614 649 1663 οὐ
684 1612 911 1674 δυνηθεὶς
944 1612 985 1662 δ᾽
1013 1614 1110 1679 ἔφη
1136 1619 1325 1680 χρῆναι
1352 1614 1529 1681 φίλοις
1555 1612 1676 1665 κατ᾽

261 1687 461 1753 ἐχθρῶν
486 1691 795 1754 συμμαχεῖν,
825 1689 884 1737 οὐ
910 1687 1045 1737 κατὰ
1070 1688 1255 1755 φίλων.
1284 1694 1347 1739 U.
1374 1710 1417 1754 p.
1449 1695 1559 1740 354.

934 1847 981 1891 II

331 1953 370 1997 1.
398 1946 527 1997 Ὅτι
553 1947 600 1998 οἱ
626 1948 973 2017 Καρχηδόνιοι
1007 1950 1080 2005 δὶς
1111 1952 1163 2001 ἐν
1192 1955 1254 2017 τῇ
1289 1955 1355 2018 γῇ
1387 1955 1478 2003 τοῦ
1511 1952 1678 2004 αὐτοῦ

258 2021 446 2088 χρόνου
475 2022 564 2072 καὶ
601 2022 673 2076 δὶς
711 2025 763 2072 ἐν
798 2028 860 2089 τῇ
895 2024 1144 2089 θαλάσσῃ
1170 2024 1441 2084 παθόντες,
1468 2029 1520 2078 ἐν
1544 2026 1576 2093 ᾗ
1609 2027 1665 2091 δὴ

259 2096 347 2146 καὶ
370 2095 507 2146 πάνυ
544 2096 793 2163 προύχειν
829 2097 1069 2163 ἐνόμιζον,
1096 2101 1183 2151 καὶ
1221 2101 1505 2167 χρημάτων
1539 2103 1667 2153 ἀπο-

259 2173 460 2234 ροῦντες
495 2170 591 2232 ἤδη
630 2172 718 2221 καὶ
754 2175 876 2223 νεῶν
913 2174 1001 2224 καὶ
1037 2174 1247 2242 ἀνδρῶν,
1284 2177 1439 2241 ᾔτουν
1476 2177 1670 2246 ἀνοχὰς

261 2243 403 2307 παρὰ
429 2248 519 2294 τοῦ
546 2247 855 2305 Λουτατίου,
883 2247 970 2298 καὶ
995 2248 1251 2311 λαβόντες
1285 2250 1668 2317 ἐπρεσβεύοντὸ

261 2320 308 2371 ἐς
333 2317 530 2382 Ῥώμην
555 2320 673 2385 περὶ
699 2320 1003 2386 διαλλαγῶν
1029 2324 1113 2374 ἐπὶ
1130 2325 1495 2392 βραχυτέροις,
1523 2328 1667 2378 συνέ-

259 2393 465 2455 πεμπόν
500 2414 554 2443 τε
584 2398 689 2448 τοῖς
725 2395 1017 2462 πρέσβεσιν
1053 2398 1287 2450 Ἀτίλιον
1320 2398 1545 2470 Ῥῆγλον
1580 2401 1669 2457 τὸν

264 2484 348 2531 126
