1747 2693
296 148 632 245 APPIAN'S
641 145 912 261 ROMAN
938 154 1277 254 HISTORY,
1287 161 1506 254 BOOK
1522 151 1583 229 V

242 300 455 355 ὕπατον,
484 299 823 365 αἰχμάλωτον
855 298 978 347 ὄντα
1013 301 1176 363 σφῶν,
1218 297 1523 359 δεησόμενον
1560 301 1646 359 τῆς

241 373 487 439 πατρίδος
513 373 597 423 ἐπὶ
623 372 795 422 τοῖσδε
821 371 1119 421 συνθέσθαι.
1197 371 1221 421 ὁ
1253 371 1305 421 δὲ
1342 372 1434 433 ἧκε
1461 372 1553 435 μὲν
1583 373 1647 425 ὡς

239 449 574 515 αἰχμάλωτος
614 446 926 511 ἐσταλμένος
971 450 1281 512 φοινικικῶς,
1315 446 1647 511 ὑπολειφθεὶς

241 522 292 571 δὲ
319 526 419 572 τῶν
443 521 715 587 πρέσβεων
741 523 793 571 ἐν
812 525 881 586 τῷ
897 520 1256 586 βουλευτηρίῳ
1277 521 1556 587 τετρῦσθαι
1582 520 1646 569 τὰ

242 595 605 664 Καρχηδονίων
643 595 842 658 ἐδήλου,
883 596 969 645 καὶ
1006 595 1296 661 παρῄνεσεν
1331 595 1361 658 ἢ
1400 600 1645 660 πολεμεῖν

238 672 494 736 ἐγκρατῶς
540 672 570 733 ἢ
621 671 705 720 ἐπὶ
747 669 958 719 πλείοσι
1000 671 1298 720 συνθέσθαι.
1375 670 1463 719 καὶ
1501 671 1643 721 τόνδε

236 739 327 802 μὲν
365 739 412 792 ἐς
449 737 761 806 Καρχηδόνα
796 738 977 790 ἑκόντα
1009 738 1360 789 ἐπανελθόντα
1409 738 1640 789 ἔκτειναν

237 806 284 855 οἱ
311 806 671 875 Καρχηδόνιοι,
699 806 883 871 κέντρα
911 807 1124 872 σιδήρεα
1160 806 1369 856 σανίσιν
1395 807 1639 873 ἐνηρμοσ-

234 874 359 937 μένα
398 875 651 925 πάντοθεν
691 876 879 924 ἑστῶτι
917 876 1221 941 περιθέντες,
1252 876 1334 925 ἵνα
1371 874 1640 939 μηδαμόσε

235 942 437 992 δύναιτο
481 942 854 999 ἐπικλίνεσθαι,
899 944 1045 993 αὐτοὶ
1090 943 1142 993 δὲ
1186 943 1278 1007 τὴν
1317 944 1517 1010 εἰρήνην
1555 945 1639 994 ἐπὶ

234 1011 445 1059 πλείοσι
471 1010 758 1060 συνέθεντο.

302 1085 342 1126 2.
384 1078 491 1130 Καὶ
513 1079 573 1141 ἦν
599 1078 675 1145 ἐφ᾽
702 1080 774 1132 οἷς
801 1079 1085 1137 συνέθεντο,
1115 1079 1180 1129 τὰ
1202 1080 1293 1144 μὲν
1318 1080 1636 1147 αἰχμάλωτα

230 1145 493 1209 Ῥωμαίων
529 1147 617 1196 καὶ
654 1147 769 1200 τοὺς
807 1147 1141 1210 αὐτομόλους,
1168 1149 1283 1198 ὅσοι
1321 1148 1468 1215 παρὰ
1496 1152 1634 1216 Καρ-

232 1213 487 1279 χηδονίοις
525 1215 641 1271 εἰσί,
688 1215 959 1280 Ῥωμαίοις
1002 1216 1147 1271 εὐθὺς
1197 1217 1497 1275 ἀποδοῦναι,
1548 1219 1637 1268 καὶ

232 1281 471 1336 Σικελίας
496 1282 766 1347 Ῥωμαίοις
795 1285 1091 1347 ἀποστῆναι
1125 1286 1213 1335 καὶ
1249 1289 1348 1335 τῶν
1372 1287 1633 1353 βραχυτέ-

229 1371 330 1414 ρων
355 1350 522 1413 νήσων
547 1352 668 1402 ὅσαι
701 1353 818 1417 περὶ
851 1349 1108 1411 Σικελίαν,
1140 1351 1482 1420 Συρακοσίοις
1525 1355 1579 1405 δὲ
1603 1357 1631 1419 ἢ

227 1417 417 1483 Ἱέρωνι
443 1423 511 1485 τῷ
537 1416 883 1485 Συρακουσῶν
910 1422 1139 1488 τυράννῳ
1159 1422 1391 1487 πολέμου
1420 1426 1631 1491 Καρχη-

229 1485 420 1540 δονίους
444 1487 513 1551 μὴ
539 1488 835 1555 κατάρχειν,
861 1489 987 1553 μηδὲ
1024 1491 1079 1539 ἐκ
1117 1496 1206 1554 τῆς
1242 1489 1473 1546 Ἰταλίας
1499 1494 1632 1555 ξενο-

227 1558 413 1617 λογεῖν,
441 1555 620 1617 ποινὴν
646 1555 699 1606 δὲ
724 1560 815 1606 τοῦ
843 1557 1075 1622 πολέμου
1110 1559 1383 1624 Ῥωμαίοις
1415 1561 1634 1625 ἐνεγκεῖν

228 1622 461 1674 τάλαντα
498 1624 732 1684 Εὐβοϊκὰ
770 1625 1008 1692 δισχίλια
1058 1628 1108 1676 ἐν
1146 1628 1314 1679 ἔτεσιν
1351 1631 1533 1688 εἴκοσι,
1573 1630 1632 1680 τὸ

225 1689 372 1754 μέρος
421 1692 644 1741 ἑκάστου
703 1693 844 1747 ἔτους
904 1696 951 1747 ἐς
1011 1695 1211 1759 Ῥώμην
1262 1697 1628 1764 ἀναφέροντας.

227 1757 333 1823 ἔχει
383 1758 432 1808 δὲ
483 1759 539 1809 τὸ
589 1761 846 1821 Εὐβοϊκὸν
894 1763 1153 1813 τάλαντον
1211 1763 1631 1833 Ἀλεξανδρείους

228 1825 459 1892 δραχμὰς
497 1829 918 1895 ἑπτακισχιλίας.
992 1830 1016 1881 ὁ
1053 1833 1143 1896 μὲν
1181 1832 1241 1895 δὴ
1278 1838 1482 1900 πρῶτος
1513 1837 1631 1901 περὶ

224 1893 461 1948 Σικελίας
501 1895 771 1961 Ῥωμαίοις
820 1899 908 1948 καὶ
959 1900 1337 1967 Καρχηδονίοις
1386 1902 1627 1968 πόλεμος,

223 1962 389 2011 ἔτεσιν
413 1965 577 2013 εἴκοσι
613 1967 701 2014 καὶ
740 1966 1026 2033 τέσσαρσιν
1063 1971 1238 2023 αὐτοῖς
1271 1970 1551 2036 γενόμενος,
1581 1974 1628 2027 ἐς

223 2034 372 2079 τοῦτο
423 2032 679 2083 ἐτελεύτα.
769 2035 857 2084 καὶ
905 2037 1179 2087 ἀπώλοντο
1230 2043 1341 2101 νῆες
1390 2040 1440 2090 ἐν
1488 2042 1627 2107 αὐτῷ

218 2096 482 2163 Ῥωμαίων
530 2101 856 2160 ἑπτακόσιαι,
909 2105 1281 2171 Καρχηδονίων
1331 2107 1383 2157 δὲ
1442 2130 1625 2159 πεντα-

221 2165 407 2215 κόσιαι.
480 2165 718 2223 Σικελίας
757 2170 809 2220 δὲ
846 2173 977 2222 οὕτω
1006 2177 1096 2223 τοῦ
1127 2175 1343 2229 πλέονος
1380 2176 1625 2242 Ῥωμαῖοι

219 2234 491 2300 κατέσχον,
519 2237 645 2287 ὅσου
674 2240 1021 2305 Καρχηδόνιοι
1055 2247 1314 2310 κατεῖχον·
1358 2245 1543 2311 φόρους
1571 2268 1625 2296 τε

218 2481 302 2523 128
