1747 2693
293 151 635 251 APPIAN'S
654 148 906 251 ROMAN
929 148 1258 245 HISTORY,
1274 151 1477 248 BOOK
1503 158 1574 238 V

233 305 405 359 αὐτοῖς
465 304 730 360 ἐπέθεσαν,
780 302 868 353 καὶ
915 301 1041 364 τέλη
1090 300 1154 352 τὰ
1203 301 1479 352 θαλάσσια
1527 305 1637 355 ταῖς

236 372 421 424 πόλεσι
457 372 786 438 μερισάμενοι
823 369 1123 436 στρατηγὸν
1160 369 1367 433 ἐτήσιον
1405 370 1637 434 ἔπεμπον

236 444 281 495 ἐς
308 440 564 493 Σικελίαν.
633 439 839 505 Ἱέρωνα
877 438 931 489 δὲ
966 437 1054 488 τὸν
1089 434 1427 503 Συρακοσίων
1457 438 1637 503 τύραν-

237 531 332 566 νον,
373 508 481 559 ἀνθ᾽
523 509 590 558 ὧν
615 509 788 561 αὐτοῖς
831 507 880 561 ἐς
918 505 1062 557 τόνδε
1100 505 1187 556 τὸν
1223 505 1454 570 πόλεμον
1491 528 1635 557 συνε-

235 578 507 644 πεπράχει,
533 576 690 643 φίλον
713 576 798 626 καὶ
826 573 1106 642 σύμμαχον
1130 575 1318 625 ἔθεντο.

303 652 342 693 3.
385 643 782 698 Καταλυθέντος
808 643 861 694 δὲ
887 647 978 694 τοῦ
996 642 1230 708 πολέμου
1257 642 1417 699 τοῦδε,
1443 643 1637 694 Κελτοὶ

236 712 618 780 Καρχηδονίους
655 711 740 762 τόν
780 733 835 762 τε
870 711 1059 776 μισθὸν
1095 712 1250 777 ᾔτουν
1276 711 1363 762 τὸν
1390 712 1466 762 ἔτι
1500 711 1635 780 ὀφει-

232 779 442 845 λόμενον
492 780 675 847 σφίσιν
722 781 777 830 ἐκ
824 775 1081 837 Σικελίας,
1130 780 1218 830 καὶ
1267 779 1455 847 δωρεὰς
1508 781 1635 836 ὅσας

234 848 500 915 ὑπέσχητο
525 850 697 903 αὐτοῖς
724 848 906 898 δώσειν
940 847 1215 915 Ἀμίλχας.
1290 849 1445 914 ᾔτουν
1471 848 1524 899 δὲ
1549 849 1636 899 καὶ

233 915 436 976 Λίβυες,
486 917 703 980 ὑπήκοοι
750 917 842 981 μὲν
888 917 1027 970 ὄντες
1075 917 1187 967 οἵδε
1248 917 1633 984 Καρχηδονίων,

231 984 335 1034 ἀπὸ
362 984 412 1034 δὲ
439 990 528 1047 τῆς
565 987 617 1035 ἐν
653 981 866 1051 Σικελίᾳ
897 985 1173 1051 στρατείας
1198 985 1283 1036 ἐπὶ
1308 986 1634 1052 φρονήματος

229 1051 489 1115 γεγονότες
536 1053 624 1103 καὶ
671 1053 787 1108 τοὺς
837 1053 1222 1120 Καρχηδονίους
1270 1055 1502 1108 ἀσθενεῖς
1548 1055 1636 1105 καὶ

231 1121 497 1175 ταπεινοὺς
547 1121 773 1187 ὁρῶντες·
826 1121 1177 1189 ἐχαλέπαινόν
1226 1145 1280 1173 τε
1328 1125 1503 1176 αὐτοῖς
1546 1129 1634 1187 τῆς

230 1188 534 1254 ἀναιρέσεως
585 1193 685 1239 τῶν
735 1190 1060 1257 τρισχιλίων,
1102 1192 1187 1245 οὓς
1236 1192 1635 1257 ἐσταυρώκεσαν

230 1261 317 1318 τῆς
366 1258 413 1311 ἐς
472 1257 753 1322 Ῥωμαίους
800 1261 1099 1323 μεταβολῆς
1153 1260 1351 1310 οὕνεκα.
1426 1260 1632 1311 διωθου-

227 1324 388 1387 μένων
412 1324 465 1374 δὲ
491 1329 591 1375 τῶν
627 1326 995 1393 Καρχηδονίων
1021 1326 1306 1393 ἑκατέρους,
1334 1329 1633 1390 κατέλαβον

228 1391 379 1458 ἄμφω
439 1392 641 1455 Τύνητα
699 1394 855 1444 πόλιν
900 1396 985 1446 καὶ
1044 1394 1262 1458 Ἰτύκην,
1321 1398 1351 1459 ἣ
1411 1396 1632 1461 μεγίστη

227 1459 426 1521 Λιβύης
474 1461 588 1511 ἐστὶ
634 1462 763 1526 μετὰ
813 1463 1143 1531 Καρχηδόνα·
1192 1466 1307 1515 ὅθεν
1356 1465 1634 1531 ὁρμώμενοι

228 1528 319 1590 τήν
345 1550 398 1578 τε
424 1528 593 1591 ἄλλην
619 1529 909 1596 ἀφίστανον
945 1533 1034 1583 καὶ
1070 1536 1170 1583 τῶν
1208 1535 1467 1599 Νομάδων
1493 1535 1632 1590 τινὰς

228 1595 428 1646 ἔπειθον
467 1598 553 1646 καὶ
589 1597 786 1648 δούλων
822 1600 961 1650 πολὺ
997 1603 1199 1665 πλῆθος
1225 1603 1631 1670 ἀποδιδρασκόν-

227 1685 328 1713 των
353 1665 678 1732 ὑπεδέχοντο,
707 1668 772 1716 τά
809 1689 863 1718 τε
901 1669 1275 1736 Καρχηδονίων
1308 1673 1483 1723 πάντα
1526 1675 1631 1723 ἐλε-

227 1732 466 1792 ηλάτουν.
541 1734 589 1784 οἱ
624 1734 676 1784 δὲ
713 1735 1043 1803 πανταχόθεν
1078 1741 1454 1805 πολεμούμενοι
1505 1764 1629 1807 συμ-

224 1800 423 1867 μάχους
449 1801 533 1851 ἐπὶ
559 1802 674 1857 τοὺς
700 1803 905 1864 Λίβυας
940 1804 1225 1870 Ῥωμαίους
1262 1810 1628 1861 ἐπεκαλοῦντο.

224 1869 310 1917 καὶ
345 1867 589 1933 Ῥωμαῖοι
615 1872 867 1936 στρατιὰν
908 1873 999 1937 μὲν
1038 1876 1212 1930 αὐτοῖς
1249 1878 1341 1926 οὐκ
1368 1878 1627 1945 ἔπεμψαν,

224 1936 416 2001 ἀγορὰν
443 1936 483 1985 δ᾽
510 1938 565 1987 ἔκ
592 1961 646 1989 τε
682 1939 914 1994 Ἰταλίας
945 1942 1033 1992 καὶ
1057 1939 1300 1999 Σικελίας
1338 1948 1631 2011 ἐπάγεσθαι

222 2004 310 2052 καὶ
359 2006 645 2069 ξενολογεῖν
693 2010 747 2057 ἐκ
798 2014 885 2071 τῆς
933 2008 1163 2066 Ἰταλίας
1213 2014 1260 2067 ἐς
1297 2013 1451 2077 μόνον
1489 2015 1631 2066 τόνδε

224 2071 308 2121 τὸν
344 2072 570 2137 πόλεμον
612 2075 923 2142 ἐπέτρεψαν.
996 2079 1244 2146 ἔπεμψαν
1287 2082 1339 2132 δὲ
1382 2084 1471 2134 καὶ
1511 2085 1629 2151 πρέ-

223 2141 369 2199 σβεις
387 2141 434 2194 ἐς
451 2142 671 2205 Λιβύην,
690 2144 732 2194 εἰ
753 2144 988 2196 δύναιντο
1007 2146 1256 2199 διαλῦσαι
1278 2151 1365 2201 τὸν
1381 2151 1627 2217 πόλεμον·

223 2209 270 2255 οἳ
292 2208 585 2273 ἐπανῆλθον
611 2211 886 2278 ἄπρακτοι.
959 2215 1046 2265 καὶ
1072 2218 1422 2285 Καρχηδόνιοι
1447 2222 1629 2288 ἐγκρα-

223 2278 319 2329 τῶς
344 2278 544 2343 εἴχοντο
572 2284 661 2329 τοῦ
686 2280 936 2346 πολέμου.
1007 2289 1069 2334 id.
1097 2289 1159 2336 ib.

225 2501 309 2543 130
