1747 2693
890 1325 972 1387 IV

287 164 616 261 APPIAN'S
638 158 890 248 ROMAN
929 158 1280 251 HISTORY,
1293 170 1496 245 BOOK
1509 170 1580 238 V

898 310 971 355 III

287 395 419 447 Ὅτι
454 395 804 461 Ἱπποκράτης
841 393 928 444 καὶ
964 391 1262 454 Ἐπικύδης,
1301 391 1513 458 ἀδελφὼ
1555 392 1647 456 μὲν

236 467 504 527 ἀλλήλων,
533 462 812 530 στρατηγὼ
839 462 893 512 δὲ
917 459 1273 527 Συρακοσίων,
1292 459 1566 525 Ῥωμαίοις
1592 462 1647 511 ἐκ

234 537 439 583 πολλοῦ
466 531 902 599 δυσχεραίνοντες,
930 528 1041 580 ἐπεὶ
1066 529 1156 583 τὰς
1188 524 1527 593 Συρακούσας
1553 530 1644 579 οὐκ

237 603 423 667 ἴσχυον
470 602 853 664 ἐκπολεμῶσαι,
905 597 1198 681 κατέφυγον
1247 598 1295 651 ἐς
1345 596 1645 651 Λεοντίνους

236 668 627 736 διαφερομένους
664 671 769 722 τοῖς
804 664 1162 733 Συρακοσίοις,
1202 665 1289 715 καὶ
1325 664 1647 732 κατηγόρουν

235 742 324 799 τῆς
359 736 606 803 πατρίδος
643 736 723 785 ὅτι
761 735 853 790 τὰς
890 733 1121 787 σπονδὰς
1156 733 1383 799 Ἱέρωνος
1420 732 1499 801 ἐφ᾽
1549 734 1645 801 ὅλῃ

235 803 447 872 Σικελίᾳ
493 802 839 868 πεποιημένου
886 802 1029 868 μόνοι
1084 798 1399 868 Συρακόσιοι
1460 800 1648 869 σφίσιν

235 873 406 927 αὐτοῖς
455 871 858 922 ἀνακαινίσειαν.
957 871 1006 921 οἱ
1056 870 1107 920 δὲ
1156 869 1465 936 ἠρεθίζοντο.
1558 871 1644 921 καὶ

235 937 546 1005 Συρακόσιοι
570 940 662 1004 μὲν
688 939 1061 1006 ἐπεκήρυσσον,
1091 940 1137 989 εἴ
1160 960 1235 993 τις
1259 937 1643 1004 Ἱπποκράτους

232 1009 263 1071 ἢ
299 1007 604 1063 Ἐπικύδους
641 1007 868 1073 κομίσειε
907 1006 998 1070 τὴν
1035 1006 1286 1074 κεφαλήν,
1322 1006 1645 1072 ἰσόσταθμον

233 1077 372 1143 αὐτῷ
429 1077 649 1144 χρυσίον
696 1075 1010 1133 ἀντιδώσειν,
1061 1079 1323 1126 Λεοντῖνοι
1373 1075 1427 1125 δὲ
1475 1076 1646 1127 αὑτῶν

232 1144 554 1211 Ἱπποκράτη
592 1144 890 1210 στρατηγὸν
926 1144 1158 1211 ᾑροῦντο.
1232 1148 1339 1193 Val.
1380 1165 1422 1208 p.
1463 1150 1559 1193 558
1598 1155 1645 1194 et

233 1217 341 1262 hinc
368 1217 496 1262 Suid.
525 1234 567 1263 v.
596 1212 890 1275 Ἐπικύδης.

288 1414 417 1464 Ὅτι
455 1412 660 1467 Σικελοὶ
708 1415 797 1465 καὶ
846 1414 969 1469 τέως
1007 1416 1419 1479 ἀγανακτοῦντες
1458 1416 1543 1465 ἐπὶ
1581 1419 1641 1482 τῇ

233 1482 456 1547 ὠμότητι
493 1484 819 1549 Μαρκέλλου
856 1488 947 1533 τοῦ
985 1488 1302 1549 στρατηγοῦ,
1340 1483 1545 1548 μᾶλλόν
1595 1506 1641 1534 τι

1622 1551 1635 1572 καὶ
231 1550 319 1600 καὶ
355 1551 481 1616 τῷδε
518 1556 587 1617 τῷ
624 1552 755 1618 ἔργῳ
793 1553 1264 1618 συνεταράσσοντο,
1306 1552 1384 1619 ἐφ᾽
1422 1553 1461 1619 ᾧ
1506 1542 1650 1603 κατὰ

231 1618 517 1683 προδοσίαν
565 1622 613 1674 ἐς
663 1618 1000 1685 Συρακούσας
1049 1621 1285 1684 ἐσῆλθεν.
1378 1621 1466 1671 καὶ
1515 1621 1639 1687 πρὸς

230 1686 554 1752 Ἱπποκράτη
580 1687 915 1752 μετετίθεντο,
956 1689 1041 1739 καὶ
1085 1689 1414 1754 συνώμνυντο
1438 1689 1508 1754 μὴ
1536 1690 1637 1739 δια-

230 1754 503 1805 λύσασθαι
538 1756 695 1822 χωρὶς
733 1757 994 1820 ἀλλήλων,
1031 1758 1227 1823 ἀγοράν
1264 1779 1319 1808 τε
1366 1759 1506 1824 αὐτῷ
1556 1757 1640 1808 καὶ

232 1822 483 1888 στρατιὰν
540 1825 784 1889 ἔπεμπον,
846 1827 894 1879 ἐς
955 1825 1253 1892 δισμυρίους
1314 1825 1497 1889 πεζοὺς
1556 1825 1641 1877 καὶ

230 1891 419 1945 ἱππέας
445 1892 922 1960 πεντακισχιλίους.
997 1900 1103 1943 Val.
1134 1899 1194 1944 ib.

912 2031 953 2073 V

284 2112 412 2163 Ὅτι
473 2113 871 2182 διαβεβλημένῳ
921 2121 991 2183 τῷ
1042 2117 1345 2184 Μαρκέλλῳ
1397 2119 1489 2168 οὐκ
1533 2119 1635 2170 ἐπί-

231 2209 413 2237 στευον
438 2190 596 2255 χωρὶς
623 2190 801 2256 ὅρκων.
876 2190 952 2241 διὸ
978 2192 1066 2242 καὶ
1091 2192 1449 2259 Ταυρομενίων
1475 2216 1633 2261 προσ-

229 2261 532 2327 χωρούντων
571 2263 632 2321 οἱ,
677 2265 918 2317 συνέθετο
944 2267 1031 2317 καὶ
1060 2266 1231 2333 ὤμοσε
1255 2268 1384 2333 μήτε
1418 2271 1634 2337 φρουρή-

229 2357 332 2385 σειν
364 2336 455 2399 τὴν
486 2338 643 2389 πόλιν
678 2340 808 2404 μήτε
845 2343 1298 2409 στρατολογήσειν
1334 2343 1424 2395 ἀπ᾽
1462 2346 1636 2409 αὐτῆς.

228 2414 288 2458 id.
317 2415 377 2460 ib.

235 2513 317 2557 132
