1747 2693
300 161 616 254 APPIAN'S
635 164 903 258 ROMAN
916 164 1267 254 HISTORY,
1274 170 1483 248 BOOK
1493 167 1564 245 V

889 341 955 385 VI

299 459 337 502 1.
364 453 493 504 Ὅτι
534 453 714 519 Κρήτη
754 456 811 519 ἐξ
847 455 1013 521 ἀρχῆς
1043 456 1279 509 εὐνοϊκῶς
1312 455 1451 524 ἔχειν
1477 455 1636 508 ἐδόκει

226 528 522 596 Μιθριδάτῃ
550 529 892 589 βασιλεύοντι
926 528 1146 587 Πόντου,
1175 530 1263 580 καὶ
1288 532 1428 597 αὐτῷ
1454 533 1636 595 μισθο-

224 607 453 669 φορῆσαι
501 608 815 668 πολεμοῦντι
859 603 1132 669 Ῥωμαίοις
1181 605 1405 670 ἐλέγετο.
1495 606 1637 673 ἔδοξε

225 678 277 730 δὲ
324 679 410 729 καὶ
459 683 564 735 τοῖς
606 678 878 730 πλεύσασι
938 679 1055 730 τότε
1104 685 1330 747 λῃσταῖς
1381 681 1430 737 ἐς
1478 683 1636 750 χάριν

225 756 315 803 τοῦ
374 753 702 819 Μιθριδάτου
761 757 1058 816 συλλαβεῖν
1118 756 1208 806 καὶ
1281 762 1635 825 συμμαχῆσαι

223 831 405 893 σαφῶς
441 828 763 893 διωκομένοις
789 829 889 880 ὑπὸ
917 830 1143 896 Μάρκου
1167 829 1463 882 Ἀντωνίου.
1514 855 1633 898 πρε-

224 903 586 967 σβευσαμένου
651 903 704 954 δὲ
764 909 857 955 τοῦ
913 903 1195 956 Ἀντωνίου
1256 907 1385 972 πρὸς
1446 909 1633 963 αὐτοὺς

223 977 474 1042 ὑπεριδεῖν
521 979 609 1028 καὶ
659 980 999 1047 ὑπερηφάνως
1046 980 1449 1046 ἀποκρίνασθαι.
1545 984 1633 1034 καὶ

221 1057 519 1116 πολεμῆσαι
542 1053 633 1117 μὲν
657 1055 831 1110 αὐτοῖς
874 1055 1020 1110 εὐθὺς
1054 1056 1140 1107 ἐπὶ
1180 1056 1308 1123 τῷδε
1343 1055 1631 1118 Ἀντώνιος,

220 1126 309 1176 καὶ
355 1128 415 1177 οὐ
461 1132 658 1194 πρᾶξαι
694 1134 884 1188 καλῶς,
921 1131 1252 1198 χρηματίσαι
1295 1131 1335 1182 δ᾽
1373 1134 1508 1197 ὅμως
1548 1133 1632 1184 διὰ

221 1200 311 1264 τὴν
336 1204 524 1268 πρᾶξιν
551 1205 822 1270 Κρητικός.
894 1206 982 1256 καὶ
1008 1208 1068 1270 ἦν
1093 1206 1175 1256 ὅδε
1200 1207 1378 1274 πατὴρ
1406 1209 1630 1276 Μάρκου

219 1276 491 1328 Ἀντωνίου
519 1283 610 1328 τοῦ
634 1280 1031 1345 πολεμήσαντος
1058 1283 1275 1350 ὕστερον
1303 1282 1535 1351 Καίσαρι
1561 1289 1631 1352 τῷ

220 1352 459 1413 κληθέντι
498 1350 755 1421 Σεβαστῷ
792 1356 912 1422 περὶ
941 1355 1171 1408 Ἄκτιον.
1243 1359 1630 1426 ψηφισαμένων

219 1425 272 1476 δὲ
293 1425 558 1491 Ῥωμαίων
592 1430 765 1495 Κρησὶ
797 1436 1045 1496 πολεμεῖν
1074 1432 1158 1483 διὰ
1192 1433 1329 1492 τάδε,
1357 1434 1405 1485 οἱ
1433 1438 1630 1502 Κρῆτες

219 1501 581 1567 ἐπρέσβευσαν
619 1505 667 1558 ἐς
705 1505 907 1570 Ῥώμην
948 1507 1066 1573 περὶ
1109 1508 1429 1573 διαλλαγῶν.
1503 1510 1551 1561 οἱ
1575 1511 1627 1562 δὲ

217 1577 401 1631 αὐτοὺς
427 1578 661 1629 ἐκέλευον
687 1580 921 1631 ἐκδοῦναί
960 1604 1014 1633 τε
1056 1584 1232 1639 αὐτοῖς
1268 1585 1513 1649 Λασθένη
1541 1586 1628 1638 τὸν

218 1652 591 1716 πολεμήσαντα
614 1652 886 1722 Ἀντωνίῳ,
909 1657 996 1707 καὶ
1023 1657 1087 1708 τὰ
1107 1660 1287 1726 σκάφη
1309 1660 1374 1710 τὰ
1399 1661 1628 1727 λῃστικὰ

217 1726 391 1776 πάντα
414 1729 750 1793 παραδοῦναι,
784 1731 871 1781 καὶ
906 1732 1008 1781 ὅσα
1048 1732 1318 1798 Ῥωμαίων
1343 1735 1485 1804 εἶχον
1510 1737 1625 1806 αἰχ-

216 1795 449 1857 μάλωτα,
486 1797 572 1845 καὶ
609 1798 775 1863 ὅμηρα
811 1799 1087 1863 τριακόσια
1124 1803 1213 1852 καὶ
1249 1804 1496 1871 ἀργυρίου
1538 1806 1617 1856 τά-

216 1869 383 1912 λαντα
409 1868 827 1932 τετρακισχίλια.

285 1937 325 1979 2.
389 1933 469 1981 Οὐ
529 1932 809 1998 δεξαμένων
861 1935 915 1987 δὲ
969 1942 1134 1989 ταῦτα
1190 1942 1410 2006 Κρητῶν
1468 1942 1624 2009 ᾑρέθη

217 2001 507 2064 στρατηγὸς
534 2000 612 2050 ἐπ᾽
644 2003 830 2058 αὐτοὺς
855 2004 1145 2062 Μέτελλος.
1216 2009 1303 2059 καὶ
1339 2014 1455 2078 νικᾷ
1480 2011 1573 2076 μὲν
1597 2011 1623 2063 ὁ

217 2067 487 2123 Μέτελλος
512 2071 563 2119 ἐν
600 2070 838 2141 Κυδωνίᾳ
869 2075 1130 2137 Λασθένη,
1155 2077 1245 2126 καὶ
1284 2078 1539 2145 φυγόντος
1575 2081 1623 2135 ἐς

217 2135 471 2186 Κνωσσὸν
496 2139 740 2204 Πανάρης
766 2141 1026 2209 Μετέλλῳ
1052 2143 1145 2205 τὴν
1172 2145 1443 2197 Κυδωνίαν
1465 2148 1622 2215 παρέ-

216 2201 371 2253 δωκεν
397 2204 481 2254 ἐπὶ
508 2207 755 2273 συνθήκῃ,
780 2209 939 2272 μηδὲν
963 2213 1150 2263 παθεῖν
1173 2214 1344 2269 αὐτός.
1419 2216 1620 2267 Μετέλ-

214 2277 310 2319 λου
336 2270 387 2321 δὲ
414 2273 667 2324 Κνωσσὸν
706 2279 1129 2343 περικαθημένου,
1158 2280 1183 2331 ὁ
1216 2283 1489 2346 Λασθένης
1530 2284 1622 2349 τὴν

215 2336 379 2388 οἰκίαν
403 2344 681 2407 χρημάτων
705 2345 919 2410 πλήσας
943 2347 1245 2416 κατέφλεξε,
1272 2351 1359 2402 καὶ
1385 2352 1621 2420 διέφυγεν

215 2405 319 2455 ἀπὸ
345 2412 433 2471 τῆς
465 2411 737 2462 Κνωσσοῦ.
809 2415 894 2465 καὶ
933 2415 983 2465 οἱ
1019 2418 1217 2484 Κρῆτες
1255 2419 1303 2474 ἐς
1342 2422 1619 2485 Πομπήιον

220 2510 303 2552 134
