1747 2693
312 125 648 229 APPIAN'S
664 132 925 219 ROMAN
951 129 1280 222 HISTORY,
1290 129 1506 209 BOOK
1519 125 1600 209 V

255 284 487 347 Μάγνον,
527 284 925 348 στρατηγοῦντα
957 283 1048 330 τοῦ
1078 283 1338 343 λῃστικοῦ
1364 279 1451 330 καὶ
1478 280 1664 346 Μιθρι-

255 351 458 402 δατείου
516 350 763 414 πολέμου,
823 348 1128 414 πέμψαντες
1189 348 1395 413 ἔφασαν
1456 348 1668 402 ἑαυτοὺς

255 419 460 470 ἐλθόντι
507 418 824 484 ἐπιτρέψειν.
897 416 922 466 ὁ
973 416 1025 466 δὲ
1075 418 1323 483 ἀσχόλως
1373 416 1490 466 τότε
1534 417 1668 483 ἔχων

255 488 453 539 ἐκέλευε
493 486 581 537 τὸν
623 486 916 543 Μέτελλον,
946 486 1009 539 ὡς
1050 486 1109 535 οὐ
1150 484 1261 534 δέον
1304 484 1380 535 ἔτι
1418 485 1665 549 πολεμεῖν

256 560 359 610 τοῖς
420 555 628 609 ἑαυτοὺς
689 553 1077 619 ἐπιτρέπουσιν,
1140 553 1521 618 ἐξανίστασθαι
1581 558 1669 615 τῆς

256 624 431 687 νήσου·
471 622 895 689 παραλήψεσθαι
921 621 1021 687 γὰρ
1049 621 1201 675 αὐτὸς
1228 621 1391 685 αὐτὴν
1416 622 1665 672 ἐπελθών.

255 691 281 742 ὁ
330 692 384 742 δὲ
432 693 491 742 οὐ
539 690 823 758 φροντίσας
872 690 1101 754 ἐπέμεινε
1139 694 1209 756 τῷ
1246 690 1477 756 πολέμῳ,
1514 690 1668 757 μέχρι

256 760 555 823 ὑπηγάγετο
612 759 786 819 αὐτήν,
836 758 1093 808 Λασθένει
1153 757 1459 821 συνθέμενος
1517 758 1668 823 ὅμοια

256 826 496 892 Πανάρει.
570 828 657 877 καὶ
684 827 1044 892 ἐθριάμβευσε,
1072 826 1161 877 καὶ
1188 827 1447 892 Κρητικὸς
1475 827 1667 890 ἐκλήθη

254 896 337 945 ὅδε
375 894 688 961 δικαιότερον
724 893 1017 952 Ἀντωνίου,
1060 893 1151 959 τὴν
1192 901 1350 959 νῆσον
1389 895 1665 964 ἐξεργασά-

252 985 413 1029 μενος.
487 969 549 1013 U.
578 985 619 1027 p.
651 968 761 1013 371.

908 1211 998 1254 VII

312 1315 441 1364 Ὅτι
470 1313 703 1368 Κλώδιος
730 1312 754 1363 ὁ
782 1313 1069 1379 πατρίκιος,
1098 1313 1123 1364 ὁ
1157 1318 1393 1381 ποῦλχερ
1432 1315 1666 1379 ἐπίκλην,

255 1383 394 1433 τοῦτ᾽
454 1383 602 1432 ἔστιν
661 1382 935 1449 εὐπρεπής,
998 1388 1087 1446 τῆς
1155 1384 1314 1432 Γαΐου
1400 1383 1667 1451 Καίσαρος

253 1450 497 1513 γυναικὸς
520 1451 635 1515 ἤρα.
698 1451 787 1500 καὶ
812 1449 1151 1517 ἁρμόσασθαι
1188 1451 1346 1502 αὑτὸν
1373 1452 1420 1507 ἐς
1447 1458 1667 1517 γυναῖκα

255 1520 311 1569 ἐκ
354 1524 587 1586 κεφαλῆς
625 1518 673 1572 ἐς
711 1518 897 1585 ἄκρους
933 1518 1111 1577 πόδας,
1149 1519 1226 1570 ἔτι
1263 1521 1387 1570 ὄντα
1426 1521 1666 1585 ἀγένειον,

255 1586 342 1637 καὶ
367 1588 415 1641 ἐς
441 1586 533 1649 τὴν
558 1586 724 1636 οἰκίαν
750 1588 840 1637 τοῦ
867 1589 1025 1637 Γαΐου
1044 1589 1327 1653 παρελθεῖν
1343 1590 1426 1639 οἷα
1447 1596 1668 1655 γυναῖκα

256 1653 451 1711 νυκτός,
479 1654 563 1705 ὅτε
587 1653 764 1717 μόναις
790 1656 1025 1722 γυναιξὶν
1052 1656 1169 1722 ἐξῆν
1196 1658 1443 1715 ἐσελθεῖν,
1470 1681 1667 1724 μυστη-

254 1722 376 1790 ρίων
412 1723 687 1786 ἀγομένων.
776 1724 1111 1787 πλανηθέντα
1149 1724 1202 1776 δὲ
1239 1730 1329 1790 τῆς
1364 1725 1665 1791 ὁδηγούσης,

254 1791 563 1857 κατάφωρον
614 1791 698 1842 ὑπ᾽
740 1792 919 1842 ἄλλων
958 1795 1013 1843 ἐκ
1062 1798 1151 1859 τῆς
1189 1799 1363 1863 φωνῆς
1401 1795 1667 1863 γενόμενον

255 1860 574 1924 ἐξελαθῆναι.
638 1865 745 1909 Val.
773 1881 816 1925 p.
848 1867 957 1913 558.

244 2468 356 2544 136
