1747 2693
109 764 219 819 CAP.

145 822 200 861 I

896 290 996 377 Z

788 506 1103 555 ΙΒΗΡΙΚΗ

937 651 958 695 I

311 765 351 808 1.
406 760 540 825 Ορος
585 756 698 807 ἐστὶ
747 755 959 821 Πυρήνη
1009 756 1182 820 διῆκον
1229 756 1335 807 ἀπὸ
1384 761 1475 815 τῆς
1523 759 1639 828 Τυρ-

240 832 444 892 ρηνικῆς
505 826 780 887 θαλάσσης
840 824 926 874 ἐπὶ
985 823 1074 876 τὸν
1142 823 1352 891 βόρειον
1412 825 1641 885 ὠκεανόν,

238 895 439 945 οἰκοῦσι
466 894 506 943 δ᾽
528 895 687 944 αὐτοῦ
703 892 832 959 πρὸς
849 892 942 957 μὲν
962 894 1025 943 ἕω
1045 892 1253 951 Κελτοί,
1273 893 1388 944 ὅσοι
1410 893 1643 945 Γαλάται

238 985 293 1013 τε
341 962 427 1013 καὶ
477 962 676 1012 Γάλλοι
725 965 813 1012 νῦν
859 961 1355 1029 προσαγορεύονται,
1406 961 1536 1028 πρὸς
1597 963 1645 1013 δὲ

239 1030 431 1081 δύσεων
448 1030 655 1095 Ἴβηρές
681 1051 736 1080 τε
761 1029 846 1079 καὶ
883 1029 1221 1096 Κελτίβηρες,
1249 1029 1530 1098 ἀρχόμενοι
1558 1031 1647 1093 μὲν

238 1099 341 1150 ἀπὸ
386 1103 476 1149 τοῦ
518 1101 833 1165 Τυρρηνικοῦ
876 1099 1154 1163 πελάγους,
1195 1098 1480 1165 περιιόντες
1516 1099 1560 1149 δ᾽
1596 1100 1646 1151 ἐν

237 1168 412 1233 κύκλῳ
437 1166 521 1217 διὰ
541 1170 642 1217 τῶν
659 1165 983 1233 Ἡρακλείων
999 1171 1210 1228 στηλῶν
1227 1168 1313 1218 ἐπὶ
1333 1167 1422 1218 τὸν
1439 1167 1644 1235 βόρειον

238 1236 473 1286 ὠκεανόν.
554 1236 714 1290 οὕτως
763 1235 906 1286 ἐστὶν
952 1238 982 1299 ἡ
1025 1234 1230 1302 Ἰβηρία
1278 1236 1643 1302 περίκλυστος,

236 1304 314 1354 ὅτι
338 1303 407 1368 μὴ
434 1307 496 1369 τῇ
523 1303 733 1370 Πυρήνῃ
758 1302 903 1368 μόνῃ,
930 1303 1162 1370 μεγίστῳ
1188 1309 1291 1355 τῶν
1324 1305 1644 1372 Εὐρωπαίων

236 1372 364 1437 ὀρῶν
422 1372 511 1422 καὶ
570 1371 796 1438 ἰθυτάτῳ
844 1372 1035 1439 σχεδὸν
1095 1374 1355 1424 ἁπάντων·
1430 1378 1523 1425 τοῦ
1595 1375 1645 1425 δὲ

234 1438 494 1505 περίπλου
519 1440 666 1490 τοῦδε
701 1439 759 1491 τὸ
795 1440 887 1504 μὲν
925 1441 1239 1507 Τυρρηνικὸν
1271 1442 1502 1508 πέλαγος
1538 1443 1641 1495 δια-

234 1508 486 1558 πλέουσιν
523 1508 608 1558 ἐπὶ
641 1507 734 1563 τὰς
760 1508 961 1571 στήλας
993 1509 1086 1563 τὰς
1107 1509 1465 1576 Ἡρακλείους,
1492 1511 1581 1563 τὸν
1605 1512 1646 1563 δ᾽

235 1576 477 1641 ἑσπέριον
501 1576 587 1626 καὶ
612 1575 700 1626 τὸν
722 1576 930 1643 βόρειον
955 1577 1176 1628 ὠκεανὸν
1202 1580 1260 1629 οὐ
1294 1584 1539 1646 περῶσιν,
1565 1581 1645 1632 ὅτι

232 1643 302 1709 μὴ
328 1643 715 1710 πορθμεύεσθαι
738 1644 892 1709 μόνον
918 1646 1004 1696 ἐπὶ
1025 1647 1357 1713 Βρεττανούς,
1379 1649 1465 1699 καὶ
1492 1653 1645 1700 τοῦτο

234 1717 345 1766 ταῖς
371 1712 642 1776 ἀμπώτεσι
668 1717 758 1763 τοῦ
777 1714 1039 1779 πελάγους
1058 1715 1455 1783 συμφερόμενοι·
1531 1718 1645 1769 ἔστι

233 1779 277 1829 δ᾽
301 1781 474 1835 αὐτοῖς
501 1780 525 1830 ὁ
553 1780 805 1836 διάπλους
837 1783 997 1845 ἥμισυ
1024 1782 1226 1851 ἡμέρας,
1255 1785 1342 1836 καὶ
1380 1785 1446 1836 τὰ
1478 1787 1642 1838 λοιπὰ

233 1849 349 1898 οὔτε
388 1847 631 1913 Ῥωμαῖοι
674 1850 791 1900 οὔτε
832 1851 898 1901 τὰ
945 1851 1064 1913 ἔθνη
1113 1852 1178 1902 τὰ
1227 1853 1329 1905 ὑπὸ
1374 1854 1641 1920 Ῥωμαίοις

232 1920 508 1983 πειρῶνται
550 1918 697 1967 τοῦδε
736 1922 827 1968 τοῦ
867 1920 1106 1970 ὠκεανοῦ.
1191 1921 1407 1986 μέγεθος
1453 1924 1506 1973 δὲ
1555 1929 1645 1988 τῆς

232 1985 480 2051 Ἰβηρίας,
529 1991 618 2049 τῆς
677 1986 952 2043 Ἱσπανίας
1012 1992 1100 2039 νῦν
1159 1989 1260 2040 ὑπὸ
1321 1995 1472 2042 τινῶν
1531 1993 1643 2044 ἀντὶ

231 2052 460 2119 Ἰβηρίας
496 2054 789 2118 λεγομένης,
818 2056 932 2106 ἐστὶ
958 2057 1098 2107 πολὺ
1127 2058 1215 2108 καὶ
1242 2057 1470 2110 ἄπιστον
1496 2062 1561 2115 ὡς
1593 2062 1644 2112 ἐν

231 2121 379 2191 χώρᾳ
433 2125 545 2191 μιᾷ,
593 2123 725 2172 ὅπου
784 2123 843 2175 τὸ
891 2126 1095 2179 πλάτος
1139 2126 1352 2193 μυρίους
1399 2127 1643 2185 σταδίους

233 2460 319 2502 140
