1747 2693
121 296 228 337 CAP.

168 339 197 376 I

306 148 638 219 APPIAN'S
661 148 922 229 ROMAN
938 138 1274 232 HISTORY,
1287 151 1503 219 BOOK
1529 141 1612 219 VI

249 289 543 353 ἀριθμοῦσι,
571 286 658 337 καὶ
683 286 829 336 ἔστιν
851 286 983 351 αὐτῇ
1010 285 1067 335 τὸ
1093 285 1297 338 πλάτος
1317 283 1431 334 ἀντὶ
1455 282 1662 347 μήκους.

250 357 369 417 ἔθνη
409 377 464 406 τε
505 354 687 406 πολλὰ
726 354 815 405 καὶ
852 352 1171 418 πολυώνυμα
1212 351 1373 415 αὐτὴν
1410 351 1550 408 οἰκεῖ,
1579 352 1665 402 καὶ

250 423 478 489 ποταμοὶ
503 423 699 474 πολλοὶ
723 422 900 489 ῥέουσι
927 420 1254 486 ναυσίποροι.

323 499 365 542 2.
405 490 484 541 Οἵ
501 512 633 546 τινες
652 491 695 540 δ᾽
716 489 879 553 αὐτὴν
898 490 1109 553 οἰκῆσαι
1134 493 1332 556 πρῶτοι
1357 487 1665 554 νομίζονται,

252 560 339 611 καὶ
364 560 414 610 οἳ
438 560 548 623 μετ᾽
573 557 793 614 ἐκείνους
822 558 1104 625 κατέσχον,
1131 559 1191 608 οὐ
1215 557 1355 609 πάνυ
1387 579 1475 622 μοι
1501 561 1667 609 ταῦτα

250 627 537 696 φροντίζειν
547 627 771 695 ἀρέσκει,
782 626 914 693 μόνα
933 626 997 677 τὰ
1011 625 1277 691 Ῥωμαίων
1292 626 1667 692 συγγράφοντι,

251 696 395 760 πλὴν
419 699 498 747 ὅτι
536 694 732 747 Κελτοί
761 717 847 760 μοι
882 694 1095 745 δοκοῦσί
1126 716 1271 753 ποτε,
1299 693 1392 758 τὴν
1426 695 1670 761 Πυρήνην

254 764 588 829 ὑπερβάντες,
626 765 802 819 αὐτοῖς
838 769 1163 828 συνοικῆσαι,
1197 763 1314 813 ὅθεν
1349 762 1451 829 ἄρα
1489 764 1575 813 καὶ
1611 763 1669 813 τὸ

254 832 600 897 Κελτιβήρων
646 834 805 897 ὄνομα
854 832 1024 899 ἐρρύη.
1097 831 1310 882 δοκοῦσι
1359 831 1413 881 δέ
1452 853 1540 896 μοι
1583 832 1670 882 καὶ

253 899 502 959 Φοίνικες,
564 903 613 956 ἐς
674 899 910 967 Ἰβηρίαν
968 902 1023 951 ἐκ
1077 905 1285 951 πολλοῦ
1346 898 1537 965 θαμινὰ
1591 900 1671 951 ἐπ᾽

252 968 473 1037 ἐμπορίᾳ
503 969 854 1026 διαπλέοντες,
892 969 1108 1032 οἰκῆσαί
1143 990 1258 1019 τινα
1295 973 1385 1031 τῆς
1422 967 1669 1035 Ἰβηρίας,

240 1037 502 1099 Ἕλληνές
529 1059 586 1088 τε
611 1037 807 1102 ὁμοίως,
833 1038 882 1092 ἐς
919 1037 1234 1105 Ταρτησσὸν
1264 1037 1353 1087 καὶ
1377 1036 1671 1103 Ἀργανθώ-

252 1128 359 1158 νιον
393 1108 711 1173 Ταρτησσοῦ
744 1106 979 1168 βασιλέα
1016 1108 1279 1164 πλέοντες,
1318 1105 1548 1171 ἐμμεῖναι
1587 1106 1673 1157 καὶ

254 1174 413 1226 τῶνδέ
473 1196 604 1229 τινες
651 1175 705 1225 ἐν
750 1173 975 1244 Ἰβηρίᾳ·
1051 1177 1080 1239 ἡ
1140 1174 1241 1240 γὰρ
1288 1172 1673 1241 Ἀργανθωνίου

253 1241 511 1305 βασιλεία
530 1243 581 1294 ἐν
594 1241 839 1309 Ἴβηρσιν
858 1244 934 1306 ἦν.
991 1243 1079 1293 καὶ
1098 1242 1410 1309 Ταρτησσός
1426 1264 1513 1307 μοι
1536 1243 1675 1293 δοκεῖ

254 1309 374 1363 τότε
398 1311 525 1362 εἶναι
551 1311 707 1367 πόλις
733 1311 818 1362 ἐπὶ
845 1312 1137 1374 θαλάσσης,
1166 1313 1196 1374 ἣ
1232 1314 1321 1361 νῦν
1348 1311 1674 1377 Καρπησσὸς

255 1379 574 1444 ὀνομάζεται.
647 1378 706 1430 τό
755 1401 810 1431 τε
850 1384 941 1430 τοῦ
978 1380 1301 1434 Ἡρακλέους
1344 1380 1478 1446 ἱερὸν
1518 1378 1576 1430 τὸ
1624 1380 1675 1431 ἐν

254 1448 478 1511 στήλαις
518 1446 753 1503 Φοίνικές
787 1470 874 1514 μοι
914 1448 1155 1499 δοκοῦσιν
1196 1447 1531 1513 ἱδρύσασθαι·
1587 1449 1675 1499 καὶ

254 1516 598 1583 θρησκεύεται
626 1521 714 1568 νῦν
739 1517 814 1568 ἔτι
840 1521 1153 1584 φοινικικῶς,
1193 1517 1220 1566 ὅ
1258 1538 1314 1567 τε
1352 1517 1464 1571 θεὸς
1501 1517 1673 1572 αὐτοῖς

255 1587 356 1652 οὐχ
382 1584 407 1636 ὁ
439 1586 676 1648 Θηβαῖός
703 1587 847 1636 ἐστιν
883 1584 1006 1635 ἀλλ᾽
1034 1584 1059 1636 ὁ
1093 1585 1306 1651 Τυρίων.
1380 1589 1548 1636 ταῦτα
1582 1586 1674 1651 μὲν

256 1653 317 1718 δὴ
343 1658 452 1707 τοῖς
477 1658 901 1718 παλαιολογοῦσι
924 1652 1200 1719 μεθείσθω.

327 1728 369 1771 3.
399 1721 504 1784 Τὴν
531 1722 582 1773 δὲ
608 1727 705 1787 γῆν
731 1723 881 1785 τήνδε
907 1721 1183 1787 εὐδαίμονα
1209 1724 1372 1774 οὖσαν
1398 1723 1486 1774 καὶ
1513 1724 1671 1788 μεγά-

253 1798 364 1841 λων
385 1791 595 1855 ἀγαθῶν
613 1790 878 1854 γέμουσαν
900 1789 1252 1860 Καρχηδόνιοι
1279 1791 1381 1857 πρὸ
1407 1791 1675 1857 Ῥωμαίων

253 1859 479 1923 ἤρξαντο
515 1865 993 1924 πολυπραγμονεῖν,
1020 1859 1107 1911 καὶ
1130 1860 1281 1926 μέρος
1306 1862 1464 1924 αὐτῆς
1500 1860 1558 1911 τὸ
1583 1861 1675 1924 μὲν

254 1927 397 1996 εἶχον
441 1927 552 1990 ἤδη,
580 1927 637 1979 τὸ
680 1928 721 1979 δ᾽
761 1926 1030 1995 ἐπόρθουν,
1073 1929 1228 1998 μέχρι
1263 1928 1508 1994 Ῥωμαῖοι
1534 1933 1675 1996 σφᾶς

254 1995 587 2057 ἐκβαλόντες,
636 1995 670 2046 ἃ
727 1997 821 2061 μὲν
881 1996 1025 2066 εἶχον
1085 1997 1133 2048 οἱ
1184 1997 1534 2065 Καρχηδόνιοι
1583 2003 1673 2061 τῆς

253 2063 502 2130 Ἰβηρίας,
530 2065 693 2133 ἔσχον
728 2063 936 2123 αὐτίκα,
974 2064 1040 2116 τὰ
1078 2065 1132 2116 δὲ
1165 2067 1333 2117 λοιπὰ
1370 2065 1468 2117 σὺν
1503 2067 1670 2135 χρόνῳ

253 2137 440 2199 πολλῷ
466 2133 554 2185 καὶ
591 2132 733 2200 πόνῳ
766 2133 1146 2199 λαμβανόμενά
1182 2156 1238 2185 τε
1277 2135 1378 2185 ὑπὸ
1404 2139 1555 2200 σφῶν
1586 2136 1669 2187 καὶ

253 2202 517 2256 πολλάκις
570 2202 905 2269 ἀφιστάμενα
957 2203 1335 2271 χειρωσάμενοι
1384 2203 1576 2254 διεῖλον
1624 2205 1669 2259 ἐς

255 2270 386 2333 τρία,
438 2270 524 2320 καὶ
573 2271 900 2337 στρατηγοὺς
947 2274 996 2327 ἐς
1033 2271 1166 2322 αὐτὰ
1204 2271 1473 2334 πέμπουσι
1520 2277 1670 2338 τρεῖς.

253 2337 393 2392 ὅπως
441 2337 482 2388 δ᾽
532 2338 673 2390 εἷλον
711 2340 925 2397 ἕκαστα,
967 2340 1056 2391 καὶ
1102 2341 1243 2394 ὅπως
1293 2341 1672 2408 Καρχηδονίοις

254 2426 309 2454 τε
355 2406 474 2473 περὶ
521 2408 691 2458 αὐτῶν
729 2408 817 2458 καὶ
854 2408 985 2474 μετὰ
1026 2407 1417 2476 Καρχηδονίους
1456 2410 1671 2475 Ἴβηρσι

259 2510 343 2551 142
