1747 2693
136 321 241 360 CAP.

177 365 209 400 I

335 161 648 254 APPIAN'S
677 167 935 245 ROMAN
954 158 1296 254 HISTORY,
1309 161 1512 248 BOOK
1548 177 1621 236 VI

264 305 351 355 καὶ
394 303 754 369 Κελτίβηρσιν
794 302 1143 367 ἐπολέμησαν,
1195 302 1421 365 δηλώσει
1470 302 1585 353 τόδε
1622 304 1678 354 τὸ

262 372 497 435 βιβλίον,
523 377 709 437 μοῖραν
733 372 825 437 μὲν
851 373 899 426 ἐς
929 370 1321 438 Καρχηδονίους
1349 372 1442 433 τὴν
1468 372 1679 437 πρώτην

265 443 401 510 ἔχον·
439 441 518 492 ὅτι
557 441 609 490 δὲ
645 441 733 490 καὶ
759 445 910 490 τοῦτο
948 441 1066 505 περὶ
1103 441 1335 505 Ἰβηρίας
1371 441 1447 503 ἦν,
1478 440 1679 505 ἀνάγκη

261 531 348 575 μοι
397 513 721 573 συνενεγκεῖν
783 510 831 562 ἐς
890 508 984 570 τὴν
1043 507 1311 572 Ἰβηρικὴν
1369 508 1681 575 συγγραφὴν

262 578 477 645 ἐγένετο,
507 578 544 644 ᾧ
579 575 721 643 λόγῳ
759 577 847 627 καὶ
883 575 948 626 τὰ
986 577 1104 642 περὶ
1142 573 1384 630 Σικελίας
1409 576 1681 641 Ῥωμαίοις

262 647 351 697 καὶ
377 645 753 715 Καρχηδονίοις
773 647 820 700 ἐς
838 646 1107 707 ἀλλήλους
1130 643 1392 708 γενόμενα,
1420 645 1681 710 ἀρξάμενα

260 714 533 779 Ῥωμαίοις
570 719 659 777 τῆς
697 717 744 768 ἐς
784 712 1027 765 Σικελίαν
1064 712 1296 780 παρόδου
1321 735 1377 763 τε
1403 714 1488 763 καὶ
1515 715 1680 780 ἀρχῆς

264 784 311 838 ἐς
339 783 433 845 τὴν
458 780 733 845 Σικελικὴν
760 782 1123 846 συνενήνεκται
1148 782 1367 848 γραφήν.

333 858 375 901 4.
417 851 556 916 Πρὸς
575 851 675 916 γὰρ
697 850 756 913 δὴ
781 850 1169 917 Καρχηδονίους
1187 849 1461 911 Ῥωμαίοις
1482 854 1682 916 πρῶτος

264 920 463 984 ἐγένετο
500 919 729 981 πόλεμος
768 920 982 982 ἔκδημος
1022 920 1139 982 περὶ
1179 915 1422 973 Σικελίας
1460 921 1510 969 ἐν
1548 920 1679 985 αὐτῇ

264 986 493 1057 Σικελίᾳ,
518 988 603 1038 καὶ
624 987 853 1053 δεύτερος
878 987 962 1037 ὅδε
990 990 1106 1052 περὶ
1133 987 1363 1052 Ἰβηρίας
1385 989 1435 1037 ἐν
1459 987 1680 1055 Ἰβηρίᾳ,

263 1058 316 1107 ἐν
364 1055 403 1124 ᾧ
453 1057 540 1108 καὶ
589 1058 636 1110 ἐς
684 1055 777 1119 τὴν
826 1056 1076 1119 ἀλλήλων
1134 1055 1382 1120 μεγάλοις
1437 1061 1681 1121 στρατοῖς

264 1125 596 1179 διαπλέοντες
624 1125 673 1175 οἱ
705 1125 797 1189 μὲν
823 1125 915 1187 τὴν
932 1125 1178 1183 Ἰταλίαν,
1207 1124 1255 1174 οἱ
1280 1124 1332 1174 δὲ
1357 1124 1451 1185 τὴν
1475 1127 1682 1186 Λιβύην

262 1194 527 1259 ἐπόρθουν.
600 1194 824 1258 ἤρξαντο
885 1194 937 1243 δὲ
985 1195 1143 1243 αὐτοῦ
1190 1193 1302 1257 μεθ᾽
1352 1192 1535 1243 ἑκατὸν
1596 1194 1681 1243 καὶ

262 1262 659 1324 τεσσαράκοντα
731 1262 1060 1326 ὀλυμπιάδας
1130 1262 1383 1326 μάλιστα,
1446 1262 1531 1311 ὅτε
1590 1261 1681 1316 τὰς

262 1330 493 1385 σπονδὰς
542 1331 739 1380 ἔλυσαν
788 1332 846 1380 αἳ
892 1330 977 1380 ἐπὶ
1031 1334 1102 1396 τῷ
1152 1326 1406 1395 Σικελικῷ
1466 1330 1679 1395 πολέμῳ

262 1400 448 1464 σφίσιν
496 1399 635 1461 ἦσαν
682 1397 966 1465 γενόμεναι.
1041 1399 1239 1448 ἔλυσαν
1288 1397 1331 1447 δ᾽
1378 1400 1434 1448 ἐκ
1472 1399 1681 1449 τοιᾶσδε

260 1469 589 1534 προφάσεως.

327 1536 598 1604 Ἀμίλχαρ
647 1535 671 1586 ὁ
723 1536 931 1598 Βάρκας
987 1537 1287 1596 ἐπίκλησιν,
1338 1536 1423 1585 ὅτε
1483 1557 1580 1601 περ
1630 1537 1681 1586 ἐν

260 1601 473 1674 Σικελίᾳ
520 1604 891 1673 Καρχηδονίων
938 1605 1263 1669 ἐστρατήγει,
1306 1607 1527 1659 Κελτοῖς
1563 1603 1680 1655 τότε

257 1673 672 1740 μισθοφοροῦσίν
716 1672 767 1723 οἱ
808 1673 894 1723 καὶ
934 1674 1151 1733 Λιβύων
1189 1677 1295 1727 τοῖς
1336 1677 1678 1740 συμμαχοῦσι

260 1742 467 1796 πολλὰς
528 1742 717 1808 δωρεὰς
779 1743 1051 1808 ὑπέσχητο
1115 1741 1312 1798 δώσειν,
1376 1744 1451 1798 ἅς,
1503 1741 1678 1805 ἐπειδὴ

258 1811 551 1874 ἐπανῆλθεν
601 1813 649 1865 ἐς
699 1809 921 1873 Λιβύην,
984 1810 1344 1861 ἀπαιτούντων
1394 1809 1599 1861 ἐκείνων
1653 1810 1677 1860 ὁ

257 1879 491 1940 Λιβυκὸς
552 1879 930 1946 Καρχηδονίοις
992 1880 1186 1943 ἐξῆπτο
1242 1878 1487 1942 πόλεμος,
1537 1879 1590 1929 ἐν
1639 1878 1678 1946 ᾧ

256 1947 437 1997 πολλὰ
472 1947 564 2012 μὲν
601 1948 729 2013 πρὸς
766 1948 934 1998 αὐτῶν
972 1948 1189 2008 Λιβύων
1226 1947 1422 1997 ἔπαθον
1460 1947 1508 1997 οἱ
1539 1949 1675 2011 Καρ-

256 2015 504 2084 χηδόνιοι,
554 2012 791 2083 Σαρδόνα
841 2016 892 2065 δὲ
938 2015 1212 2081 Ῥωμαίοις
1260 2016 1445 2066 ἔδοσαν
1494 2011 1677 2078 ποινὴν

257 2085 325 2135 ὧν
351 2086 399 2139 ἐς
426 2084 543 2139 τοὺς
569 2084 821 2150 ἐμπόρους
859 2086 1029 2135 αὐτῶν
1067 2084 1433 2150 ἡμαρτήκεσαν
1472 2085 1524 2134 ἐν
1549 2086 1676 2150 τῷδε

255 2158 326 2219 τῷ
354 2155 572 2219 Λιβυκῷ
597 2153 826 2219 πολέμῳ.
902 2152 1207 2216 ὑπαγόντων
1250 2153 1339 2203 οὖν
1376 2153 1462 2204 ἐπὶ
1499 2153 1677 2203 τοῖσδε

256 2222 343 2271 τὸν
382 2223 598 2288 Βάρκαν
639 2225 741 2273 τῶν
781 2223 981 2289 ἐχθρῶν
1012 2223 1061 2276 ἐς
1105 2221 1275 2288 κρίσιν
1313 2223 1378 2276 ὡς
1416 2223 1583 2271 αἴτιον
1611 2227 1673 2286 τῇ

255 2290 467 2356 πατρίδι
492 2290 718 2340 τοσῶνδε
737 2294 1020 2357 συμφορῶν
1039 2290 1324 2355 γενόμενον,
1345 2291 1673 2354 θεραπεύσας

257 2358 281 2405 ὁ
310 2359 518 2424 Βάρκας
555 2359 672 2412 τοὺς
709 2360 1155 2423 πολιτευομένους,
1193 2359 1263 2409 ὧν
1297 2360 1359 2422 ἦν
1397 2359 1672 2423 δημοκοπι-

257 2426 484 2480 κώτατος
510 2427 841 2494 Ἀσδρούβας
865 2428 887 2477 ὁ
907 2427 998 2491 τὴν
1017 2430 1179 2479 αὐτοῦ
1204 2428 1387 2495 Βάρκα
1415 2427 1672 2493 θυγατέρα

259 2532 345 2572 144
