1747 2693
147 309 241 340 CAP.

192 349 203 379 I

346 176 640 218 APPIAN'S
692 178 927 220 ROMAN
977 180 1284 236 HISTORY,
1328 183 1504 226 BOOK
1552 185 1615 226 VI

268 297 417 362 ἔχων,
446 299 536 352 τάς
574 320 627 348 τε
655 298 798 355 δίκας
826 301 1127 367 διεκρούετο,
1155 305 1241 353 καὶ
1270 306 1524 367 Νομάδων
1549 308 1680 362 τινὸς

269 368 546 426 κινήματος
605 368 876 430 γενομένου
946 375 1240 435 στρατηγὸς
1311 375 1531 438 ἔπραξεν
1601 377 1679 425 ἐπ᾽

267 434 451 485 αὐτοὺς
511 436 778 501 αἱρεθῆναι
835 437 943 501 μετ᾽
998 441 1253 494 Ἄννωνος
1302 447 1391 490 τοῦ
1451 444 1678 506 μεγάλου

266 503 561 565 λεγομένου,
601 506 675 553 ἔτι
719 504 810 559 τὰς
849 507 1062 561 εὐθύνας
1101 513 1191 569 τῆς
1228 510 1480 574 προτέρας
1523 535 1678 577 στρα-

267 571 448 631 τηγίας
476 571 709 636 ὀφείλων.

337 645 378 685 5.
422 641 721 703 Παυομένου
768 642 818 691 δὲ
868 647 959 693 τοῦ
1006 648 1256 703 πολέμου,
1298 649 1382 696 καὶ
1428 649 1679 703 Ἄννωνος

265 706 351 755 ἐπὶ
378 708 650 769 διαβολαῖς
690 711 737 763 ἐς
783 713 1097 777 Καρχηδόνα
1131 715 1508 777 μεταπέμπτου
1543 740 1677 780 γενο-

263 775 431 832 μένου,
458 778 609 839 μόνος
652 779 718 827 ὢν
757 780 842 829 ἐπὶ
887 784 1111 845 στρατῷ,
1157 784 1242 832 καὶ
1292 783 1378 832 τὸν
1427 786 1681 847 κηδεστὴν

265 843 595 910 Ἀσδρούβαν
616 847 750 912 ἔχων
768 848 813 896 οἱ
839 849 1079 906 συνόντα,
1102 850 1310 912 διῆλθεν
1336 853 1421 903 ἐπὶ
1444 854 1678 915 Γάδειρα,

264 912 350 958 καὶ
389 913 477 961 τὸν
512 915 744 981 πορθμὸν
783 916 831 970 ἐς
867 916 1103 981 Ἰβηρίαν
1142 922 1374 983 περάσας
1412 922 1679 983 ἐλεηλάτει

266 980 331 1027 τὰ
379 980 597 1043 Ἰβήρων
658 985 801 1034 οὐδὲν
855 987 1182 1042 ἀδικούντων,
1244 991 1483 1054 ἀφορμὴν
1541 995 1678 1057 αὑτῷ

265 1049 564 1111 ποιούμενος
615 1054 907 1113 ἀποδημίας
957 1076 1011 1102 τε
1061 1058 1146 1104 καὶ
1196 1058 1357 1118 ἔργων
1404 1060 1490 1108 καὶ
1531 1060 1679 1124 δημο-

264 1120 450 1167 κοπίας
477 1121 601 1180 (ὅσα
638 1122 737 1183 γὰρ
775 1123 937 1183 λάβοι
977 1124 1150 1185 διῄρει,
1179 1126 1265 1174 καὶ
1304 1127 1367 1174 τὰ
1403 1128 1494 1190 μὲν
1519 1129 1567 1178 ἐς
1593 1129 1680 1178 τὸν

264 1186 490 1247 στρατὸν
568 1189 866 1245 ἀνάλισκεν,
930 1189 1009 1240 ἵνα
1086 1195 1472 1258 προθυμότερον
1543 1198 1676 1261 αὐτῷ

265 1255 601 1311 συναδικοῖεν,
632 1258 695 1306 τὰ
738 1258 777 1303 δ᾽
820 1259 868 1310 ἐς
916 1258 1077 1322 αὐτὴν
1114 1263 1313 1324 ἔπεμπε
1341 1264 1676 1329 Καρχηδόνα,

266 1322 329 1368 τὰ
374 1322 424 1370 δὲ
466 1329 571 1374 τοῖς
615 1328 742 1391 ὑπὲρ
778 1329 937 1375 αὐτοῦ
977 1333 1394 1393 πολιτευομένοις
1427 1334 1677 1396 διεδίδου),

261 1390 417 1455 μέχρι
455 1391 675 1456 Ἰβήρων
725 1395 882 1444 αὐτὸν
920 1395 973 1444 οἵ
1016 1419 1069 1445 τε
1106 1401 1353 1456 βασιλεῖς
1391 1403 1676 1457 συστάντες

264 1457 315 1506 οἱ
361 1462 494 1508 κατὰ
543 1463 707 1525 μέρος,
760 1465 844 1513 καὶ
903 1466 1017 1513 ὅσοι
1071 1467 1225 1514 ἄλλοι
1276 1468 1497 1524 δυνατοί,
1548 1471 1678 1520 κτεί-

264 1547 440 1575 νουσιν
466 1529 575 1577 ὧδε.
641 1532 810 1593 ξύλων
837 1534 1037 1595 ἁμάξας
1065 1536 1293 1596 ἄγοντες,
1320 1539 1403 1591 αἷς
1429 1539 1557 1595 βοῦς
1585 1541 1677 1588 ὑπ-

264 1595 486 1655 έζευξαν,
515 1601 720 1648 εἵποντο
756 1605 869 1654 ταῖς
903 1604 1124 1662 ἁμάξαις
1162 1607 1496 1665 ὡπλισμένοι.
1572 1613 1678 1662 τοῖς

262 1663 314 1711 δὲ
345 1665 576 1723 Λίβυσιν
604 1667 803 1718 ἰδοῦσιν
835 1672 982 1722 εὐθὺς
1016 1673 1107 1731 μὲν
1134 1674 1376 1724 ἐνέπιπτε
1405 1677 1584 1736 γέλως,
1621 1679 1675 1728 οὐ

261 1738 484 1780 συνιεῖσι
534 1739 626 1783 τοῦ
675 1740 1123 1801 στρατηγήματος·
1183 1743 1246 1794 ὡς
1298 1741 1339 1790 δ᾽
1389 1745 1441 1792 ἐν
1489 1747 1673 1810 χερσὶν

260 1801 507 1861 ἐγένοντο,
551 1805 597 1853 οἱ
637 1806 730 1865 μὲν
762 1807 971 1870 Ἴβηρες
1016 1809 1197 1864 αὐταῖς
1240 1812 1430 1872 βουσὶν
1472 1813 1675 1880 ἐξῆψαν

261 1869 351 1921 τὰς
389 1870 590 1934 ἁμάξας
628 1875 714 1922 καὶ
753 1877 1040 1940 ἐξώτρυναν
1067 1880 1115 1931 ἐς
1143 1881 1259 1932 τοὺς
1291 1883 1589 1940 πολεμίους,
1618 1884 1673 1931 τὸ

259 1937 311 1984 δὲ
347 1942 450 2002 πῦρ
485 1941 831 2003 σκιδναμένων
870 1948 970 1994 τῶν
1007 1948 1150 2005 βοῶν
1188 1948 1359 2013 πάντῃ
1399 1950 1673 2012 φερόμενον

259 2008 518 2070 ἐτάρασσε
545 2011 661 2063 τοὺς
688 2012 909 2072 Λίβυας.
973 2015 1058 2062 καὶ
1085 2020 1174 2074 τῆς
1200 2017 1392 2079 τάξεως
1418 2018 1670 2069 διαλυθεί-

257 2095 368 2135 σης,
423 2076 470 2124 οἱ
514 2078 721 2142 Ἴβηρες
775 2082 952 2135 αὐτοῖς
1003 2084 1371 2148 ἐπιδραμόντες
1419 2087 1574 2137 αὐτόν
1620 2111 1672 2138 τε

258 2143 345 2189 τὸν
378 2146 589 2209 Βάρκαν
637 2148 724 2197 καὶ
771 2150 909 2198 πολὺ
957 2152 1162 2213 πλῆθος
1215 2155 1542 2217 ἀμυνομένων
1592 2159 1669 2207 ἐπ᾽

254 2212 392 2275 αὐτῷ
422 2212 729 2279 διέφθειραν.

256 2509 341 2561 146
