1747 2693
152 524 246 553 CAP.

188 563 223 594 II

350 201 643 243 APPIAN'S
695 199 928 242 ROMAN
979 197 1289 248 HISTORY,
1329 195 1506 238 BOOK
1556 193 1620 238 VI

956 375 998 417 II

344 509 387 551 6.
426 501 493 550 Οἱ
520 501 570 548 δὲ
600 499 951 564 Καρχηδόνιοι
985 501 1090 549 τοῖς
1126 495 1357 557 κέρδεσιν
1381 495 1474 556 ἤδη
1504 497 1609 547 τοῖς
1635 495 1686 555 ἐξ

273 573 503 630 Ἰβηρίας
546 567 895 630 ἀρεσκόμενοι,
938 564 1193 630 στρατιὰν
1241 565 1411 624 ἄλλην
1459 564 1688 623 ἔπεμπον

274 643 319 691 ἐς
364 637 615 700 Ἰβηρίαν,
662 637 747 685 καὶ
790 635 1086 697 στρατηγὸν
1131 634 1375 682 ἁπάντων
1419 632 1688 695 ἀπέφηναν

271 707 607 772 Ἀσδρούβαν
657 706 745 754 τὸν
795 708 885 752 τοῦ
930 704 1110 764 Βάρκα
1156 700 1425 762 κηδεστήν,
1473 700 1596 747 ὄντα
1640 700 1689 746 ἐν

273 776 494 845 Ἰβηρίᾳ.
570 775 594 823 ὁ
644 774 695 822 δὲ
743 773 993 831 Ἀννίβαν
1042 772 1130 820 τὸν
1180 771 1237 818 οὐ
1287 769 1427 817 πολὺ
1477 769 1690 832 ὕστερον

278 845 509 907 ἀοίδιμον
563 842 649 892 ἐπὶ
707 833 1061 904 στρατηγίαις,
1112 838 1276 887 παῖδά
1327 858 1381 885 τε
1431 838 1554 883 ὄντα
1603 840 1692 884 τοῦ

278 915 460 977 Βάρκα
503 910 589 960 καὶ
635 915 722 972 τῆς
765 909 1006 973 γυναικός
1045 908 1088 956 οἱ
1127 907 1424 970 γιγνόμενον
1467 904 1691 970 ἀδελφὸν

279 982 412 1046 ἔχων
439 982 490 1030 ἐν
517 980 738 1046 Ἰβηρίᾳ,
777 979 885 1026 νέον
925 979 1047 1026 ὄντα
1088 977 1172 1024 καὶ
1210 976 1572 1039 φιλοπόλεμον
1607 973 1693 1020 καὶ

279 1051 568 1115 ἀρέσκοντα
606 1051 675 1111 τῷ
717 1050 926 1110 στρατῷ
971 1045 1369 1107 ὑποστράτηγον
1414 1042 1691 1105 ἀπέφηνεν.

280 1118 367 1167 καὶ
393 1123 482 1180 τῆς
508 1138 563 1166 τε
589 1116 820 1180 Ἰβηρίας
854 1115 918 1163 τὰ
953 1114 1133 1162 πολλὰ
1171 1114 1347 1161 πειθοῖ
1381 1110 1692 1173 προσήγετο,

280 1187 494 1237 πιθανὸς
527 1186 593 1234 ὢν
629 1183 896 1246 ὁμιλῆσαι,
936 1183 984 1236 ἔς
1023 1204 1077 1230 τε
1116 1180 1181 1230 τὰ
1216 1180 1340 1240 βίας
1378 1178 1587 1240 δεόμενα
1626 1183 1694 1243 τῷ

281 1254 527 1318 μειρακίῳ
565 1254 825 1318 χρώμενος
870 1251 1132 1314 προῆλθεν
1176 1250 1281 1298 ἀπὸ
1325 1253 1413 1310 τῆς
1453 1245 1692 1311 ἑσπερίου

280 1325 558 1383 θαλάσσης
585 1324 633 1375 ἐς
661 1321 716 1370 τὸ
742 1320 1012 1382 μεσόγειον
1038 1319 1125 1367 ἐπὶ
1145 1318 1336 1381 Ἴβηρα
1362 1314 1613 1376 ποταμόν,
1642 1314 1693 1367 ὃς

278 1392 443 1453 μέσην
479 1412 580 1439 που
612 1392 850 1452 μάλιστα
877 1388 1071 1452 τέμνων
1098 1386 1191 1450 τὴν
1216 1385 1468 1450 Ἰβηρίαν,
1498 1386 1583 1434 καὶ
1609 1389 1695 1446 τῆς

282 1463 521 1524 Πυρήνης
559 1459 799 1524 ἀφεστὼς
838 1456 951 1506 ὁδὸν
989 1457 1187 1520 ἡμερῶν
1217 1455 1385 1511 πέντε,
1421 1453 1619 1517 ἐξίησιν
1651 1454 1696 1504 ἐς

281 1529 370 1577 τὸν
393 1529 599 1592 βόρειον
627 1527 862 1575 ὠκεανόν.

353 1601 392 1645 7.
430 1598 748 1644 Ζακανθαῖοι
783 1596 850 1646 δέ,
878 1594 1087 1643 ἄποικοι
1124 1591 1437 1647 Ζακυνθίων,
1473 1592 1523 1639 ἐν
1553 1590 1694 1653 μέσῳ

280 1669 371 1727 τῆς
415 1687 469 1714 τε
520 1667 758 1725 Πυρήνης
803 1666 888 1712 καὶ
932 1666 1023 1711 τοῦ
1064 1665 1303 1724 ποταμοῦ
1351 1664 1440 1709 τοῦ
1482 1658 1697 1724 Ἴβηρού

282 1736 437 1788 ὄντες,
471 1735 557 1783 καὶ
591 1734 707 1782 ὅσοι
740 1734 896 1780 ἄλλοι
914 1731 1173 1791 Ἕλληνες
1198 1729 1317 1792 περί
1344 1750 1397 1778 τε
1424 1728 1482 1777 τὸ
1509 1735 1690 1780 καλού-

282 1824 432 1865 μενον
469 1802 750 1866 Ἐμπόριον
788 1801 873 1849 καὶ
910 1802 955 1849 εἴ
1000 1821 1074 1863 πῃ
1124 1805 1212 1860 τῆς
1255 1796 1488 1862 Ἰβηρίας
1538 1796 1699 1862 ᾤκουν

285 1872 549 1936 ἀλλαχοῦ,
601 1870 860 1923 δείσαντες
912 1869 1038 1929 ὑπὲρ
1090 1871 1240 1928 σφῶν
1283 1865 1603 1926 ἐπρέσβευον
1653 1865 1697 1916 ἐς

282 1939 498 2002 Ῥώμην.
574 1939 660 1989 καὶ
721 1940 749 1998 ἡ
813 1937 1108 1998 σύγκλητος
1169 1936 1259 1983 οὐκ
1321 1934 1574 1982 ἐθέλουσα
1638 1932 1699 1981 τὰ

288 2009 660 2074 Καρχηδονίων
687 2007 1012 2069 ἐπαίρεσθαι,
1040 2005 1290 2068 πρέσβεις
1311 2005 1358 2054 ἐς
1387 2001 1699 2067 Καρχηδόνα

289 2079 528 2139 ἔπεμπεν.
603 2077 690 2125 καὶ
738 2073 1041 2135 συνέβησαν
1090 2071 1369 2137 ἀμφότεροι
1413 2072 1530 2137 ὅρον
1573 2071 1700 2117 εἶναι

293 2143 664 2211 Καρχηδονίοις
691 2149 779 2207 τῆς
805 2144 971 2208 ἀρχῆς
991 2146 1079 2204 τῆς
1106 2142 1158 2191 ἐν
1182 2141 1385 2205 Ἰβηρίᾳ
1407 2140 1494 2188 τὸν
1510 2140 1698 2204 Ἴβηρα

294 2213 538 2273 ποταμόν,
566 2213 650 2262 καὶ
677 2212 802 2273 μήτε
820 2210 1100 2273 Ῥωμαίους
1126 2213 1231 2262 τοῖς
1257 2207 1418 2274 πέραν
1445 2207 1592 2255 τοῦδε
1612 2211 1700 2256 τοῦ

289 2285 528 2340 ποταμοῦ
575 2281 805 2342 πόλεμον
856 2279 1099 2341 ἐκφέρειν,
1153 2275 1524 2341 Καρχηδονίων
1575 2275 1700 2335 ὑπη-

293 2533 376 2586 148
