1747 2693
118 348 213 376 CAP.

156 388 187 415 II

316 205 611 249 APPIAN'S
661 203 895 247 ROMAN
945 201 1253 252 HISTORY,
1295 199 1474 241 BOOK
1524 199 1583 239 VI

238 330 373 380 κόοις
411 329 544 383 οὖσι,
583 328 710 389 μήτε
755 325 1144 389 Καρχηδονίους
1187 323 1272 372 ἐπὶ
1315 320 1527 387 πολέμῳ
1566 320 1650 371 τὸν

243 399 438 459 Ἴβηρα
500 393 799 453 διαβαίνειν,
862 391 1217 442 Ζακανθαίους
1279 390 1331 439 δὲ
1390 390 1476 439 καὶ
1536 391 1651 441 τοὺς

239 468 434 519 ἄλλους
498 466 549 513 ἐν
608 462 816 530 Ἰβηρίᾳ
860 462 1131 522 Ἕλληνας
1197 457 1508 522 αὐτονόμους
1568 458 1648 506 καὶ

239 534 537 598 ἐλευθέρους
564 531 706 580 εἶναι.
782 531 869 578 καὶ
907 531 1029 577 τάδε
1068 531 1181 580 ταῖς
1221 528 1503 588 συνθήκαις
1540 530 1649 578 ταῖς

236 601 503 666 Ῥωμαίων
529 601 615 649 καὶ
643 596 1016 663 Καρχηδονίων
1042 597 1403 659 προσεγράφη.

311 678 352 719 8.
391 668 726 734 Ἀσδρούβαν
753 667 805 714 δὲ
832 666 917 715 ἐπὶ
943 665 1119 714 τοῖσδε
1142 664 1380 726 Ἰβηρίαν
1416 662 1510 725 τὴν
1555 662 1648 711 ὑπὸ

253 735 619 804 Καρχηδονίοις
647 735 1029 797 καθιστάμενον
1067 733 1192 797 ἀνὴρ
1232 733 1428 785 δοῦλος,
1472 732 1531 780 οὗ
1568 731 1650 779 τὸν

242 805 501 867 δεσπότην
528 807 673 867 ὠμῶς
701 803 1013 866 διεφθάρκει,
1040 801 1218 849 λαθὼν
1245 801 1296 850 ἐν
1335 798 1651 864 κυνηγεσίοις

240 878 452 939 ἀναιρεῖ.
536 873 623 922 καὶ
683 871 826 920 τόνδε
884 870 975 935 μὲν
1036 867 1280 930 Ἀννίβας
1340 867 1652 934 ἐλεγχθέντα

241 946 412 994 δεινῶς
436 944 768 1004 αἰκισάμενος
806 941 1100 1004 διέφθειρεν·
1141 939 1170 998 ἡ
1211 935 1435 1002 στρατιὰ
1478 936 1530 985 δὲ
1570 935 1653 986 τὸν

239 1013 505 1071 Ἀννίβαν,
533 1011 718 1073 καίπερ
746 1009 869 1057 ὄντα
905 1006 1085 1070 κομιδῇ
1126 1006 1252 1062 νέον,
1279 1005 1568 1066 ἀρέσκοντα
1605 1004 1653 1054 δὲ

243 1083 486 1147 ἰσχυρῶς,
548 1076 845 1141 στρατηγὸν
904 1076 1181 1138 ἀπέδειξαν
1242 1076 1428 1123 αὑτῶν·
1492 1074 1579 1123 καὶ
1626 1074 1653 1133 ἡ

244 1146 615 1215 Καρχηδονίων
673 1145 846 1206 βουλὴ
914 1143 1171 1192 συνέθετο.
1268 1143 1383 1191 ὅσοι
1451 1141 1503 1189 δὲ
1568 1145 1657 1190 τοῦ

243 1219 424 1283 Βάρκα
452 1219 757 1265 διαπολῖται
783 1214 875 1276 τὴν
912 1214 1093 1275 Βάρκα
1137 1233 1192 1260 τε
1230 1211 1317 1260 καὶ
1354 1209 1656 1271 Ἀσδρούβα

244 1287 454 1349 δύναμιν
483 1283 817 1339 ἐδεδοίκεσαν,
846 1283 910 1334 ὡς
937 1282 1125 1342 ἔμαθον
1152 1280 1337 1333 αὐτοὺς
1365 1280 1654 1336 τεθνεῶτας,

242 1355 462 1414 Ἀννίβα
513 1353 860 1415 κατεφρόνουν
905 1352 968 1403 ὡς
1013 1351 1141 1404 νέου,
1180 1349 1267 1398 καὶ
1304 1349 1421 1399 τοὺς
1458 1347 1657 1397 ἐκείνων

243 1425 429 1490 φίλους
455 1444 507 1470 τε
534 1422 621 1470 καὶ
648 1419 948 1470 στασιώτας
975 1416 1182 1467 ἐδίωκον
1215 1416 1298 1466 ἐπὶ
1324 1421 1431 1469 τοῖς
1456 1415 1657 1465 ἐκείνων

242 1494 581 1555 ἐγκλήμασιν.
655 1491 681 1538 ὅ
712 1510 767 1537 τε
805 1490 958 1551 δῆμος
997 1487 1102 1550 ἅμα
1139 1490 1245 1538 τοῖς
1282 1490 1658 1550 κατηγοροῦσιν

243 1559 487 1623 ἐγίγνετο,
513 1559 848 1622 μνησικακῶν
884 1559 989 1607 τοῖς
1034 1555 1356 1615 διωκομένοις
1397 1558 1486 1615 τῆς
1528 1555 1656 1616 βαρ-

245 1629 426 1690 ύτητος
466 1632 555 1689 τῆς
604 1626 690 1676 ἐπὶ
741 1626 921 1689 Βάρκα
964 1645 1017 1675 τε
1063 1623 1147 1672 καὶ
1190 1622 1509 1687 Ἀσδρούβα·
1573 1623 1656 1669 καὶ

245 1697 336 1749 τὰς
375 1696 564 1760 δωρεὰς
601 1696 837 1743 ἐκέλευον
868 1694 1071 1747 αὐτούς,
1098 1693 1225 1743 ὅσας
1262 1692 1496 1755 μεγάλας
1533 1691 1655 1738 Ἀσ-

245 1766 470 1828 δρούβας
497 1785 551 1813 τε
578 1764 663 1812 καὶ
692 1763 896 1826 Βάρκας
922 1762 1096 1814 αὐτοῖς
1123 1758 1512 1823 ἐπεπόμφεσαν,
1533 1760 1581 1811 ἐς
1601 1758 1657 1808 τὸ

246 1833 415 1883 κοινὸν
441 1835 726 1894 ἐσενεγκεῖν
763 1833 827 1884 ὡς
864 1832 919 1878 ἐκ
962 1832 1064 1879 τῶν
1106 1827 1368 1891 πολεμίων
1406 1848 1658 1893 πεπορισ-

244 1905 412 1965 μένας.
488 1901 532 1950 οἱ
582 1901 634 1948 δὲ
677 1900 998 1949 ἐπέστελλον
1042 1901 1112 1962 τῷ
1149 1898 1383 1963 Ἀννίβᾳ,
1410 1895 1568 1961 σφίσι
1605 1916 1659 1943 τε

245 1973 534 2035 ἐπικουρεῖν
560 1968 798 2033 δεόμενοι,
827 1967 911 2016 καὶ
938 1966 1267 2016 διδάσκοντες
1293 1965 1372 2013 ὅτι
1398 1965 1483 2013 καὶ
1507 1964 1660 2016 αὐτὸς

247 2040 419 2088 ἔσοιτο
458 2041 563 2088 τοῖς
596 2035 853 2100 πατρῴοις
882 2036 1087 2099 ἐχθροῖς
1128 2031 1590 2097 εὐκαταφρόνητος,
1619 2031 1657 2079 εἰ

247 2108 362 2159 τοὺς
403 2109 454 2156 ἐν
501 2110 562 2170 τῇ
613 2105 824 2169 πατρίδι
873 2106 1138 2167 συνεργεῖν
1175 2103 1314 2166 αὐτῷ
1357 2100 1657 2163 δυναμένους

248 2175 492 2238 ὑπερίδοι.

320 2250 360 2291 9.
399 2244 464 2293 Ὁ
503 2241 555 2291 δὲ
593 2241 679 2291 καὶ
717 2245 882 2290 ταῦτα
924 2240 1177 2304 προεώρα,
1206 2239 1291 2288 καὶ
1328 2237 1418 2290 τὰς
1460 2237 1660 2285 ἐκείνων

249 2310 393 2363 δίκας
431 2310 598 2376 ἀρχὴν
642 2312 719 2375 ἐφ᾽
762 2309 944 2358 ἑαυτὸν
987 2309 1148 2357 οὖσαν
1197 2309 1501 2366 ἐπιβουλῆς·
1558 2305 1660 2353 οὐδ᾽

249 2379 392 2443 ἠξίου
419 2380 511 2441 τὴν
536 2379 744 2443 ἔχθραν,
772 2377 948 2439 ὥσπερ
977 2377 999 2425 ὁ
1028 2376 1203 2438 πατὴρ
1229 2376 1315 2424 καὶ
1343 2375 1366 2422 ὁ
1396 2374 1659 2435 κηδεστής,

249 2449 392 2496 ἐσαεὶ
448 2448 534 2494 καὶ
583 2447 710 2508 μετὰ
760 2447 931 2506 φόβου
982 2445 1254 2509 διαφέρειν,
1306 2444 1405 2491 οὐδ᾽
1458 2443 1544 2491 ἐπὶ
1592 2448 1659 2506 τῷ

252 2553 335 2595 150
