1747 2693
135 333 230 364 CAP.

172 373 205 403 II

338 193 628 234 APPIAN'S
678 192 914 234 ROMAN
965 190 1273 242 HISTORY,
1315 191 1493 233 BOOK
1542 190 1606 232 VI

257 314 629 383 Καρχηδονίων
658 313 891 379 κουφόνῳ
918 313 1072 378 μέχρι
1094 312 1286 364 παντὸς
1316 312 1458 368 εἶναι,
1486 312 1669 379 ῥᾳδίως

254 395 303 448 ἐς
321 390 587 457 εὐεργέτας
609 389 736 454 πρὸς
758 387 1078 454 ἀχαριστίαν
1098 387 1435 451 τρεπομένων.
1465 388 1669 450 ἐλέγετο

255 467 306 514 δὲ
333 468 419 515 καὶ
446 469 571 515 παῖς
598 464 666 513 ὢν
692 464 766 512 ἔτι
795 463 892 512 ὑπὸ
922 467 1013 511 τοῦ
1040 462 1236 528 πατρὸς
1275 462 1560 527 ὁρκωθῆναι
1587 465 1669 510 ἐπὶ

254 543 494 605 ἐμπύρων
543 540 828 590 ἄσπειστος
881 536 1065 603 ἐχθρὸς
1114 537 1329 586 ἔσεσθαι
1386 536 1668 601 Ῥωμαίοις,

253 618 338 666 ὅτε
364 618 412 669 ἐς
439 613 708 665 πολιτείαν
746 612 1017 678 παρέλθοι.
1091 612 1173 661 διὰ
1211 612 1271 674 δὴ
1309 613 1451 661 ταῦτ᾽
1478 613 1670 662 ἐπενόει

253 692 498 754 μεγάλοις
548 689 635 739 καὶ
683 687 909 754 χρονίοις
970 687 1245 751 πράγμασι
1303 687 1395 750 τὴν
1442 687 1666 750 πατρίδα

256 768 574 831 περιβαλών,
626 765 711 814 καὶ
766 763 1108 823 καταστήσας
1168 762 1217 814 ἐς
1269 762 1531 828 ἀσχολίας
1586 765 1667 811 καὶ

255 840 469 905 φόβους,
510 840 566 890 τὸ
617 840 801 888 ἑαυτοῦ
850 838 935 886 καὶ
985 838 1049 885 τὰ
1087 840 1189 886 τῶν
1228 836 1395 899 φίλων
1437 837 1489 886 ἐν
1537 837 1673 886 ἀδεεῖ

255 909 458 958 θέσθαι.
532 907 739 968 Λιβύην
764 906 854 968 μὲν
891 906 978 955 οὖν
1004 902 1367 954 εὐσταθοῦσαν
1409 906 1556 971 ἑώρα,
1583 907 1669 954 καὶ

254 978 473 1041 Ἰβήρων
521 977 621 1026 ὅσα
674 976 876 1038 ὑπήκοα
914 975 988 1036 ἦν·
1043 974 1083 1022 εἰ
1129 973 1180 1023 δὲ
1222 973 1349 1039 πρὸς
1389 973 1668 1039 Ῥωμαίους

253 1047 482 1107 πόλεμον
520 1047 663 1098 αὖθις
707 1043 1107 1107 ἀναρριπίσειεν,
1135 1043 1193 1091 οὗ
1218 1043 1456 1106 μάλιστα
1491 1043 1668 1092 ἐπεθύ-

252 1136 349 1176 μει,
400 1115 560 1163 ἐδόκει
613 1113 1002 1177 Καρχηδονίους
1057 1110 1147 1174 μὲν
1196 1112 1246 1159 ἐν
1296 1110 1536 1177 φροντίσι
1584 1112 1669 1160 καὶ

254 1183 439 1248 φόβοις
468 1183 684 1231 ἔσεσθαι
722 1184 952 1246 μακροῖς,
981 1178 1135 1233 αὐτὸς
1174 1178 1241 1236 δέ,
1271 1180 1370 1228 εἴτε
1410 1180 1667 1244 κατορθώ-

254 1275 405 1304 σειεν,
468 1252 552 1301 ἐπὶ
612 1249 792 1302 κλέους
860 1249 1125 1297 ἀθανάτου
1184 1249 1517 1310 γενήσεσθαι,
1578 1249 1669 1309 τὴν

253 1320 484 1385 πατρίδα
511 1324 601 1381 τῆς
626 1316 923 1382 οἰκουμένης
958 1321 1050 1379 γῆς
1089 1316 1361 1381 ἄρχουσαν
1399 1316 1668 1382 ἀποφήνας

253 1393 333 1452 (οὐ
394 1391 494 1452 γὰρ
554 1386 686 1437 εἶναί
751 1407 893 1439 τινας
961 1386 1278 1451 ἀντιμάχους
1345 1387 1520 1439 αὐτοῖς
1586 1386 1672 1437 ἐπὶ

253 1457 567 1520 Ῥωμαίοις),
595 1456 695 1505 εἴτε
721 1454 810 1504 καὶ
840 1453 1097 1512 πταίσειε,
1123 1455 1358 1516 μεγάλην
1384 1453 1472 1503 καὶ
1510 1453 1573 1507 ὣς
1611 1453 1670 1503 τὸ

254 1525 536 1589 ἐγχείρημα
565 1525 705 1586 αὐτῷ
732 1523 886 1586 δόξαν
913 1524 1087 1571 οἴσειν.

328 1601 399 1643 10.
438 1592 636 1658 Ἀρχὴν
663 1592 714 1640 δὲ
744 1592 1134 1656 ὑπολαμβάνων
1161 1592 1379 1640 ἔσεσθαι
1416 1591 1667 1656 λαμπρὰν

252 1663 297 1711 εἰ
337 1663 423 1711 τὸν
457 1663 649 1722 Ἴβηρα
693 1660 928 1722 διαβαίη,
967 1660 1328 1722 Τορβολήτας,
1368 1660 1416 1707 οἳ
1449 1659 1670 1722 γείτονές

252 1731 355 1780 εἰσι
383 1731 736 1781 Ζακανθαίων,
766 1730 1005 1778 ἀνέπεισε
1032 1732 1131 1777 τῶν
1160 1727 1502 1777 Ζακανθαίων
1526 1728 1669 1792 παρὰ

254 1801 304 1848 οἷ
327 1802 601 1860 καταβοᾶν
629 1801 691 1851 ὡς
715 1797 805 1861 τήν
833 1819 886 1847 τε
906 1797 1081 1862 χώραν
1103 1797 1274 1845 αὐτῶν
1294 1797 1670 1863 ἐπιτρεχόντων

253 1868 340 1916 καὶ
365 1868 548 1917 πολλὰ
586 1871 725 1932 σφᾶς
770 1867 912 1913 ἄλλα
956 1864 1283 1914 ἀδικούντων.
1357 1865 1402 1913 οἱ
1444 1864 1503 1913 δὲ
1536 1865 1666 1914 ἐπεί-

254 1937 420 1988 θοντο.
494 1936 581 1985 καὶ
607 1935 856 1998 πρέσβεις
895 1934 1062 1982 αὐτῶν
1088 1932 1112 1983 ὁ
1152 1932 1401 1994 Ἀννίβας
1442 1935 1489 1986 ἐς
1528 1936 1667 1998 Καρ-

252 2003 450 2070 χηδόνα
478 2005 717 2068 ἔπεμπεν,
747 2003 898 2056 αὐτός
938 2023 992 2050 τε
1033 2003 1083 2051 ἐν
1122 2003 1435 2067 ἀπορρήτοις
1474 2004 1669 2068 ἔγραφε

252 2074 534 2136 Ῥωμαίους
583 2073 675 2134 τὴν
718 2072 816 2119 ὑπὸ
859 2070 1235 2136 Καρχηδονίοις
1275 2071 1510 2133 Ἰβηρίαν
1551 2072 1667 2118 ἀνα-

256 2141 447 2192 πείθειν
525 2141 631 2190 ἀπὸ
710 2136 1080 2204 Καρχηδονίων
1160 2138 1509 2205 ἀφίστασθαι,
1584 2139 1668 2186 καὶ

254 2209 609 2261 Ζακανθαίους
687 2208 957 2271 Ῥωμαίοις
1037 2211 1203 2257 ταῦτα
1282 2208 1664 2270 συμπράσσειν.

253 2279 385 2327 ὅλως
431 2300 485 2327 τε
521 2282 610 2340 τῆς
659 2278 866 2337 ἀπάτης
906 2277 964 2324 οὐ
1013 2275 1190 2340 μεθίει,
1230 2275 1412 2324 πολλὰ
1451 2279 1665 2325 τοιαῦτα

255 2348 599 2400 ἐπιστέλλων,
662 2347 749 2399 ἕως
813 2348 840 2406 ἡ
902 2345 1074 2405 βουλὴ
1143 2344 1464 2407 προσέταξεν
1530 2346 1664 2409 αὐτῷ

255 2415 515 2478 πράσσειν
542 2416 590 2467 ἐς
617 2412 971 2465 Ζακανθαίους
1137 2412 1478 2476 δοκιμάσειεν.
1551 2410 1577 2463 ὁ
1616 2412 1667 2461 δὲ
997 2413 1022 2461 ὅ τι
1050 2433 1095 2461 ὅ τι

258 2538 337 2579 152
