1747 2693
137 319 232 349 CAP.

172 358 209 388 II

332 179 626 222 APPIAN'S
678 177 914 221 ROMAN
966 175 1271 229 HISTORY,
1312 175 1491 217 BOOK
1540 175 1603 216 VI

257 303 367 351 ἐπεί
426 306 516 363 τῆς
565 302 801 364 ἀφορμῆς
855 299 1096 359 ἐλάβετο,
1146 297 1487 361 Τορβολήτας
1524 298 1668 351 αὖθις

257 371 477 433 ἔπραξεν
525 371 755 433 ἐντυχεῖν
793 367 839 416 οἱ
872 367 1005 415 κατὰ
1042 370 1144 416 τῶν
1194 365 1546 421 Ζακανθαίων,
1586 366 1669 415 καὶ

254 438 609 502 μετεπέμπετο
670 435 940 501 πρέσβεις.
1014 435 1061 483 οἱ
1123 434 1175 482 δὲ
1240 434 1489 498 ἀφίκοντο
1561 434 1666 494 μέν,

256 508 554 559 κελεύοντος
581 507 630 553 δὲ
669 509 760 554 τοῦ
796 503 1041 563 Ἀννίβου
1075 502 1248 567 λέγειν
1285 502 1554 568 ἑκατέρους
1591 502 1667 569 ἐφ᾽

257 577 442 625 ἑαυτοῦ
490 576 606 638 περὶ
647 573 714 622 ὧν
765 573 1111 638 διαφέρονται,
1153 571 1425 635 Ῥωμαίοις
1468 574 1669 636 ἔφασαν

258 645 558 708 ἐπιτρέψειν
599 641 690 704 τὴν
727 641 886 702 δίκην.
962 640 985 688 ὁ
1025 640 1115 703 μὲν
1156 639 1216 700 δὴ
1261 638 1405 688 ταῦτ᾽
1431 639 1668 692 εἰπόντας

258 713 566 775 ἀπέπεμπεν
593 710 696 759 ἀπὸ
723 713 814 758 τοῦ
841 708 1215 771 στρατοπέδου,
1244 707 1332 758 καὶ
1369 712 1460 770 τῆς
1497 707 1666 756 ἐπιού-

258 803 352 842 σης
378 779 559 832 νυκτὸς
587 779 742 828 παντὶ
782 782 852 843 τῷ
893 779 1101 842 στρατῷ
1139 778 1225 825 τὸν
1254 777 1446 840 Ἴβηρα
1483 776 1670 831 διαβὰς

257 849 349 910 τὴν
396 849 574 913 χώραν
613 847 817 911 ἐπόρθει
866 846 953 894 καὶ
1003 849 1065 910 τῇ
1115 845 1268 894 πόλει
1316 845 1669 909 μηχανήματα

257 919 466 982 ἐφίστη.
539 917 674 965 ἑλεῖν
715 913 755 962 δ᾽
801 915 858 962 οὐ
909 913 1179 976 δυνάμενος
1220 913 1548 978 ἀπετάφρευε
1584 914 1668 963 καὶ

258 986 478 1051 φρούρια
528 982 709 1033 πολλὰ
756 983 981 1047 περιθεὶς
1031 985 1087 1030 ἐκ
1136 981 1506 1044 διαστημάτων
1555 981 1667 1030 ἐπε-

257 1057 430 1121 φοίτα.

331 1129 404 1170 11.
444 1122 763 1169 Ζακανθαῖοι
802 1120 853 1168 δὲ
897 1120 1137 1184 αἰφνιδίῳ
1174 1120 1259 1168 καὶ
1295 1119 1666 1183 ἀκαταγγέλτῳ

258 1195 398 1257 κακῷ
437 1186 794 1250 συμπεσόντες
819 1187 1140 1250 ἐπρέσβευον
1166 1189 1213 1240 ἐς
1239 1187 1453 1249 Ῥώμην.
1527 1189 1613 1237 καὶ
1641 1189 1666 1250 ἡ

258 1259 553 1321 σύγκλητος
573 1259 749 1310 αὐτοῖς
774 1256 1074 1320 συνέπεμπε
1101 1257 1365 1320 πρέσβεις,
1393 1258 1441 1304 οἳ
1465 1258 1669 1320 πρῶτον

256 1327 347 1389 μὲν
389 1326 641 1387 Ἀννίβαν
685 1326 904 1388 ἔμελλον
950 1327 1266 1387 ὑπομνήσειν
1314 1327 1416 1374 τῶν
1464 1345 1644 1387 συγκει

256 1395 433 1458 μένων,
485 1396 543 1443 οὐ
592 1393 898 1456 πειθομένου
947 1393 998 1441 δὲ
1048 1394 1097 1445 ἐς
1148 1392 1463 1458 Καρχηδόνα
1512 1400 1668 1440 πλευ-

259 1464 471 1513 σεῖσθαι
532 1462 646 1511 κατ᾽
705 1463 881 1511 αὐτοῦ·
977 1462 1176 1513 τούτοις
1237 1466 1343 1515 τοῖς
1408 1461 1668 1525 πρέσβεσι

258 1536 556 1581 πλεύσασιν
596 1533 645 1583 ἐς
686 1529 937 1592 Ἰβηρίαν,
979 1531 1064 1579 καὶ
1113 1531 1162 1583 ἐς
1209 1529 1268 1579 τὸ
1318 1529 1668 1594 στρατόπεδον

259 1602 362 1648 ἀπὸ
415 1601 693 1660 θαλάσσης
744 1597 1137 1659 ἀναβαίνουσιν,
1179 1600 1202 1647 ὁ
1240 1598 1489 1658 Ἀννίβας
1539 1601 1668 1659 ἀπη-

257 1669 471 1732 γόρευσε
496 1669 565 1731 μὴ
589 1668 875 1732 προσιέναι.
928 1668 1015 1716 καὶ
1037 1668 1083 1716 οἱ
1105 1668 1197 1732 μὲν
1220 1669 1565 1716 ἀπέπλευσαν
1584 1669 1669 1715 ἐπὶ

260 1736 595 1801 Καρχηδόνος
621 1736 717 1786 σὺν
755 1740 862 1789 τοῖς
899 1736 1160 1799 πρέσβεσι
1186 1740 1291 1788 τοῖς
1317 1735 1668 1791 Ζακανθαίων,

259 1808 344 1854 καὶ
366 1809 465 1854 τῶν
494 1805 763 1866 συνθηκῶν
791 1804 1172 1866 ἀνεμίμνησκον
1199 1804 1400 1856 αὐτούς.
1459 1807 1672 1871 Καρχη-

259 1874 412 1923 δόνιοι
457 1874 507 1922 δὲ
547 1874 767 1936 ᾐτιῶντο
806 1873 923 1925 τοὺς
960 1872 1315 1925 Ζακανθαίους
1340 1873 1520 1922 πολλὰ
1556 1873 1671 1925 τοὺς

259 1941 514 2003 ὑπηκόους
573 1944 722 2005 σφῶν
783 1942 991 1991 ἀδικεῖν.
1082 1942 1168 1990 καὶ
1229 1942 1568 1991 Ζακανθαίων
1626 1942 1674 1991 οἱ

257 2010 508 2075 πρέσβεις
546 2011 595 2064 ἐς
628 2009 771 2071 δίκην
811 2010 995 2063 αὐτοὺς
1020 2015 1413 2074 προυκαλοῦντο
1439 2011 1526 2059 ἐπὶ
1549 2011 1670 2059 Ῥω-

256 2078 421 2143 μαίων
471 2081 672 2143 κριτῶν·
714 2078 759 2127 οἱ
800 2078 838 2126 δ᾽
885 2080 976 2127 οὐκ
1016 2078 1222 2143 ἔφασαν
1258 2078 1464 2145 χρῄζειν
1514 2077 1669 2139 δίκης,

257 2149 545 2211 ἀμύνεσθαι
566 2148 850 2210 δυνάμενοι.
925 2147 992 2194 ὧν
1018 2148 1067 2200 ἐς
1089 2146 1291 2210 Ῥώμην
1318 2147 1673 2210 ἀπαγγελθέν-

257 2238 372 2272 των,
402 2216 448 2266 οἱ
483 2215 575 2279 μὲν
613 2215 847 2265 ἐκέλευον
884 2215 977 2278 ἤδη
1017 2219 1316 2282 συμμαχεῖν
1344 2220 1449 2267 τοῖς
1475 2218 1669 2264 Ζακαν-

258 2285 435 2339 θαίοις,
463 2285 507 2333 οἱ
547 2285 589 2333 δ᾽
627 2285 838 2350 ἐπεῖχον
877 2284 967 2338 ἔτι,
1004 2283 1242 2347 λέγοντες
1280 2284 1338 2332 οὐ
1363 2284 1670 2351 συμμάχους

259 2353 444 2403 αὐτοὺς
480 2353 531 2402 ἐν
568 2355 679 2406 ταῖς
719 2351 1001 2411 συνθήκαις
1039 2354 1188 2415 σφῶν
1214 2352 1336 2401 ἀλλ᾽
1361 2351 1668 2416 αὐτονόμους

259 2420 345 2468 καὶ
384 2420 678 2481 ἐλευθέρους
723 2421 1133 2482 ἀναγεγράφθαι,
1178 2421 1477 2484 ἐλευθέρους
1512 2421 1553 2467 δ᾽
1597 2421 1670 2469 ἔτι

263 2523 347 2567 154
