1747 2693
118 322 215 353 CAP.

156 362 189 391 II

320 179 613 224 APPIAN'S
663 179 900 223 ROMAN
948 178 1256 232 HISTORY,
1297 179 1476 222 BOOK
1525 179 1588 222 VI

239 305 325 353 καί
353 303 469 355 τοὺς
495 303 961 366 πολιορκουμένους
987 302 1131 349 εἶναι.
1206 300 1292 349 καὶ
1317 301 1598 363 ἐκράτησεν
1628 303 1649 362 ἡ

238 375 429 436 γνώμη.

313 451 384 491 12.
428 441 743 489 Ζακανθαῖοι
765 440 832 493 δέ,
854 438 1027 496 ἐπειδὴ
1056 437 1119 486 τὰ
1138 437 1407 498 Ῥωμαίων
1426 438 1653 501 ἀπέγνω-

240 533 341 560 σαν
368 512 453 560 καὶ
481 508 504 557 ὁ
532 508 683 571 λιμὸς
721 510 859 571 σφᾶς
897 506 1066 567 ἐπίεζε
1094 507 1180 555 καὶ
1217 507 1465 567 Ἀννίβας
1489 528 1650 573 περιε-

239 580 434 641 κάθητο
474 579 706 644 συνεχῶς
743 574 1041 638 (εὐδαίμονα
1065 575 1165 638 γὰρ
1191 575 1276 623 καὶ
1314 575 1653 642 πολύχρυσον

240 647 440 697 ἀκούων
466 646 601 695 εἶναι
620 645 712 705 τὴν
736 645 894 694 πόλιν
921 643 1012 692 οὐκ
1038 642 1164 692 ἀνίει
1191 647 1281 705 τῆς
1311 644 1652 708 πολιορκίας),

240 716 328 765 τὸν
364 716 454 779 μὲν
481 714 681 779 χρυσὸν
707 713 792 762 καὶ
821 711 1056 776 ἄργυρον,
1084 712 1206 765 ὅσος
1232 713 1293 774 ἦν
1320 711 1565 775 δημόσιός
1601 736 1654 762 τε

240 785 324 834 καὶ
376 781 642 836 ἰδιωτικός,
694 781 800 830 ἀπὸ
851 781 1178 844 κηρύγματος
1226 782 1275 833 ἐς
1323 780 1415 841 τὴν
1465 781 1654 845 ἀγορὰν

240 851 573 915 συνήνεγκαν,
627 851 712 899 καὶ
760 849 1011 914 μολύβδῳ
1061 849 1147 898 καὶ
1193 853 1380 915 χαλκῷ
1429 850 1654 917 συνεχώ-

240 943 427 970 νευσαν
489 922 554 972 ὡς
615 920 825 983 ἀχρεῖον
896 918 1116 982 Ἀννίβᾳ
1186 919 1446 979 γενέσθαι,
1508 920 1654 968 αὐτοὶ

241 991 293 1038 δὲ
355 991 407 1040 ἐν
466 989 649 1055 χερσὶν
711 986 944 1049 ἑλόμενοί
1004 1007 1053 1035 τι
1113 986 1302 1035 παθεῖν
1359 990 1567 1049 μᾶλλον
1624 989 1653 1049 ἢ

242 1057 340 1108 ὑπὸ
389 1062 480 1108 τοῦ
539 1060 710 1120 λιμοῦ,
752 1055 1025 1119 ἐξέδραμον
1079 1056 1156 1104 ἔτι
1216 1056 1399 1107 νυκτὸς
1454 1057 1538 1104 ἐπὶ
1592 1057 1649 1105 τὰ

239 1127 460 1194 φρούρια
498 1127 564 1175 τὰ
607 1128 706 1174 τῶν
747 1124 976 1186 Λιβύων,
1003 1125 1408 1186 ἀναπαυομένων
1452 1126 1527 1174 ἔτι
1569 1127 1654 1174 καὶ

241 1195 385 1244 οὐδέν
432 1198 662 1244 τοιοῦτον
713 1192 1083 1242 ὑπονοούντων·
1156 1192 1272 1241 ὅθεν
1320 1192 1505 1244 αὐτοὺς
1551 1195 1655 1242 ἀνι-

241 1265 525 1329 σταμένους
573 1284 629 1312 τε
676 1264 732 1326 ἐξ
778 1262 924 1323 εὐνῆς
971 1261 1058 1311 καὶ
1107 1260 1203 1310 σὺν
1251 1261 1459 1326 θορύβῳ
1506 1261 1653 1325 μόλις

241 1331 620 1394 ὁπλιζομένους,
670 1331 784 1380 ἔστι
832 1329 874 1378 δ᾽
923 1329 1009 1384 οὓς
1054 1329 1150 1391 ἤδη
1193 1330 1282 1379 καὶ
1319 1329 1654 1394 μαχομένους,

240 1402 540 1466 διέφθειρον.
635 1402 835 1464 μακροῦ
886 1398 935 1447 δὲ
985 1401 1074 1448 τοῦ
1125 1399 1320 1462 ἀγῶνος
1367 1398 1653 1460 γενομένου,

240 1470 454 1531 Λιβύων
511 1470 602 1534 μὲν
652 1469 928 1517 ἀπώλοντο
977 1467 1189 1523 πολλοί,
1239 1468 1556 1516 Ζακανθαῖοι
1605 1468 1653 1517 δὲ

239 1560 445 1595 παντες.
518 1536 574 1588 αἱ
609 1537 659 1587 δὲ
697 1540 934 1591 γυναῖκες
973 1534 1076 1584 ἀπὸ
1107 1539 1198 1584 τοῦ
1234 1534 1438 1601 τείχους
1464 1535 1654 1600 ὁρῶσαι

239 1608 298 1656 τὸ
343 1608 490 1657 τέλος
533 1609 634 1656 τῶν
672 1606 883 1669 ἀνδρῶν,
924 1604 979 1653 αἱ
1015 1604 1106 1668 μὲν
1150 1605 1426 1668 ἐρρίπτουν
1473 1605 1656 1658 ἑαυτὰς

241 1674 375 1725 κατὰ
400 1679 500 1725 τῶν
525 1678 702 1738 τεγῶν,
730 1674 782 1723 αἱ
809 1674 851 1721 δ᾽
877 1672 1122 1737 ἀνήρτων,
1144 1672 1200 1722 αἱ
1222 1672 1275 1722 δὲ
1300 1672 1386 1722 καὶ
1413 1673 1478 1721 τὰ
1504 1672 1655 1722 τέκνα

239 1744 687 1811 προκατέσφαζον.
752 1744 838 1791 καὶ
863 1745 1015 1791 τοῦτο
1041 1740 1190 1794 τέλος
1213 1742 1276 1800 ἦν
1299 1740 1654 1796 Ζακανθαίοις,

239 1813 393 1864 πόλει
418 1814 618 1876 μεγάλῃ
657 1833 711 1860 τε
749 1811 835 1860 καὶ
863 1810 1055 1875 δυνατῇ
1079 1811 1338 1874 γενομένῃ.
1411 1811 1655 1866 Ἀννίβας

241 1881 293 1931 δὲ
319 1884 383 1934 ὡς
410 1882 567 1945 ἔμαθε
592 1881 709 1945 περὶ
736 1884 826 1929 τοῦ
851 1882 1071 1945 χρυσοῦ,
1093 1878 1210 1932 τοὺς
1228 1878 1320 1943 μὲν
1339 1878 1654 1930 ὑπολοίπους

240 1950 325 1999 καὶ
355 1950 429 1999 ἔτι
456 1951 697 2012 ἡβῶντας
723 1949 893 1998 αὐτῶν
918 1947 1233 2009 αἰκιζόμενος
1265 1948 1545 2013 διέφθειρεν
1572 1951 1654 1998 ὑπ᾽

242 2020 409 2082 ὀργῆς,
449 2020 542 2080 τὴν
590 2018 639 2067 δὲ
692 2016 848 2067 πόλιν
897 2016 1026 2080 ὁρῶν
1069 2017 1436 2065 ἐπιθάλασσόν
1474 2037 1529 2066 τε
1571 2018 1652 2067 καὶ

243 2090 579 2154 Καρχηδόνος
637 2088 695 2136 οὐ
750 2087 969 2150 μακράν,
1018 2086 1103 2134 καὶ
1153 2084 1328 2150 χώρας
1388 2084 1654 2151 ἄρχουσαν

241 2156 455 2220 ἀγαθῆς,
494 2156 669 2219 ᾤκιζεν
707 2155 854 2208 αὖθις
892 2152 979 2203 καὶ
1023 2152 1395 2218 Καρχηδονίων
1441 2152 1654 2202 ἄποικον

241 2226 542 2290 ἀπέφαινεν·
613 2225 676 2285 ἣν
713 2226 800 2273 νῦν
838 2223 979 2284 οἶμαι
1020 2221 1334 2287 Καρχηδόνα
1375 2223 1652 2270 καλεῖσθαι

243 2294 335 2354 τὴν
359 2293 716 2354 Σπαρταγενῆ.

243 2515 328 2569 156
