1747 2693
129 519 224 548 CAP.

142 559 191 585 III

331 181 624 221 APPIAN'S
675 181 909 222 ROMAN
962 182 1268 233 HISTORY,
1311 183 1487 224 BOOK
1539 183 1598 223 VI

928 375 997 418 III

323 507 396 550 13.
434 500 678 561 Ῥωμαῖοι
718 500 771 548 δὲ
808 500 1059 562 πρέσβεις
1099 501 1146 553 ἐς
1176 500 1493 563 Καρχηδόνα
1521 502 1668 564 ἔπεμ-

250 591 363 625 πον,
427 570 500 621 οἷς
561 572 732 633 εἴρητο
808 571 1027 631 ἐξαιτεῖν
1089 570 1234 633 παρὰ
1297 570 1669 634 Καρχηδονίων

249 637 496 698 Ἀννίβαν
537 638 599 690 ὡς
639 639 686 690 ἐς
725 637 815 689 τὰς
854 637 1117 699 συνθήκας
1157 638 1475 700 ἁμαρτόντα,
1510 639 1554 688 εἰ
1601 639 1670 700 μὴ

250 707 417 754 κοινὸν
467 708 712 766 ἡγοῦνται
764 705 820 754 τὸ
873 706 1034 767 ἔργον·
1097 707 1159 767 ἢν
1209 706 1261 755 δὲ
1309 707 1377 767 μὴ
1442 706 1666 765 διδῶσιν,

250 775 432 823 εὐθέως
462 776 634 824 αὐτοῖς
669 774 897 837 πόλεμον
938 776 1320 837 προαγορεύειν.
1393 776 1482 824 καὶ
1509 776 1557 825 οἱ
1581 776 1670 839 μὲν

252 844 486 905 ἔπραξαν
526 843 637 899 ὧδε,
677 843 763 890 καὶ
806 843 891 891 τὸν
930 843 1160 905 πόλεμον
1198 844 1373 894 αὐτοῖς
1412 844 1502 892 οὐκ
1541 844 1669 893 ἐκδι-

252 910 401 958 δοῦσι
440 911 525 958 τὸν
563 910 815 969 Ἀννίβαν
854 911 1189 972 ἐπήγγειλαν·
1231 912 1442 973 λέγεται
1469 912 1509 960 δ᾽
1538 914 1667 962 οὕτω

250 979 507 1041 γενέσθαι.
584 978 607 1027 ὁ
645 980 735 1041 μὲν
782 980 1113 1041 πρεσβευτὴς
1161 981 1335 1031 αὐτοῖς
1384 981 1669 1043 γελώμενος

251 1049 366 1112 ἔφη,
419 1047 506 1095 τὸν
554 1047 753 1097 κόλπον
805 1047 1104 1105 ἐπιδεικνύς,
1159 1047 1409 1097 "ἐνταῦθ᾽
1451 1050 1582 1109 ὑμῖν,
1634 1050 1669 1097 ὦ

253 1116 617 1180 Καρχηδόνιοι,
657 1116 746 1164 καὶ
795 1116 885 1178 τὴν
934 1116 1133 1181 εἰρήνην
1182 1117 1271 1166 καὶ
1307 1117 1394 1166 τὸν
1443 1117 1671 1182 πόλεμον

250 1184 405 1247 φέρω·
449 1185 585 1247 ὑμεῖς
623 1184 663 1231 δ᾽
704 1184 927 1246 ὁπότερα
967 1185 1198 1246 αἱρεῖσθε
1233 1184 1477 1246 λάβετε."
1533 1187 1579 1235 οἱ
1628 1187 1666 1236 δ᾽

251 1253 471 1317 ἔφασαν,
509 1252 623 1301 "σὺ
659 1253 750 1316 μὲν
785 1253 871 1302 οὖν
908 1254 940 1301 ἃ
979 1253 1165 1312 βούλει
1207 1252 1393 1302 δίδου."
1466 1255 1668 1319 προτεί-

248 1342 428 1368 ναντος
468 1321 519 1369 δὲ
564 1321 650 1369 τὸν
689 1322 931 1383 πόλεμον,
972 1322 1261 1383 ἐξεβόησαν
1301 1324 1426 1381 ὁμοῦ
1462 1324 1667 1379 πάντες,

251 1389 599 1453 "δεχόμεθα."
674 1390 763 1438 καὶ
801 1391 946 1443 εὐθὺς
986 1391 1307 1439 ἐπέστελλον
1346 1395 1415 1455 τῷ
1452 1393 1672 1461 Ἀννίβᾳ

247 1461 429 1506 πᾶσαν
454 1458 547 1518 ἤδη
577 1457 668 1519 τὴν
693 1457 930 1520 Ἰβηρίαν
969 1458 1126 1512 ἀδεῶς
1163 1459 1453 1525 ἐπιτρέχειν
1479 1462 1543 1512 ὡς
1570 1464 1668 1510 τῶν

250 1526 487 1574 σπονδῶν
512 1527 825 1589 λελυμένων.
899 1528 921 1576 ὁ
949 1528 1040 1590 μὲν
1067 1528 1126 1588 δὴ
1156 1529 1219 1577 τὰ
1255 1529 1372 1590 ἔθνη
1407 1529 1471 1576 τὰ
1499 1532 1668 1594 ἀγχοῦ

248 1595 421 1642 πάντα
451 1595 607 1643 ἐπιὼν
635 1597 877 1658 ὑπήγετο,
905 1597 934 1657 ἢ
971 1598 1162 1645 πείθων
1196 1598 1226 1659 ἢ
1267 1598 1613 1660 δεδιττόμενος
1639 1599 1668 1660 ἢ

249 1663 751 1728 καταστρεφόμενος,
779 1665 868 1713 καὶ
894 1666 1149 1728 στρατιὰν
1175 1666 1384 1727 πολλὴν
1409 1666 1666 1728 συνέλεγε,

250 1732 341 1792 τὴν
365 1732 455 1793 μὲν
480 1732 663 1796 χρείαν
691 1733 789 1797 οὐχ
817 1733 1133 1790 ὑποδεικνύς,
1163 1735 1210 1788 ἐς
1237 1734 1290 1783 δὲ
1318 1734 1409 1796 τὴν
1434 1734 1667 1785 Ἰταλίαν

247 1801 460 1847 ἐπινοῶν
510 1802 776 1862 ἐμβαλεῖν.
854 1803 1122 1855 Γαλάταις
1162 1824 1216 1852 τε
1253 1803 1666 1864 διεπρεσβεύετο,

245 1868 333 1916 καὶ
383 1868 474 1917 τὰς
524 1868 719 1917 διόδους
773 1872 873 1918 τῶν
921 1868 1184 1919 Ἀλπείων
1241 1871 1368 1935 ὀρῶν
1422 1872 1668 1921 κατεσκέ-

245 1957 421 1985 πτετο.
496 1937 584 1984 καὶ
619 1937 840 2001 διῆλθεν,
867 1937 1203 2001 Ἀσδρούβαν
1239 1941 1327 1989 τὸν
1364 1941 1593 2007 ἀδελφὸν
1618 1942 1665 1991 ἐν

243 2004 450 2069 Ἰβηρίᾳ
477 2044 486 2053 .
518 2045 528 2054 .
559 2045 567 2053 .

317 2081 391 2121 14.
434 2112 443 2121 .
485 2113 494 2122 .
538 2113 548 2124 .
588 2075 639 2122 ἐν
700 2074 905 2143 Ἰβηρίᾳ
967 2078 1124 2135 σφίσι
1191 2078 1279 2127 καὶ
1338 2078 1512 2141 Λιβύῃ
1578 2078 1663 2127 τὸν

243 2141 472 2205 πόλεμον
498 2144 715 2192 ἔσεσθαι
743 2146 822 2205 (οὐ
862 2146 962 2208 γὰρ
1008 2147 1067 2207 δὴ
1107 2147 1175 2207 μὴ
1220 2148 1415 2203 Λίβυές
1450 2168 1577 2196 ποτε
1617 2149 1663 2199 ἐς

245 2210 335 2271 τὴν
360 2210 596 2261 Ἰταλίαν
624 2213 682 2261 ἐσ
686 2213 947 2271 βάλωσιν,
977 2213 1078 2262 οὐδ᾽
1108 2215 1388 2277 ὑπενόουν),
1425 2215 1663 2279 Τιβέριον

244 2279 332 2337 μὲν
359 2279 690 2343 Σεμπρώνιον
711 2281 917 2343 Λόγγον
944 2283 1025 2331 ἐπὶ
1057 2286 1177 2332 νεῶν
1204 2284 1385 2333 ἑκατὸν
1414 2284 1661 2345 ἑξήκοντα

245 2346 340 2393 σὺν
378 2346 465 2396 δύο
506 2352 737 2413 στρατοῦ
776 2350 982 2401 τέλεσιν
1030 2352 1077 2405 ἐς
1122 2352 1327 2414 Λιβύην
1376 2352 1662 2415 ἐξέπεμπον

243 2416 352 2476 (καὶ
400 2417 502 2463 ὅσα
552 2417 751 2478 Λόγγος
803 2440 857 2466 τε
916 2420 1001 2468 καὶ
1065 2420 1113 2467 οἱ
1157 2421 1337 2470 λοιποὶ
1394 2420 1660 2485 Ῥωμαίων

249 2506 331 2560 158
