1747 2693
96 334 191 363 CAP.

122 375 171 401 III

297 198 592 241 APPIAN'S
642 198 877 240 ROMAN
929 199 1237 251 HISTORY,
1278 201 1455 241 BOOK
1507 201 1569 243 VI

218 321 506 385 στρατηγοί
542 321 660 385 περὶ
697 319 902 380 Λιβύην
939 320 1186 385 ἔπραξαν,
1226 321 1278 370 ἐν
1315 325 1377 385 τῇ
1422 324 1632 387 Καρχη-

217 389 428 453 δονιακῇ
455 390 637 452 βίβλῳ
674 387 1113 452 συγγέγραπταἰ),
1142 387 1386 437 Πόπλιον
1424 389 1475 437 δὲ
1504 393 1636 453 Κορ-

216 459 393 519 νήλιον
430 457 696 509 Σκιπίωνα
734 457 987 506 ἔστελλον
1027 459 1074 510 ἐς
1110 458 1349 521 Ἰβηρίαν
1388 459 1471 507 ἐπὶ
1515 462 1635 507 νεῶν

218 527 464 590 ἑξήκοντα
501 526 631 590 μετὰ
669 528 834 587 πεζῶν
870 524 1064 590 μυρίων
1102 527 1190 574 καὶ
1240 527 1440 575 ἱππέων
1479 528 1635 575 ἑπτα-

216 594 422 652 κοσίων,
451 594 539 644 καὶ
563 594 897 658 πρεσβευτὴν
930 595 1068 658 αὐτῷ
1098 596 1428 658 συνέπεμπον
1454 597 1636 644 Γναῖον

220 665 508 727 Κορνήλιον
534 661 802 714 Σκιπίωνα
829 661 915 712 τὸν
954 662 1194 727 ἀδελφόν.
1270 663 1473 713 τούτοιν
1498 663 1521 713 ὁ
1548 663 1636 727 μὲν

220 734 458 782 Πόπλιος
484 733 631 795 παρὰ
651 734 1068 780 Μασσαλιωτῶν
1090 731 1327 795 ἐμπόρων
1352 731 1635 796 πυθόμενος

217 799 467 861 Ἀννίβαν
494 799 579 848 διὰ
611 803 711 849 τῶν
741 799 1004 848 Ἀλπείων
1040 799 1169 862 ὀρῶν
1200 801 1247 852 ἐς
1286 800 1378 859 τὴν
1403 800 1636 849 Ἰταλίαν

219 870 540 933 ὑπερβάντα,
569 868 744 922 δείσας
779 868 849 929 μὴ
887 868 1150 927 ἀδοκήτως
1177 872 1282 921 τοῖς
1310 869 1635 922 Ἰταλιώταις

219 936 479 991 ἐπιπέσοι,
529 936 798 998 παραδοὺς
848 936 1016 1000 Γναίῳ
1066 940 1136 1000 τῷ
1186 936 1395 1001 ἀδελφῷ
1446 938 1536 1000 τὴν
1590 940 1639 987 ἐν

218 1006 425 1073 Ἰβηρίᾳ
476 1007 731 1072 στρατιὰν
780 1007 1087 1055 διέπλευσεν
1136 1008 1220 1055 ἐπὶ
1269 1009 1551 1072 πεντήρους
1592 1009 1638 1060 ἐς

219 1074 523 1140 Τυρρηνίαν.
597 1074 686 1123 καὶ
712 1074 812 1122 ὅσα
841 1075 1061 1139 ἔπραξεν
1097 1076 1147 1124 ἐν
1174 1078 1235 1138 τῇ
1262 1076 1468 1141 Ἰταλίᾳ
1492 1076 1638 1129 οὗτός

219 1165 272 1192 τε
299 1144 386 1192 καὶ
415 1144 530 1192 ὅσοι
556 1143 661 1205 μετ᾽
690 1143 848 1192 αὐτὸν
874 1143 1030 1191 ἄλλοι
1059 1143 1348 1205 στρατηγοὶ
1374 1143 1523 1193 τοῦδε
1548 1149 1638 1193 τοῦ

217 1211 451 1276 πολέμου
469 1212 715 1275 ἐγένοντο,
739 1211 828 1264 ἕως
849 1211 1100 1273 Ἀννίβαν
1121 1211 1470 1276 ἑκκαιδεκάτῳ
1488 1211 1636 1276 μόλις

218 1282 319 1331 ἔτει
346 1286 435 1343 τῆς
459 1282 692 1333 Ἰταλίας
733 1281 1013 1343 ἐξήλασαν,
1041 1282 1071 1342 ἡ
1108 1281 1224 1343 ἑξῆς
1267 1280 1464 1337 βίβλος
1517 1282 1637 1331 ὑπο-

219 1348 489 1405 δείκνυσιν,
517 1350 547 1410 ἣ
575 1348 640 1398 τὰ
667 1350 791 1411 ἔργα
818 1348 1063 1408 Ἀννίβου
1091 1349 1155 1398 τὰ
1176 1349 1226 1398 ἐν
1241 1349 1448 1421 Ἰταλίᾳ
1466 1350 1638 1401 πάντα

217 1418 619 1483 περιλαμβάνει,
654 1418 743 1467 καὶ
777 1417 899 1482 παρ᾽
933 1417 1058 1466 αὐτὸ
1087 1417 1299 1480 λέγεται
1333 1417 1637 1482 Ῥωμαϊκῶν

215 1487 538 1547 Ἀννιβαϊκή.

290 1561 362 1604 15.
405 1557 585 1605 Γναῖος
626 1555 677 1604 δὲ
722 1555 879 1606 οὐδέν,
925 1555 951 1603 ὅ
993 1576 1042 1605 τι
1084 1556 1171 1605 καὶ
1213 1556 1389 1612 εἰπεῖν,
1417 1556 1636 1622 ἔπραξεν

217 1625 268 1673 ἐν
305 1627 410 1678 τοῖς
447 1625 679 1687 Ἴβηρσι,
720 1623 841 1688 πρὶν
889 1624 1028 1688 αὐτῷ
1079 1623 1320 1673 Πόπλιον
1365 1624 1452 1674 τὸν
1489 1624 1636 1674 ἀδελ-

216 1692 316 1758 φὸν
376 1692 694 1742 ἐπανελθεῖν·
756 1689 1005 1756 Ῥωμαῖοι
1064 1692 1182 1758 γάρ,
1231 1693 1499 1755 ληγούσης
1548 1699 1636 1758 τῆς

217 1766 383 1826 ἀρχῆς
433 1765 501 1826 τῷ
554 1760 794 1826 Ποπλίῳ,
845 1761 974 1826 πρὸς
1022 1761 1113 1825 μὲν
1161 1761 1412 1821 Ἀννίβαν
1460 1762 1509 1816 ἐς
1546 1761 1634 1825 τὴν

215 1829 452 1879 Ἰταλίαν
479 1829 595 1882 τοὺς
621 1829 750 1893 μετὰ
777 1829 864 1879 τὸν
896 1829 1139 1880 Πόπλιον
1173 1830 1402 1884 ὑπάτους
1428 1829 1635 1894 ἐξέπεμ-

216 1904 347 1963 ψαν,
369 1898 526 1948 αὐτὸν
553 1898 605 1947 δὲ
632 1898 932 1948 ἀνθύπατον
949 1897 1310 1962 ἀποφήναντες
1328 1899 1376 1953 ἐς
1399 1897 1631 1963 Ἰβηρίαν

217 1968 365 2019 αὖθις
392 1968 650 2017 ἔστειλαν.
724 1968 813 2016 καὶ
844 1967 948 2016 ἀπὸ
987 1967 1136 2018 τοῦδε
1160 1967 1206 2016 οἱ
1233 1967 1322 2017 δύο
1355 1963 1629 2022 Σκιπίωνες

218 2036 304 2084 τὸν
355 2037 405 2085 ἐν
452 2036 660 2100 Ἰβηρίᾳ
713 2036 941 2099 πόλεμον
1007 2035 1255 2100 διέφερον,
1304 2035 1633 2099 Ἀσδρούβου

218 2104 407 2170 σφίσιν
455 2106 1009 2170 ἀντιστρατηγοῦντος,
1059 2104 1217 2169 μέχρι
1281 2104 1629 2170 Καρχηδόνιοι

216 2173 306 2237 μὲν
350 2173 451 2223 ὑπὸ
500 2171 741 2236 Σύφακος
792 2177 884 2223 τοῦ
933 2176 1034 2223 τῶν
1083 2173 1340 2236 Νομάδων
1379 2173 1633 2223 δυνάστου

217 2242 591 2305 πολεμούμενοι
630 2242 717 2291 τὸν
753 2242 1088 2305 Ἀσδρούβαν
1125 2243 1212 2291 καὶ
1246 2243 1398 2305 μέρος
1434 2247 1525 2305 τῆς
1551 2243 1630 2291 ὑπ'

218 2311 358 2375 αὐτῷ
386 2315 638 2375 στρατιᾶς
674 2311 1099 2376 μετεπέμψαντο,
1127 2314 1227 2359 τῶν
1254 2311 1307 2360 δὲ
1334 2310 1631 2359 ὑπολοίπων

218 2378 267 2426 οἱ
314 2378 594 2433 Σκιπίωνες
657 2380 888 2443 εὐμαρῶς
949 2379 1212 2439 ἐκράτουν.
1286 2380 1376 2428 καὶ
1434 2382 1631 2429 πολλαὶ

218 2450 318 2497 τῶν
362 2447 565 2497 πόλεων
601 2448 650 2501 ἐς
689 2447 876 2500 αὐτοὺς
912 2448 1126 2497 ἑκοῦσαι
1163 2447 1505 2510 μετετίθεντο·
1547 2453 1629 2497 καὶ

225 2539 307 2577 160
