1747 2693
94 301 190 333 CAP.

117 341 171 371 III

287 165 582 207 APPIAN'S
633 164 865 207 ROMAN
917 162 1221 214 HISTORY,
1270 162 1449 205 BOOK
1497 162 1558 203 VI

212 286 313 350 γάρ
370 287 538 350 ἤστην
597 285 946 335 πιθανωτάτω
1011 284 1382 346 στρατηγῆσαί
1432 305 1485 333 τε
1541 285 1627 332 καὶ

210 355 669 422 προσαγαγέσθαι.

285 430 359 473 16.
401 426 616 486 Θέμενοι
666 422 708 470 δ᾽
749 422 797 470 οἱ
840 419 1191 486 Καρχηδόνιοι
1234 419 1363 486 πρὸς
1405 419 1625 486 Σύφακα

211 492 427 558 εἰρήνην,
454 493 600 543 αὖθις
628 490 915 553 ἐξέπεμπον
941 490 988 542 ἐς
1020 487 1258 552 Ἰβηρίαν
1294 487 1626 551 Ἀσδρούβαν

211 560 341 625 μετὰ
369 560 582 612 πλέονος
617 562 848 622 στρατοῦ
886 559 973 607 καὶ
1010 559 1306 622 ἐλεφάντων
1332 558 1625 617 τριάκοντα,

213 629 303 679 καὶ
339 629 434 679 σὺν
471 629 611 691 αὐτῷ
651 628 845 678 ἄλλους
884 626 970 674 δύο
1010 626 1351 689 στρατηγούς,
1389 626 1627 688 Μάγωνά

214 720 269 746 τε
311 697 401 746 καὶ
438 697 774 759 Ἀσδρούβαν
804 696 987 758 ἕτερον,
1017 695 1068 746 ὃς
1097 695 1358 746 Γέσκωνος
1404 695 1465 755 ἦν
1508 693 1624 745 υἱός.

213 765 302 814 καὶ
339 765 708 831 χαλεπώτερος
753 765 814 824 ἦν
858 768 965 816 τοῖς
1004 760 1295 812 Σκιπίωσιν
1335 760 1359 810 ὁ
1406 760 1626 825 πόλεμος

213 833 318 882 ἀπὸ
379 833 541 888 τοῦδε,
593 832 841 896 ἐκράτουν
892 831 945 880 δὲ
997 831 1083 879 καὶ
1134 831 1212 879 ὥς.
1287 832 1374 879 καὶ
1434 832 1624 877 πολλοὶ

211 902 301 965 μὲν
363 904 462 951 τῶν
522 901 749 961 Λιβύων,
804 900 999 949 πολλοὶ
1056 899 1109 947 δὲ
1169 902 1269 948 τῶν
1333 899 1626 964 ἐλεφάντων

213 970 535 1035 ἐφθάρησαν,
560 969 714 1033 μέχρι
753 972 1003 1033 χειμῶνος
1047 967 1396 1027 ἐπιλαβόντος
1447 967 1493 1015 οἱ
1539 967 1627 1030 μὲν

213 1038 405 1099 Λίβυες
449 1038 720 1103 ἐχείμαζον
762 1040 811 1086 ἐν
860 1035 1188 1101 Τυρδιτανίᾳ,
1228 1039 1327 1084 τῶν
1378 1035 1429 1084 δὲ
1469 1035 1627 1085 Σκιπ-

216 1107 373 1156 ιώνων
425 1105 449 1156 ὁ
498 1106 588 1168 μὲν
629 1109 810 1158 Γναῖος
841 1105 891 1154 ἐν
919 1104 1170 1164 Ὄρσωνι,
1214 1104 1236 1152 ὁ
1288 1104 1339 1153 δὲ
1390 1103 1624 1156 Πόπλιος

215 1177 264 1224 ἐν
315 1177 648 1223 Καστολῶνι.
745 1175 862 1222 ἔνθα
921 1174 1059 1236 αὐτῷ
1121 1172 1353 1237 προσιὼν
1417 1172 1440 1219 ὁ
1503 1171 1624 1219 Ἀσ-

215 1244 440 1308 δρούβας
489 1243 816 1305 ἀπηγγέλθη·
863 1242 950 1290 καὶ
989 1241 1259 1303 προελθὼν
1299 1245 1388 1302 τῆς
1425 1239 1623 1292 πόλεως

213 1310 321 1374 μετ᾽
359 1310 549 1373 ὀλίγων
587 1311 633 1363 ἐς
672 1309 1017 1369 κατασκοπὴν
1055 1310 1431 1368 στρατοπέδου,
1471 1310 1627 1357 ἔλαθε

213 1384 525 1441 πλησιάσας
549 1383 620 1442 τῷ
655 1378 976 1444 Ἀσδρούβᾳ,
1011 1378 1100 1427 καὶ
1134 1378 1290 1426 αὐτὸν
1327 1379 1512 1428 ἐκεῖνος
1539 1379 1625 1425 καὶ

215 1448 333 1500 τοὺς
395 1448 490 1497 σὺν
550 1449 690 1513 αὐτῷ
750 1447 952 1499 πάντας
1012 1447 1234 1495 ἱππεῦσι
1298 1446 1624 1509 περιδραμὼν

214 1515 527 1565 ἀπέκτεινεν.
602 1515 625 1565 ὁ
670 1516 722 1564 δὲ
767 1518 947 1567 Γναῖος
987 1515 1130 1563 οὐδέν
1173 1535 1222 1564 τι
1259 1516 1542 1579 προμαθὼν
1579 1516 1625 1567 ἐς

216 1584 304 1632 τὸν
346 1583 574 1649 ἀδελφὸν
616 1585 699 1634 ἐπὶ
741 1589 888 1633 σῖτον
930 1584 1127 1644 ἔπεμπε
1166 1583 1513 1642 στρατιώτας,
1554 1583 1625 1636 οἷς

218 1655 378 1717 ἕτεροι
423 1655 637 1714 Λιβύων
674 1652 1017 1717 συντυχόντες
1054 1652 1326 1717 ἐμάχοντο.
1400 1652 1490 1699 καὶ
1531 1672 1623 1698 πυ-

217 1720 422 1784 θόμενος
464 1720 487 1769 ὁ
529 1723 711 1774 Γναῖος
763 1720 1033 1784 ἐξέδραμεν
1082 1722 1147 1773 ὡς
1194 1720 1302 1784 εἶχε
1348 1719 1480 1783 μετὰ
1527 1722 1625 1768 τῶν

214 1790 440 1851 εὐζώνων
489 1788 567 1838 ἐπ᾽
617 1789 820 1842 αὐτούς.
894 1789 939 1838 οἱ
988 1788 1041 1838 δὲ
1089 1789 1207 1840 τούς
1256 1809 1311 1836 τε
1347 1788 1623 1852 προτέρους

216 1858 538 1922 ἀνῃρήκεσαν
585 1858 698 1918 ἤδη,
749 1857 837 1906 καὶ
880 1857 968 1906 τὸν
1018 1859 1201 1906 Γναῖον
1261 1856 1483 1912 ἐδίωκον,
1536 1857 1623 1909 ἕως

217 1928 494 1991 ἐσέδραμεν
534 1928 582 1978 ἔς
620 1948 735 1975 τινα
773 1927 986 1990 πύργον.
1061 1927 1150 1973 καὶ
1187 1925 1274 1973 τὸν
1307 1927 1503 1989 πύργον
1529 1929 1622 1972 ἐνέ-

216 2017 429 2059 πρησαν
455 1994 501 2043 οἱ
526 1994 735 2055 Λίβυες,
763 1994 852 2044 καὶ
869 1994 892 2042 ὁ
920 1994 1149 2045 Σκιπίων
1174 1994 1469 2055 κατεκαύθη
1494 1993 1623 2057 μετὰ

213 2065 314 2111 τῶν
340 2063 615 2112 συνόντων.

284 2135 360 2181 17.
401 2134 555 2180 Οὕτω
605 2133 696 2194 μὲν
733 2132 779 2180 οἱ
824 2128 1107 2183 Σκιπίωνες
1147 2130 1403 2180 ἀπέθανον
1454 2129 1623 2195 ἄμφω,

213 2198 386 2263 ἄνδρες
436 2201 484 2253 ἐς
532 2201 708 2250 πάντα
749 2199 935 2262 ἀγαθοὶ
977 2199 1250 2262 γενόμενοι·
1305 2199 1392 2246 καὶ
1441 2198 1623 2249 αὐτοὺς

214 2268 550 2329 ἐπεπόθησαν
577 2269 799 2329 Ἴβηρες,
828 2268 941 2316 ὅσοι
970 2267 1029 2315 δι᾽
1057 2268 1244 2319 αὐτοὺς
1270 2267 1317 2320 ἐς
1344 2266 1622 2329 Ῥωμαίους

211 2335 495 2397 μετέθεντο.
567 2336 844 2396 πυθόμενοι
882 2335 923 2382 δ᾽
963 2336 1010 2384 οἱ
1046 2337 1097 2385 ἐν
1134 2335 1281 2383 ἄστει
1331 2335 1531 2398 βαρέως
1571 2355 1624 2383 τε

213 2403 447 2464 ἤνεγκαν,
483 2405 568 2451 καὶ
607 2406 926 2467 Μάρκελλον
965 2404 1019 2451 ἐκ
1054 2401 1293 2454 Σικελίας
1329 2405 1445 2466 ἄρτι
1471 2406 1620 2466 ἀφιγ-

216 2494 297 2535 162
