1747 2693
266 121 561 161 APPIAN'S
612 121 848 163 ROMAN
896 122 1203 176 HISTORY,
1252 123 1431 165 BOOK
1480 123 1543 165 VI

193 243 356 303 μένον,
401 243 490 292 καί
540 244 637 292 σὺν
685 244 822 307 αὐτῷ
863 245 1142 300 Κλαύδιον,
1194 246 1279 294 ἐπὶ
1327 248 1449 295 νεῶν
1487 284 1497 295 .
1547 285 1555 295 .
1598 285 1604 294 .

195 311 481 375 ἐξέπεμπον
526 311 574 364 ἐς
612 311 849 376 Ἰβηρίαν
888 313 1016 376 μετὰ
1059 313 1248 378 χιλίων
1285 313 1484 363 ἱππέων
1523 316 1607 362 καὶ

194 383 360 440 πεζῶν
398 379 589 443 μυρίων
629 380 719 428 καὶ
761 380 1011 441 χορηγίας
1055 381 1246 437 ἱκανῆς.
1322 381 1520 435 οὐδενὸς
1558 382 1608 430 δὲ

194 451 443 510 λαμπροῦ
503 448 648 510 παρὰ
709 449 865 497 τῶνδε
914 449 1231 509 γιγνομένου,
1284 449 1349 498 τὰ
1399 449 1609 510 Λιβύων

196 517 526 581 ὑπερηύξετο,
578 517 667 566 καὶ
716 521 897 566 πᾶσαν
938 518 1125 583 σχεδὸν
1175 519 1414 583 Ἰβηρίαν
1450 519 1608 583 εἶχον,

195 586 243 636 ἐς
268 587 448 649 βραχὺ
484 584 753 648 Ῥωμαίων
780 585 831 633 ἐν
858 589 962 638 τοῖς
997 587 1139 651 ὄρεσι
1168 591 1273 640 τοῖς
1303 586 1608 651 Πυρηναίοις

196 653 725 716 κατακεκλεισμένων.
800 655 966 703 πάλιν
1003 656 1092 703 οὖν
1129 655 1177 704 οἱ
1213 656 1263 703 ἐν
1302 655 1449 704 ἄστει
1489 677 1611 705 πυν-

195 722 462 784 θανόμενοι
495 726 702 784 μᾶλλον
736 722 1111 785 ἐταράσσοντο·
1150 723 1238 772 καὶ
1264 723 1431 786 φόβος
1458 725 1520 787 ἦν
1543 723 1612 786 μὴ

193 787 436 849 Ἀννίβου
463 790 779 850 πορθοῦντος
815 791 881 839 τὰ
918 791 1098 854 πρόσω
1132 797 1221 851 τῆς
1255 792 1501 846 Ἰταλίας,
1528 793 1612 841 καὶ

194 857 298 906 οἵδε
347 857 395 906 οἱ
442 858 635 917 Λίβυες
686 859 734 911 ἐς
785 860 850 907 τὰ
900 860 1046 919 ἕτερα
1097 862 1256 920 αὐτῆς
1314 863 1610 920 ἐσβάλοιεν.

194 927 309 973 ὅθεν
349 926 462 974 οὐδὲ
507 926 849 992 ἀποσχέσθαι
880 932 968 990 τῆς
1008 927 1243 992 Ἰβηρίας
1269 928 1607 992 βουλομένοις

194 994 369 1044 αὐτοῖς
420 994 636 1044 δυνατὸν
686 997 762 1057 ἦν,
814 995 910 1044 δέει
961 1000 1053 1046 τοῦ
1099 995 1170 1058 μὴ
1219 996 1306 1047 καὶ
1345 996 1489 1047 τόνδε
1527 996 1613 1047 τὸν

193 1061 423 1126 πόλεμον
448 1063 496 1117 ἐς
522 1062 613 1125 τὴν
650 1061 885 1114 Ἰταλίαν
911 1064 1294 1128 ἐπαγαγέσθαι.

867 1283 933 1325 IV

270 1405 342 1448 18.
379 1399 732 1463 Προύγραφον
753 1399 839 1447 οὖν
857 1398 1047 1462 ἡμέραν
1069 1400 1119 1447 ἐν
1137 1399 1164 1462 ᾗ
1186 1400 1612 1463 χειροτονήσουσι

201 1466 498 1532 στρατηγὸν
529 1468 577 1520 ἐς
619 1465 869 1532 Ἰβηρίαν.
943 1467 1032 1516 καὶ
1075 1468 1274 1521 οὐδενὸς
1310 1469 1610 1532 παραγγέλ-

196 1543 379 1586 λοντος
430 1535 503 1584 ἔτι
553 1535 750 1584 πλείων
798 1536 1025 1598 ἐγίγνετο
1074 1536 1260 1598 φόβος,
1309 1537 1397 1586 καὶ
1440 1537 1612 1600 σιωπὴ

199 1604 510 1669 σκυθρωπὸς
537 1604 712 1669 ἐπεῖχε
734 1604 826 1667 τὴν
852 1605 1154 1666 ἐκκλησίαν,
1173 1607 1220 1658 ἐς
1241 1605 1300 1654 οὗ
1327 1605 1611 1670 Κορνήλιος

199 1671 430 1722 Σκιπίων
468 1671 491 1721 ὁ
532 1672 775 1720 Ποπλίου
816 1672 1109 1737 Κορνηλίου
1138 1678 1228 1722 τοῦ
1263 1673 1611 1739 ἀναιρεθέντος

199 1742 250 1790 ἐν
281 1742 525 1804 Ἴβηρσιν
563 1740 682 1797 υἱός,
721 1740 827 1793 νέος
865 1742 957 1805 μὲν
996 1742 1062 1790 ὢν
1099 1742 1281 1806 κομιδῇ
1319 1742 1613 1808 (τεσσάρων

197 1809 298 1871 γὰρ
324 1810 411 1858 καὶ
439 1810 634 1858 εἴκοσιν
661 1810 787 1858 ἐτῶν
811 1810 909 1872 ἦν),
940 1809 1162 1872 σώφρων
1194 1811 1248 1858 δὲ
1272 1810 1361 1861 καὶ
1385 1815 1611 1872 γενναῖος

197 1878 327 1927 εἶναι
353 1878 688 1941 νομιζόμενος,
725 1878 773 1931 ἐς
808 1878 866 1927 τὸ
895 1878 1054 1942 μέσον
1082 1878 1246 1928 ἐλθὼν
1272 1878 1612 1943 ἐσεμνολόγη-

199 1967 286 1993 σεν
313 1945 449 2009 ἀμφί
485 1967 539 1995 τε
578 1951 668 1994 τοῦ
705 1945 903 2010 πατρὸς
941 1947 1029 1995 καὶ
1068 1948 1201 2011 ἀμφὶ
1228 1951 1319 1997 τοῦ
1345 1949 1499 2006 θείου,
1527 1950 1612 1997 καὶ

198 2014 255 2063 τὸ
282 2015 450 2066 πάθος
477 2016 646 2064 αὐτῶν
688 2015 989 2080 ὀδυράμενος
1019 2016 1227 2065 ἐπεῖπεν
1265 2016 1444 2069 οἰκεῖος
1482 2016 1608 2065 εἶναι

196 2082 416 2146 τιμωρὸς
453 2084 508 2132 ἐκ
545 2083 755 2132 πάντων
792 2083 954 2147 πατρὶ
991 2083 1077 2133 καὶ
1115 2082 1234 2148 θείῳ
1263 2084 1351 2133 καὶ
1383 2084 1609 2150 πατρίδι.

197 2151 339 2198 ἄλλα
401 2172 455 2200 τε
513 2151 695 2200 πολλὰ
755 2151 950 2216 ἀθρόως
1010 2152 1098 2202 καὶ
1153 2153 1385 2214 λάβρως,
1434 2153 1609 2217 ὥσπερ

196 2219 385 2274 ἔνθους,
427 2220 885 2283 ἐπαγγειλάμενος,
931 2221 1023 2270 οὐκ
1059 2219 1295 2285 Ἰβηρίαν
1332 2222 1611 2287 λήψεσθαι

194 2286 353 2349 μόνην
380 2287 498 2335 ἀλλ᾽
528 2287 605 2336 ἐπ᾽
633 2290 764 2351 αὐτῇ
804 2288 891 2337 καὶ
928 2288 1133 2350 Λιβύην
1158 2289 1248 2338 καὶ
1275 2289 1607 2353 Καρχηδόνα,

195 2359 302 2407 τοῖς
344 2358 436 2419 μὲν
479 2356 620 2417 ἔδοξε
664 2361 1063 2420 κουφολογῆσαι
1115 2361 1371 2415 νεανικῶς,
1417 2358 1503 2407 τὸν
1554 2357 1605 2407 δὲ

198 2448 283 2501 164

72 263 170 293 CAP.

98 303 149 331 III

76 1423 169 1452 CAP.

101 1463 144 1490 IV
