1747 2693
138 269 233 298 CAP.

172 309 213 336 IV

334 132 631 172 APPIAN'S
681 131 914 172 ROMAN
966 130 1275 182 HISTORY,
1319 129 1498 172 BOOK
1548 127 1609 171 VI

259 253 417 316 δῆμον
443 253 673 314 ἀνέλαβε
698 252 1071 318 κατεπτηχότα
1093 249 1363 316 (χαίρουσι
1388 249 1489 315 γάρ
1515 252 1675 314 ἐπαγ-

257 327 458 390 γελίαις
520 328 567 376 οἱ
627 327 869 390 δεδιότες)
918 326 1007 376 καὶ
1066 326 1223 390 ᾑρέθη
1285 325 1579 389 στρατηγὸς
1629 329 1670 379 ἐς

256 401 491 463 Ἰβηρίαν
531 403 593 455 ὡς
633 402 845 465 πράξων
884 423 932 450 τι
972 405 1061 464 τῆς
1094 400 1370 465 εὐτολμίας
1398 402 1556 465 ἄξιον.
1631 403 1673 450 οἱ

257 478 608 542 πρεσβύτεροι
647 478 698 527 δὲ
737 478 899 540 αὐτὴν
936 477 1028 526 οὐκ
1065 477 1344 540 εὐτολμίαν
1382 476 1528 525 ἀλλὰ
1552 497 1676 542 προ-

257 552 469 603 πέτειαν
507 554 742 601 ἐκάλουν.
816 552 905 602 καὶ
943 552 966 601 ὁ
1007 549 1237 603 Σκιπίων
1287 552 1591 615 αἰσθόμενος
1629 553 1674 604 ἐς

258 627 544 690 ἐκκλησίαν
578 628 724 679 αὖθις
768 628 955 681 αὐτοὺς
997 628 1270 677 συνεκάλει
1315 648 1370 677 τε
1406 628 1495 677 καὶ
1531 628 1677 690 ἐσεμ-

258 702 432 751 νύνετο
466 702 634 766 ὅμοια·
676 702 764 752 καὶ
802 702 894 764 τὴν
929 702 1139 765 ἡλικίαν
1169 702 1327 751 εἰπὼν
1353 702 1498 751 οὐδὲν
1523 702 1677 766 ἐμπο-

259 776 357 824 δών
407 781 451 824 οἱ
512 776 846 838 γενήσεσθαι,
897 780 1248 839 προυκαλεῖτο
1298 777 1447 839 ὅμως,
1498 778 1544 826 εἴ
1601 800 1673 830 τις

258 845 426 892 ἐθέλοι
455 848 556 893 τῶν
583 847 956 910 πρεσβυτέρων
999 848 1090 908 τὴν
1130 848 1298 908 ἀρχὴν
1339 850 1675 907 παραλαβεῖν

260 912 462 963 ἑκόντος
490 916 649 962 αὐτοῦ
679 913 1068 978 παραδιδόντος.
1121 913 1321 967 οὐδενὸς
1349 912 1389 962 δ᾽
1418 914 1674 978 ἑλομένου,

257 986 464 1044 μᾶλλον
504 982 867 1045 ἐπαινούμενός
908 1004 963 1031 τε
1001 982 1089 1032 καὶ
1121 983 1504 1046 θαυμαζόμενος
1543 983 1675 1047 ἐξῄει

258 1050 387 1113 μετὰ
413 1050 604 1112 μυρίων
630 1053 794 1110 πεζῶν
836 1052 924 1101 καὶ
967 1052 1168 1100 ἱππέων
1203 1054 1578 1101 πεντακοσίων·
1618 1054 1674 1101 οὐ

257 1118 358 1182 γὰρ
397 1118 632 1184 ἐνεχώρει
670 1118 868 1168 πλέονα
908 1119 1134 1183 στρατὸν
1173 1120 1388 1182 ἐξάγειν,
1430 1118 1676 1182 Ἀννίβου

259 1187 498 1253 δῃοῦντος
548 1189 640 1250 τὴν
687 1189 938 1238 Ἰταλίαν.
1011 1191 1178 1248 ἔλαβε
1216 1191 1268 1237 δὲ
1305 1192 1396 1238 καὶ
1430 1192 1675 1253 χρήματα

258 1256 345 1304 καὶ
373 1256 710 1321 παρασκευὴν
737 1257 906 1318 ἄλλην
944 1257 1031 1306 καὶ
1057 1261 1177 1310 ναῦς
1203 1257 1404 1322 μακρὰς
1431 1258 1564 1307 ὀκτὼ
1589 1259 1675 1307 καὶ

257 1325 439 1381 εἴκοσι,
468 1324 577 1385 μεθ᾽
607 1325 672 1375 ὧν
700 1326 748 1378 ἐς
774 1324 1008 1390 Ἰβηρίαν
1035 1324 1354 1374 διέπλευσεν.

330 1399 403 1441 19.
445 1395 789 1457 Παραλαβών
827 1415 880 1443 τε
915 1394 1008 1453 τὴν
1042 1395 1145 1443 ἐκεῖ
1181 1395 1450 1450 στρατιάν,
1479 1396 1565 1445 καὶ
1593 1396 1675 1448 οὓς

256 1462 377 1524 ἦγεν
404 1463 452 1516 ἐς
485 1462 536 1510 ἓν
564 1462 890 1525 συναγαγών,
918 1463 1151 1528 ἐκάθηρε,
1181 1463 1267 1512 καὶ
1305 1462 1549 1530 διελέχθη
1588 1465 1673 1512 καὶ

257 1531 433 1578 τοῖσδε
456 1531 842 1594 μεγαληγόρως.
916 1531 1039 1594 δόξα
1070 1553 1126 1581 τε
1163 1531 1427 1594 διέδραμεν
1462 1532 1511 1585 ἐς
1549 1532 1674 1594 ὅλην

256 1599 447 1648 αὐτίκα
473 1599 564 1659 τὴν
590 1600 842 1660 Ἰβηρίαν,
869 1599 1222 1660 βαρυνομένην
1249 1622 1303 1650 τε
1328 1600 1446 1654 τοὺς
1471 1600 1672 1661 Λίβυας

256 1668 343 1716 καὶ
371 1671 471 1715 τῶν
509 1666 814 1717 Σκιπιώνων
852 1669 944 1731 τὴν
980 1669 1165 1731 ἀρετὴν
1192 1669 1567 1725 ἐπιποθοῦσαν,
1595 1670 1672 1719 ὅτι

256 1736 548 1800 στρατηγὸς
610 1737 783 1789 αὐτοῖς
843 1738 958 1799 ἥκοι
1019 1736 1250 1788 Σκιπίων
1312 1736 1335 1787 ὁ
1387 1734 1674 1792 Σκιπίωνος

255 1805 389 1853 κατὰ
416 1805 544 1854 θεόν.
622 1805 680 1854 οὗ
718 1805 777 1867 δὴ
815 1807 903 1855 καὶ
942 1806 1095 1860 αὐτὸς
1126 1807 1511 1870 αἰσθανόμενος,
1554 1807 1672 1856 ὑπε-

253 1873 453 1937 κρίνετο
491 1874 668 1923 πάντα
708 1879 876 1924 ποιεῖν
916 1874 1215 1937 πειθόμενος
1253 1875 1364 1940 θεῷ.
1418 1874 1669 1925 πυνθανό-

252 1963 400 2002 μενος
444 1943 484 1991 δ᾽
522 1943 601 1991 ὅτι
647 1943 694 1992 οἱ
736 1944 914 2008 ἐχθροὶ
945 1943 1300 2005 σταθμεύουσι
1338 1943 1430 2007 μὲν
1467 1945 1520 1994 ἐν
1556 1943 1669 1993 τέσ-

254 2032 417 2074 σαρσι
479 2012 867 2074 στρατοπέδοις,
929 2013 1132 2074 μακρὰν
1193 2011 1519 2074 διεστηκότες
1580 2013 1668 2061 ἀπ᾽

255 2080 518 2142 ἀλλήλων,
570 2080 667 2129 ἀνὰ
718 2081 1016 2144 δισμυρίους
1069 2080 1154 2130 καὶ
1205 2079 1668 2148 πεντακισχιλίους

253 2149 436 2207 πεζοὺς
478 2149 564 2198 καὶ
610 2149 800 2200 ἱππέας
837 2148 1212 2203 πεντακοσίους
1250 2149 1335 2198 ἐπὶ
1373 2147 1667 2216 δισχιλίοις,

252 2216 345 2276 τὴν
383 2217 433 2266 δὲ
473 2217 812 2278 παρασκευὴν
851 2222 951 2266 τῶν
989 2239 1044 2266 τε
1081 2217 1366 2283 χρημάτων
1404 2217 1492 2267 καὶ
1519 2217 1667 2267 σίτου

253 2288 338 2331 καὶ
378 2285 557 2334 ὅπλων
594 2286 681 2335 καὶ
717 2289 893 2345 βελῶν
920 2287 1006 2336 καὶ
1044 2290 1167 2336 νεῶν
1205 2287 1292 2335 καὶ
1319 2286 1666 2354 αἰχμαλώτων

252 2353 336 2399 καὶ
374 2353 573 2418 ὁμήρων
614 2358 714 2405 τῶν
755 2357 812 2417 ἐξ
846 2356 970 2417 ὅλης
1007 2355 1240 2420 Ἰβηρίας
1277 2355 1491 2422 ἔχουσιν
1517 2357 1569 2404 ἐν
1605 2361 1665 2419 τῇ

254 2463 336 2502 166
