1747 2693
136 258 232 287 CAP.

173 298 215 325 IV

331 112 627 154 APPIAN'S
674 112 909 154 ROMAN
960 113 1267 165 HISTORY,
1315 114 1493 156 BOOK
1542 114 1604 155 VI

257 233 507 300 πρότερον
549 234 640 294 μὲν
683 233 927 297 Ζακάνθῃ
971 233 1087 284 τότε
1127 235 1175 282 δὲ
1218 235 1310 298 ἤδη
1357 236 1669 301 Καρχηδόνι,

259 304 345 353 καὶ
396 303 612 368 φρουρὸς
671 303 842 351 αὐτῶν
901 303 1014 352 ἐστὶ
1076 304 1279 366 Μάγων
1315 304 1444 368 μετὰ
1481 305 1671 370 μυρίων

257 371 644 437 Καρχηδονίων,
707 372 869 434 ἔκρινε
929 374 1134 430 πρῶτον
1195 374 1243 424 ἐς
1303 375 1515 424 τούτους
1564 376 1669 423 ἐπι-

258 442 466 504 δραμεῖν
504 442 587 488 διά
631 460 684 487 τε
726 441 819 500 τὴν
859 439 1143 502 ὀλιγότητα
1185 444 1276 488 τοῦ
1315 447 1543 505 στρατοῦ
1581 447 1670 491 τοῦ

255 509 384 571 μετὰ
424 509 681 571 Μάγωνος
722 508 807 556 καὶ
848 507 904 557 τὸ
946 509 1160 571 μέγεθος
1197 513 1287 570 τῆς
1323 516 1669 573 παρασκευῆς,

257 577 342 626 καὶ
371 578 436 629 ὡς
462 577 768 641 ὁρμητήριον
802 577 1043 641 ἀσφαλὲς
1079 578 1135 625 ἐκ
1161 581 1255 638 γῆς
1281 578 1368 627 καὶ
1394 578 1669 640 θαλάσσης

259 646 384 709 ἕξων
423 646 509 694 ἐπὶ
547 646 675 706 ὅλην
711 645 802 706 τὴν
841 644 1076 708 Ἰβηρίαν
1113 646 1270 695 πόλιν
1311 648 1555 710 ἀργυρεῖα
1586 650 1670 697 καὶ

256 713 431 780 χώραν
480 712 753 777 εὐδαίμονα
802 713 888 762 καὶ
936 718 1165 762 πλοῦτον
1213 716 1382 764 πολὺν
1443 715 1670 783 ἔχουσαν

256 782 342 830 καὶ
380 782 467 829 τὸν
506 782 761 829 διάπλουν
799 783 847 832 ἐς
886 783 1093 841 Λιβύην
1129 783 1483 848 βραχύτατον.

327 856 401 896 20.
440 849 502 897 Ὁ
531 849 622 914 μὲν
649 849 707 911 δὴ
735 851 978 899 τοσοῖσδε
1014 856 1289 914 λογισμοῖς
1324 851 1668 917 ἐπαιρόμενος,

255 919 418 966 οὐδενὶ
466 918 729 983 προειπὼν
777 918 879 982 ὅπῃ
929 920 1191 983 χωρήσειν
1241 920 1470 981 ἔμελλεν,
1522 920 1668 981 ἡλίου

255 986 496 1038 δύναντος
539 988 630 1047 ἦγε
670 986 762 1048 τὴν
807 987 1059 1051 στρατιὰν
1102 987 1163 1036 δι᾽
1197 990 1319 1048 ὅλης
1364 995 1454 1047 τῆς
1491 989 1670 1045 νυκτὸς

255 1056 340 1103 ἐπὶ
388 1056 481 1117 τὴν
533 1054 864 1120 Καρχηδόνα.
939 1057 1026 1105 καὶ
1075 1058 1236 1119 αὐτὴν
1285 1060 1390 1120 ἅμα
1441 1061 1521 1122 ἕῳ,
1570 1062 1668 1108 τῶν

255 1127 468 1185 Λιβύων
507 1124 967 1187 καταπλαγέντων,
1011 1127 1445 1188 περιταφρεύσας,
1491 1128 1539 1179 ἐς
1577 1127 1667 1189 τὴν

254 1194 507 1242 ἐπιοῦσαν
555 1193 745 1257 ἡμέραν
794 1195 1114 1256 ἡτοιμάζετο,
1166 1196 1425 1257 κλίμακάς
1476 1217 1530 1246 τε
1584 1198 1668 1245 καὶ

252 1261 491 1328 μηχανὰς
539 1262 713 1325 πάντῃ
765 1263 1056 1324 περιτιθείς,
1106 1264 1267 1328 χωρὶς
1316 1264 1422 1317 ἑνὸς
1471 1264 1665 1329 μέρους,

252 1330 283 1392 ᾗ
328 1331 385 1378 τὸ
427 1331 520 1393 μὲν
560 1334 734 1396 τεῖχος
772 1332 833 1391 ἦν
872 1332 1226 1396 βραχύτατον,
1271 1334 1388 1385 ἕλος
1438 1334 1479 1381 δ᾽
1530 1335 1665 1397 αὐτῷ

253 1399 340 1445 καὶ
384 1399 639 1447 θάλασσα
686 1399 1024 1463 προσέκλυζε,
1069 1400 1155 1449 καὶ
1206 1400 1265 1447 δι᾽
1310 1400 1437 1450 αὐτὸ
1488 1403 1574 1449 καὶ
1622 1404 1667 1450 οἱ

252 1467 483 1531 φύλακες
524 1469 726 1531 ἀμελῶς
765 1468 922 1531 εἶχον.
997 1469 1176 1521 νυκτὸς
1218 1469 1270 1517 δὲ
1319 1469 1493 1518 πάντα
1533 1477 1659 1531 πλη-

250 1536 424 1599 ρώσας
470 1537 647 1596 βελῶν
696 1536 782 1585 καὶ
829 1537 1008 1594 λίθων,
1057 1537 1145 1585 καὶ
1194 1542 1299 1590 τοῖς
1350 1537 1529 1600 λιμέσι
1577 1544 1665 1600 τῆς

250 1604 451 1653 πόλεως
493 1608 616 1654 ναῦς
665 1604 975 1667 ἐπιστήσας,
1028 1604 1110 1656 ἵνα
1148 1604 1219 1666 μὴ
1255 1607 1308 1655 αἱ
1350 1612 1462 1667 νῆες
1512 1607 1665 1656 αὐτὸν

252 1672 307 1720 αἱ
332 1675 434 1723 τῶν
460 1672 726 1735 πολεμίων
753 1674 1052 1736 διαφύγοιεν
1079 1675 1203 1737 (ὑπὸ
1230 1675 1329 1737 γὰρ
1359 1675 1417 1738 δὴ
1443 1684 1662 1739 μεγαλο-

250 1741 457 1807 ψυχίας
493 1743 682 1804 ἤλπιζε
719 1743 926 1794 πάντως
965 1741 1199 1806 αἱρήσειν
1227 1743 1316 1807 τὴν
1342 1745 1537 1807 πόλιν),
1567 1746 1663 1802 πρὸ

251 1810 314 1857 ἕω
360 1808 452 1873 τὴν
493 1809 749 1873 στρατιὰν
798 1809 1115 1873 ἀνεβίβαζεν
1154 1813 1239 1861 ἐπὶ
1279 1812 1370 1867 τὰς
1408 1813 1660 1879 μηχανάς,

249 1878 367 1930 τοὺς
390 1879 482 1942 μὲν
511 1879 704 1929 ἄνωθεν
725 1880 977 1945 ἐγχειρεῖν
999 1880 1222 1929 κελεύων
1245 1886 1349 1934 τοῖς
1376 1881 1660 1940 πολεμίοις,

248 1948 365 2000 τοὺς
406 1948 457 1996 δὲ
499 1949 637 1996 κάτω
678 1948 769 1999 τὰς
809 1948 1050 2014 μηχανὰς
1095 1950 1244 1998 ὠθεῖν
1281 1951 1330 2004 ἐς
1368 1948 1424 2000 τὸ
1464 1950 1659 2016 πρόσω.

248 2017 452 2078 Μάγων
479 2017 529 2065 δὲ
556 2017 671 2068 τοὺς
698 2017 789 2077 μὲν
815 2016 1024 2076 μυρίους
1044 2018 1304 2076 ἐπέστησε
1332 2024 1445 2072 ταῖς
1469 2023 1659 2075 πύλαις

247 2086 312 2134 ὡς
359 2084 767 2146 ἐκπηδήσοντας,
818 2086 902 2134 ὅτε
952 2087 1126 2147 καιρὸς
1176 2088 1268 2147 εἴη,
1316 2088 1448 2150 μετὰ
1494 2088 1661 2150 μόνων

249 2154 410 2216 ξιφῶν
438 2156 517 2216 (οὐ
556 2153 654 2216 γὰρ
694 2154 820 2203 εἶναι
859 2154 1073 2217 δόρασιν
1111 2157 1162 2204 ἐν
1201 2159 1362 2220 στενῷ
1388 2158 1658 2221 χρῆσθαι),

246 2222 362 2271 τοὺς
392 2222 443 2271 δὲ
493 2222 688 2273 ἄλλους
738 2224 787 2273 ἐς
848 2225 938 2273 τὰς
988 2225 1233 2285 ἐπάλξεις
1297 2227 1495 2288 ἀνῆγεν.
1572 2229 1658 2274 καὶ

243 2290 423 2337 πολλὰ
451 2292 536 2339 καὶ
573 2292 656 2339 ὅδε
691 2293 1044 2358 μηχανήματα
1084 2293 1168 2341 καὶ
1206 2294 1384 2346 λίθους
1411 2294 1500 2344 καὶ
1522 2294 1656 2355 βέλη

247 2451 331 2491 168
