1747 2693
133 317 227 346 CAP.

168 358 207 384 IV

326 172 621 212 APPIAN'S
670 171 908 212 ROMAN
955 170 1262 220 HISTORY,
1308 170 1485 211 BOOK
1535 167 1597 210 VI

254 295 339 343 καί
391 295 723 344 καταπέλτας
785 294 1078 353 ἐπιστήσας
1140 294 1309 357 εἴχετο
1373 296 1462 341 τοῦ
1516 293 1662 355 ἔργου

251 371 541 434 προθύμως.
584 369 856 431 γενομένης
884 368 936 417 δὲ
960 369 1093 428 βοῆς
1119 368 1205 415 καὶ
1233 368 1661 430 παρακελεύσεως

252 446 578 507 ἑκατέρωθεν,
624 444 876 506 οὐδέτεροι
918 442 1009 506 μὲν
1050 440 1206 505 ὁρμῆς
1248 442 1335 491 καὶ
1378 440 1662 505 προθυμίας

251 522 528 574 ἐνέλειπον,
572 517 656 566 καὶ
695 517 874 570 λίθους
918 537 973 566 τε
1013 517 1100 564 καὶ
1141 516 1275 575 βέλη
1323 518 1408 564 καὶ
1451 516 1661 564 ἀκόντια

251 597 502 660 ἀφιέντες,
532 595 576 641 οἱ
602 595 692 654 μὲν
726 594 830 641 ἀπὸ
864 595 1068 657 χειρῶν,
1100 589 1147 639 οἱ
1179 591 1228 640 δὲ
1263 589 1367 640 ἀπὸ
1400 594 1662 657 μηχανῶν,

251 671 297 718 οἱ
324 669 375 718 δὲ
403 667 506 718 ἀπὸ
535 667 831 733 σφενδόνης,
862 668 908 715 εἴ
932 666 986 714 τέ
1007 687 1081 718 τις
1107 666 1169 727 ἦν
1196 665 1335 726 ἄλλη
1362 666 1663 729 παρασκευὴ

251 746 336 795 καὶ
365 746 590 804 δύναμις,
619 745 844 806 ἐχρῶντο
874 741 1147 803 προθύμως
1177 741 1391 788 ἅπασιν.

327 826 403 867 21.
441 817 797 866 Ἐκακοπάθει
816 817 864 864 δὲ
884 816 948 865 τὰ
970 820 1060 865 τοῦ
1081 815 1382 869 Σκιπίωνος,
1403 816 1488 865 καὶ
1511 816 1556 865 οἱ
1574 816 1662 879 μύ-

248 917 347 959 ριοι
374 889 768 961 Καρχηδονίων,
784 890 834 940 οἳ
859 894 976 955 περὶ
1003 894 1093 943 τὰς
1120 893 1293 942 πύλας
1320 892 1471 951 ἦσαν,
1491 892 1642 956 ἐκδρα

249 969 427 1033 μόντες
461 970 556 1017 σὺν
588 971 692 1021 τοῖς
722 965 896 1030 ξίφεσι
934 969 1143 1030 γυμνοῖς
1172 965 1447 1014 ἐνέπιπτον
1474 967 1522 1018 ἐς
1549 967 1665 1018 τοὺς

251 1044 315 1093 τὰ
352 1044 707 1106 μηχανήματα
746 1043 1020 1095 ὠθοῦντας,
1050 1042 1138 1090 καὶ
1176 1041 1355 1089 πολλὰ
1383 1040 1472 1094 μὲν
1493 1040 1663 1101 ἔδρων,

252 1115 351 1177 οὐχ
376 1114 526 1173 ἥσσω
557 1110 595 1159 δ᾽
626 1110 978 1176 ἀντέπασχον,
1006 1109 1158 1174 μέχρι
1186 1112 1256 1173 τῷ
1283 1108 1553 1175 φιλοπόνῳ
1580 1111 1664 1158 καὶ

250 1179 572 1244 ταλαιπώρῳ
599 1180 662 1227 τὰ
687 1178 953 1238 Ῥωμαίων
982 1177 1325 1226 ὑπανίστατο.
1400 1179 1488 1227 καὶ
1512 1199 1664 1241 μετα-

249 1253 418 1312 βολῆς
435 1247 704 1310 γενομένης
723 1247 775 1295 οἵ
793 1268 847 1295 τε
875 1247 959 1294 ἐπὶ
981 1249 1080 1294 τῶν
1107 1248 1293 1309 τειχῶν
1312 1246 1529 1307 ἔκαμνον
1554 1246 1663 1307 ἤδη,

251 1318 335 1369 καὶ
358 1318 414 1367 αἱ
439 1315 688 1379 κλίμακες
715 1317 889 1367 αὐτοῖς
915 1316 1327 1377 προσεπέλαζον.
1368 1314 1413 1362 οἱ
1441 1314 1492 1364 δὲ
1518 1315 1665 1378 ξιφή-

250 1408 352 1452 ρεις
380 1389 481 1434 τῶν
499 1384 870 1450 Καρχηδονίων
898 1384 946 1435 ἐς
973 1383 1063 1436 τὰς
1083 1382 1255 1434 πύλας
1272 1381 1562 1449 ἐσέτρεχον,
1581 1384 1666 1432 καὶ

252 1456 661 1505 ἀποκλείσαντες
723 1452 880 1503 αὐτὰς
930 1452 1198 1512 ἀνεπήδων
1247 1451 1332 1500 ἐπὶ
1387 1451 1451 1500 τὰ
1500 1450 1664 1517 τείχη.

252 1524 338 1573 καὶ
366 1528 469 1573 τοῖς
494 1520 764 1585 Ῥωμαίοις
793 1522 937 1572 αὖθις
964 1520 1025 1580 ἦν
1053 1518 1076 1567 ὁ
1105 1520 1259 1571 πόνος
1286 1520 1450 1570 πολύς
1490 1541 1545 1568 τε
1584 1520 1667 1568 καὶ

252 1590 504 1660 χαλεπός,
556 1592 603 1644 ἐς
666 1590 722 1639 οὗ
784 1586 1016 1639 Σκιπίων
1066 1587 1089 1636 ὁ
1154 1588 1447 1651 στρατηγὸς
1496 1588 1665 1654 πάντῃ

253 1660 503 1724 περιθέων
530 1680 586 1708 τε
611 1660 698 1707 καὶ
734 1660 874 1719 βοῶν
919 1659 1005 1705 καὶ
1046 1660 1372 1718 παρακαλῶν
1412 1656 1512 1705 εἶδε
1549 1660 1666 1722 περὶ

252 1727 598 1790 μεσημβρίαν,
628 1727 657 1791 ᾗ
697 1727 755 1775 τὸ
797 1727 978 1791 βραχὺ
1016 1729 1185 1788 τεῖχος
1228 1727 1287 1784 ἦν
1330 1726 1415 1774 καὶ
1454 1725 1510 1774 τὸ
1552 1726 1665 1778 ἕλος

256 1797 593 1862 προσέκλυζε,
621 1794 712 1857 τὴν
740 1794 1027 1844 θάλασσαν
1056 1795 1449 1858 ὑποχωροῦσαν·
1490 1793 1665 1855 ἄμπω-

255 1888 329 1918 τις
356 1865 456 1929 γὰρ
482 1865 730 1929 ἐφήμερος
759 1864 917 1912 ἔστιν.
993 1863 1077 1910 καὶ
1107 1861 1129 1909 ὁ
1158 1861 1359 1910 κλύδων
1393 1861 1539 1927 ἐπῄει
1577 1862 1668 1927 μὲν

255 1937 303 1988 ἐς
328 1933 574 1995 μαστούς,
601 1933 860 1998 ὑπεχώρει
887 1932 937 1980 δὲ
976 1932 1024 1984 ἐς
1047 1930 1211 1993 μέσας
1249 1931 1456 1994 κνήμας.
1543 1931 1664 1994 ὅπερ

256 2003 279 2051 ὁ
308 2001 542 2053 Σκιπίων
569 2001 685 2051 τότε
710 2001 844 2056 ἰδών,
874 2001 959 2047 καὶ
985 2001 1104 2060 περὶ
1142 2004 1231 2062 τῆς
1269 2000 1472 2063 φύσεως
1510 2000 1667 2049 αὐτοῦ

256 2072 558 2135 πυθόμενος,
585 2072 649 2124 ὡς
689 2071 799 2135 ἔχοι
842 2070 899 2117 τὸ
939 2068 1127 2116 λοιπὸν
1171 2072 1259 2129 τῆς
1303 2069 1505 2132 ἡμέρας,
1546 2070 1665 2133 πρὶν

255 2141 558 2189 ἐπανελθεῖν
584 2140 642 2187 τὸ
669 2137 914 2199 πέλαγος,
943 2138 1045 2185 ἔθει
1077 2136 1248 2199 πάντῃ
1281 2137 1438 2194 βοῶν,
1468 2140 1604 2186 "νῦν
1643 2136 1665 2184 ὁ

257 2208 446 2272 καιρός,
512 2208 547 2256 ὦ
610 2208 801 2270 ἄνδρες,
854 2209 940 2255 νῦν
1002 2203 1026 2254 ὁ
1086 2203 1359 2268 σύμμαχός
1419 2225 1506 2267 μοι
1557 2204 1666 2257 θεὸς

257 2281 490 2338 ἀφῖκται.
552 2279 770 2338 πρόσιτε
796 2277 865 2338 τῷ
891 2272 1029 2338 μέρει
1057 2272 1182 2338 τῷδε
1221 2277 1309 2321 τοῦ
1355 2273 1575 2338 τείχους.
1636 2278 1666 2336 ἡ

256 2347 510 2393 θάλασσα
553 2345 671 2403 ἡμῖν
717 2341 1112 2407 ὑποκεχώρηκεν
1204 2341 1382 2406 φέρετε
1423 2341 1516 2393 τὰς
1558 2341 1666 2390 κλί-

254 2436 437 2477 μακας,
466 2414 564 2476 ἐγὼ
592 2410 630 2461 δ᾽
657 2409 965 2475 ἡγήσομαι."

258 2516 345 2552 170
