1747 2693
128 272 225 303 CAP.

166 312 208 339 IV

324 134 620 173 APPIAN'S
669 134 906 175 ROMAN
954 135 1262 187 HISTORY,
1309 136 1487 179 BOOK
1537 136 1600 178 VI

321 263 395 304 22.
440 258 544 306 Καὶ
582 260 786 321 πρῶτος
826 259 1077 321 ἁρπάσας
1113 260 1227 307 τινὰ
1260 262 1361 308 τῶν
1398 260 1663 323 κλιμάκων

247 331 495 396 μετέφερέ
519 352 575 380 τε
599 332 686 381 καὶ
715 332 1001 392 ἀνέβαινεν,
1031 333 1173 382 οὔπω
1201 334 1334 388 τινὸς
1371 334 1664 389 ἀναβάντος

249 406 433 463 ἄλλου,
460 407 616 469 μέχρι
642 408 984 472 περισχόντες
1012 409 1167 458 αὐτὸν
1208 410 1262 457 οἵ
1297 430 1353 457 τε
1393 410 1663 459 ὑπασπισ-

247 484 331 529 ταὶ
361 482 446 527 καὶ
472 482 500 542 ἡ
531 482 671 543 ἄλλη
701 483 924 543 στρατιὰ
950 483 1096 532 τόνδε
1120 484 1211 545 μὲν
1249 484 1492 549 ἐπέσχον,
1521 485 1665 534 αὐτοὶ

247 556 299 604 δὲ
349 556 556 609 πολλὰς
598 555 723 619 ὁμοῦ
765 555 1022 619 κλίμακας
1062 559 1446 623 προσετίθεσάν
1489 581 1543 609 τε
1581 562 1665 608 καὶ

247 631 529 693 ἀνεπήδων.
602 633 732 692 βοῆς
771 632 823 681 δὲ
860 633 948 681 καὶ
986 633 1142 696 ὁρμῆς
1181 634 1492 697 ἑκατέρωθεν
1527 655 1663 698 γενο-

243 706 410 769 μένης,
440 706 527 755 καὶ
554 705 810 756 ποικίλων
838 708 998 771 ἔργων
1026 709 1113 757 καὶ
1144 709 1343 767 παθῶν,
1372 709 1664 771 ἐκράτησαν

243 780 378 843 ὅμως
423 780 470 829 οἱ
512 780 772 844 Ῥωμαῖοι,
819 781 906 831 καὶ
945 784 1160 846 πύργων
1203 787 1352 832 τινῶν
1395 786 1664 846 ἐπέβησαν

245 854 452 917 ὀλίγων,
482 855 555 908 οἷς
583 855 606 904 ὁ
635 855 869 907 Σκιπίων
897 857 1199 910 σαλπικτὰς
1228 858 1312 907 καὶ
1340 859 1663 913 βυκανιστὰς

245 930 537 994 ἐπιστήσας
583 931 868 994 ἐξοτρύνειν
910 933 1154 982 ἐκέλευσε
1194 935 1281 983 καὶ
1323 937 1564 996 θορυβεῖν
1602 937 1665 989 ὡς

244 1010 334 1069 τῆς
361 1005 563 1059 πόλεως
591 1007 895 1068 εἰλημμένης
933 1008 1041 1068 ἤδη.
1115 1009 1278 1072 ἕτεροί
1314 1031 1370 1058 τε
1405 1009 1663 1074 περιθέον-

244 1102 325 1132 τες
353 1081 536 1145 ὁμοίως
581 1081 944 1145 διετάρασσον.
1020 1084 1107 1132 καὶ
1150 1084 1500 1145 καθαλόμενοί
1534 1108 1662 1138 τινες

243 1156 471 1221 ἀνέῳξαν
497 1161 569 1221 τῷ
595 1156 848 1209 Σκιπίωνι
873 1157 964 1212 τὰς
990 1159 1179 1211 πύλας·
1250 1159 1273 1207 ὁ
1302 1159 1341 1207 δ᾽
1370 1159 1661 1223 ἐσεπήδησε

245 1234 374 1296 μετὰ
402 1237 492 1295 τῆς
520 1236 774 1296 στρατιᾶς
798 1232 985 1297 δρόμῳ.
1060 1235 1148 1284 καὶ
1174 1238 1275 1284 τῶν
1313 1236 1454 1285 ἔνδον
1492 1236 1540 1287 οἱ
1573 1236 1660 1297 μὲν

243 1308 291 1358 ἐς
335 1306 429 1358 τὰς
467 1308 631 1358 οἰκίας
674 1308 1072 1371 ἀπεδίδρασκον,
1117 1308 1140 1358 ὁ
1192 1309 1243 1359 δὲ
1294 1311 1498 1372 Μάγων
1547 1312 1663 1365 τοὺς

240 1383 453 1445 μυρίους
478 1384 527 1438 ἐς
564 1383 658 1445 τὴν
700 1383 893 1447 ἀγορὰν
939 1385 1231 1434 συνεκάλει.
1307 1386 1445 1451 ταχὺ
1484 1386 1535 1435 δὲ
1577 1388 1658 1435 καὶ

242 1457 439 1506 τούτων
465 1459 883 1515 κατακοπέντων,
913 1461 960 1511 ἐς
988 1459 1082 1520 τὴν
1120 1459 1282 1522 ἄκραν
1327 1460 1425 1510 σὺν
1468 1459 1657 1524 ὀλίγοις

241 1534 506 1598 ἀνεχώρει.
582 1538 670 1583 τοῦ
698 1534 748 1583 δὲ
786 1533 1074 1587 Σκιπίωνος
1114 1535 1200 1584 καὶ
1240 1535 1327 1584 ἐπὶ
1366 1535 1458 1597 τὴν
1498 1535 1660 1603 ἄκραν

243 1602 392 1652 εὐθὺς
418 1601 666 1656 ἐπιόντος,
694 1601 835 1652 οὐδὲν
869 1602 943 1651 ἔτι
985 1603 1108 1661 δρᾶν
1136 1603 1233 1651 σὺν
1271 1603 1571 1667 ἡττημένοις
1608 1628 1660 1654 τε

243 1671 332 1719 καὶ
381 1672 775 1735 κατεπτηχόσιν
824 1673 958 1736 ἔχων
1008 1673 1319 1737 ἐνεχείρισεν
1369 1675 1552 1724 ἑαυτὸν
1591 1679 1659 1740 τῷ

245 1735 515 1789 Σκιπίωνι.

314 1813 388 1854 23.
429 1807 490 1855 Ὁ
521 1808 571 1857 δὲ
598 1808 765 1872 τόλμῃ
797 1809 885 1859 καὶ
916 1810 1050 1874 τύχῃ
1089 1811 1247 1859 πόλιν
1273 1812 1549 1872 εὐδαίμονα
1574 1813 1659 1860 καὶ

242 1877 462 1938 δυνατὴν
502 1877 632 1926 ἑλὼν
670 1877 833 1944 ἡμέρᾳ
868 1881 977 1945 μιᾷ,
1010 1878 1228 1943 τετάρτῃ
1269 1882 1358 1940 τῆς
1395 1878 1474 1927 ἐπ᾽
1502 1878 1659 1942 αὐτὴν

243 1945 482 2010 ἀφίξεως,
512 1947 704 2010 ἐπῇρτο
728 1947 980 2009 μεγάλως,
1004 1947 1091 1996 καὶ
1105 1950 1312 2009 μᾶλλον
1338 1949 1499 1996 ἐδόκει
1525 1950 1657 1996 κατὰ

240 2013 356 2062 θεὸν
402 2015 599 2064 ἕκαστα
641 2015 780 2080 δρᾶν,
827 2015 982 2069 αὐτός
1022 2037 1077 2064 τε
1121 2017 1279 2069 οὕτως
1330 2015 1530 2081 ἐφρόνει
1573 2024 1657 2065 καὶ

240 2083 399 2133 οὕτως
439 2084 731 2146 ἐλογοποίει
758 2083 844 2133 καὶ
871 2082 986 2132 τότε
1012 2082 1098 2134 καὶ
1126 2086 1175 2137 ἐς
1201 2083 1288 2133 τὸν
1316 2083 1497 2135 ἔπειτα
1521 2083 1655 2142 βίον,

238 2152 519 2215 ἀρξάμενος
580 2153 635 2215 ἐξ
694 2150 901 2201 ἐκείνου.
1011 2152 1272 2207 πολλάκις
1330 2157 1454 2215 γοῦν
1503 2154 1551 2207 ἐς
1601 2154 1656 2205 τὸ

241 2221 582 2269 Καπιτώλιον
618 2221 759 2285 ἐσῄει
783 2220 952 2284 μόνος,
980 2221 1066 2270 καὶ
1093 2220 1184 2274 τὰς
1211 2221 1366 2287 θύρας
1397 2221 1654 2272 ἐπέκλειεν

239 2289 417 2353 ὥσπερ
454 2311 504 2339 τι
540 2289 685 2353 παρὰ
722 2294 812 2339 τοῦ
852 2291 969 2339 θεοῦ
990 2290 1281 2354 μανθάνων.
1355 2291 1442 2339 καὶ
1468 2295 1555 2341 νῦν
1582 2291 1652 2340 ἔτι

239 2355 331 2416 τὴν
358 2356 527 2406 εἰκόνα
565 2355 656 2419 τὴν
692 2355 980 2411 Σκιπίωνος
1018 2361 1069 2406 ἐν
1103 2362 1215 2411 ταῖς
1241 2362 1477 2421 πομπαῖς
1499 2362 1653 2422 μόνου

244 2479 324 2520 172
