1747 2693
331 157 624 196 APPIAN'S
674 156 909 196 ROMAN
959 155 1267 208 HISTORY,
1313 155 1490 197 BOOK
1540 156 1602 197 VI

254 277 604 344 προσφέρουσιν
630 277 686 325 ἐκ
712 279 802 325 τοῦ
830 276 1189 332 Καπιτωλίου,
1219 279 1319 326 τῶν
1345 276 1383 324 δ᾽
1412 276 1590 328 ἄλλων
1617 279 1668 340 ἐξ

254 347 444 410 ἀγορᾶς
492 347 749 410 φέρονται.
823 344 939 393 τότε
1000 345 1041 392 δ᾽
1091 345 1340 409 εἰρηνικὸν
1399 348 1524 408 ὁμοῦ
1584 349 1665 394 καὶ

253 414 538 477 πολεμικὸν
577 416 807 475 ταμιεῖον
843 416 1191 474 παραλαβών,
1219 416 1361 463 ὅπλα
1400 435 1455 462 τε
1491 416 1668 463 πολλὰ

252 484 304 533 ἐν
324 485 461 546 αὐτῷ
489 482 576 531 καὶ
600 482 737 543 βέλη
765 482 851 530 καὶ
876 482 1231 544 μηχανήματα
1258 482 1343 530 καὶ
1370 482 1668 535 νεωσοίκους

252 552 339 600 καὶ
377 555 496 602 ναῦς
535 549 734 613 μακρὰς
768 554 901 613 τρεῖς
943 552 1030 598 καὶ
1068 553 1363 614 τριάκοντα,
1401 555 1489 599 καὶ
1527 555 1670 599 σῖτον

253 620 341 668 καὶ
381 620 574 683 ἀγορὰν
613 617 874 679 ποικίλην,
918 618 1005 667 καὶ
1046 617 1307 683 ἐλέφαντα
1347 619 1431 668 καὶ
1471 619 1669 685 χρυσὸν

252 689 340 738 καὶ
367 688 604 751 ἄργυρον,
631 687 718 736 τὸν
756 687 846 745 μὲν
884 687 936 734 ἐν
961 687 1170 735 σκεύεσι
1195 688 1556 745 πεποιημένον,
1584 688 1670 738 τὸν

254 757 305 804 δὲ
332 757 603 817 ἐπίσημον,
630 756 718 805 τὸν
757 755 806 802 δὲ
835 755 1151 816 ἀσήμαντον,
1179 756 1344 818 ὅμηρά
1371 777 1426 805 τε
1453 756 1670 819 Ἰβήρων

253 825 339 873 καὶ
364 825 696 890 αἰχμάλωτα,
726 824 810 872 καὶ
852 824 954 871 ὅσα
991 822 1259 887 Ῥωμαίων
1296 825 1464 873 αὐτῶν
1504 825 1669 890 προεί-

251 901 442 953 ληπτο,
471 894 583 941 ἔθυε
611 897 700 953 τῆς
726 893 974 952 ἐπιούσης
1000 893 1085 941 καὶ
1112 892 1437 955 ἐθριάμβευε,
1466 895 1552 942 καὶ
1579 893 1670 955 τὴν

253 960 506 1025 στρατιὰν
531 960 721 1025 ἐπῄνει,
749 960 836 1009 καὶ
875 965 935 1023 τῇ
970 960 1124 1009 πόλει
1147 961 1278 1023 μετὰ
1303 962 1395 1022 τὴν
1422 962 1671 1025 στρατιὰν

252 1029 569 1092 ἐδημηγόρει,
598 1033 699 1079 τῶν
730 1050 785 1078 τε
812 1025 1115 1080 Σκιπιώνων
1146 1029 1333 1083 αὐτοὺς
1372 1031 1670 1091 ἀναμνήσας

251 1100 448 1147 ἀπέλυε
486 1100 605 1149 τοὺς
640 1099 1009 1164 αἰχμαλώτους
1046 1098 1095 1151 ἐς
1126 1098 1189 1146 τὰ
1230 1098 1349 1154 ἴδια,
1378 1099 1670 1163 θεραπεύων

251 1166 343 1218 τὰς
369 1166 566 1220 πόλεις.
608 1167 845 1231 ἀριστεῖα
874 1166 914 1213 δ᾽
940 1165 1105 1215 ἐδίδου
1132 1168 1202 1232 τῷ
1226 1167 1317 1231 μὲν
1343 1167 1391 1221 ἐς
1417 1170 1475 1217 τὸ
1500 1173 1670 1233 τεῖχος

251 1235 511 1296 ἀναβάντι
548 1235 737 1296 πρώτῳ
774 1235 1015 1296 μέγιστα,
1056 1238 1125 1298 τῷ
1164 1235 1205 1284 δ᾽
1243 1237 1356 1299 ἑξῆς
1393 1235 1457 1284 τὰ
1486 1235 1671 1299 ἡμίσεα

252 1304 463 1356 τούτων,
513 1307 583 1368 τῷ
620 1304 672 1352 δὲ
712 1304 865 1368 τρίτῳ
906 1303 972 1352 τὰ
1010 1307 1159 1366 τρίτα
1203 1305 1290 1352 καὶ
1334 1307 1438 1357 τοῖς
1489 1305 1668 1357 ἄλλοις

251 1372 386 1421 κατὰ
411 1372 585 1434 λόγον.
660 1372 724 1421 τὰ
750 1372 801 1421 δὲ
826 1372 991 1421 λοιπὰ
1017 1372 1067 1425 ἐς
1090 1371 1291 1435 Ῥώμην
1317 1374 1555 1438 ἔπεμψεν
1587 1375 1670 1422 ἐπὶ

252 1444 352 1489 τῶν
398 1440 717 1503 εἰλημμένων
757 1444 896 1497 νεῶν,
925 1442 1025 1490 ὅσα
1051 1443 1248 1505 χρυσὸς
1284 1444 1317 1503 ἢ
1354 1444 1575 1504 ἄργυρος
1611 1445 1671 1504 ἦν

249 1510 280 1570 ἢ
309 1511 513 1571 ἐλέφας.
589 1511 617 1571 ἡ
655 1510 746 1572 μὲν
774 1510 832 1571 δὴ
860 1509 1014 1563 πόλις
1042 1510 1184 1559 ἔθυεν
1212 1511 1296 1559 ἐπὶ
1323 1514 1457 1574 τρεῖς
1482 1512 1671 1575 ἡμέρας

252 1579 317 1627 ὡς
343 1583 432 1640 τῆς
457 1578 703 1643 πατρῴας
731 1576 1010 1642 εὐπραξίας
1027 1578 1083 1626 ἐκ
1103 1576 1275 1627 πόνων
1291 1582 1507 1627 πολλῶν
1528 1580 1669 1627 αὖθις

251 1647 668 1707 ἀνακυπτούσης,
731 1647 758 1707 ἡ
823 1646 875 1695 δὲ
935 1646 1142 1710 Ἰβηρία
1203 1648 1288 1696 καὶ
1348 1649 1396 1696 οἱ
1444 1650 1495 1696 ἐν
1543 1650 1669 1711 αὐτῇ

252 1717 486 1767 Φοίνικες
528 1716 1003 1778 κατεπεπλήγεσαν
1044 1719 1114 1781 τῷ
1150 1715 1352 1780 μεγέθει
1392 1716 1480 1765 καὶ
1519 1716 1670 1782 τάχει

251 1787 341 1833 τοῦ
367 1785 713 1846 τολμήματος.

933 1987 973 2027 V

322 2099 398 2140 24.
436 2092 498 2139 Ὁ
546 2092 598 2140 δὲ
640 2091 869 2156 φρουρὰν
907 2092 999 2154 μὲν
1042 2094 1343 2158 Καρχηδόνι
1396 2094 1669 2156 ἐπέστησε,

250 2167 337 2217 καὶ
375 2167 433 2217 τὸ
471 2171 641 2234 τεῖχος
682 2167 923 2216 ἐκέλευσε
962 2167 1017 2216 τὸ
1056 2168 1200 2232 παρὰ
1228 2167 1320 2231 τὴν
1347 2169 1586 2233 ἄμπωτιν
1624 2174 1672 2223 ἐς

255 2243 387 2307 ὕψος
428 2243 634 2307 ἐγεῖραι·
711 2243 804 2302 τὴν
848 2242 887 2290 δ᾽
938 2242 1110 2304 ἄλλην
1154 2244 1384 2307 Ἰβηρίαν
1424 2244 1578 2297 αὐτός
1618 2267 1670 2294 τε

252 2318 408 2364 ἐπιὼν
459 2317 544 2366 καὶ
592 2316 709 2367 τοὺς
759 2315 944 2381 φίλους
985 2318 1034 2369 ἐς
1081 2318 1282 2366 ἕκαστα
1330 2318 1669 2382 περιπέμπων

253 2392 496 2453 ὑπήγετο,
559 2392 645 2439 καὶ
706 2392 880 2440 τἆλλα
941 2391 1005 2440 τὰ
1068 2391 1353 2457 ἀντέχοντα
1415 2396 1663 2455 ἐβιάζετο.

255 2495 341 2537 174

130 298 226 328 CAP.

167 337 209 366 IV

129 2112 224 2144 CAP.

162 2153 184 2179 V
