1747 2693
94 309 191 338 CAP.

128 349 151 376 V

292 169 586 209 APPIAN'S
637 169 873 210 ROMAN
922 168 1228 221 HISTORY,
1275 168 1450 210 BOOK
1502 168 1564 210 VI

219 293 589 358 Καρχηδονίων
626 291 665 339 δ'
694 291 741 342 οἱ
779 291 1064 354 στρατηγοί
1098 291 1185 339 δύο
1212 291 1323 339 ὄντε
1349 292 1518 339 λοιπὼ
1546 295 1630 339 καὶ

217 361 305 411 δύο
330 360 649 424 Ἀσδρούβα,
678 359 702 408 ὁ
728 360 819 422 μὲν
846 362 936 407 τοῦ
963 360 1286 423 Ἀμίλχαρος
1311 361 1628 424 πορρωτάτω

215 430 363 495 παρὰ
390 430 749 489 Κελτίβηρσιν
788 427 1090 490 ἐξενολόγει,
1121 427 1143 475 ὁ
1172 427 1224 477 δὲ
1251 431 1341 476 τοῦ
1369 428 1629 480 Γέσκωνος

218 501 266 550 ἐς
290 500 382 560 μὲν
420 497 511 548 τὰς
551 497 728 549 πόλεις
766 497 857 549 τὰς
884 496 958 545 ἔτι
981 495 1238 557 βεβαίους
1265 497 1629 560 περιέπεμπεν,

219 568 375 629 ἀξιῶν
405 563 780 629 Καρχηδονίοις
801 564 1030 628 ἐμμένειν
1057 566 1122 616 ὡς
1149 568 1401 630 στρατιᾶς
1427 567 1633 614 ἐλευσο-

216 635 369 698 μένης
418 633 605 684 αὐτίκα
655 632 870 698 ἀπείρου
919 633 974 682 τὸ
1026 633 1242 693 πλῆθος,
1295 634 1533 697 Μάγωνα
1593 634 1633 682 δ᾽

219 706 389 767 ἕτερον
450 705 499 756 ἐς
560 704 623 752 τὰ
684 701 915 763 πλησίον
977 700 1296 764 περιέπεμπε
1345 706 1633 766 ξενολογεῖν

219 771 407 821 ὁπόθεν
444 771 695 832 δυνηθείη,
724 771 809 819 καὶ
837 770 988 822 αὐτὸς
1017 771 1064 823 ἐς
1092 769 1182 832 τὴν
1209 772 1386 832 Λέρσα
1413 776 1510 832 γῆν
1536 777 1634 819 τῶν

219 841 588 904 ἀφισταμένων
639 840 873 896 ἐνέβαλε,
937 838 1026 886 καί
1087 860 1201 887 τινα
1262 840 1430 888 αὐτῶν
1481 839 1634 890 πόλιν

220 910 405 971 ἔμελλε
443 909 830 971 πολιορκήσειν.
904 908 1240 971 ἐπιφανέντος
1279 906 1331 957 δὲ
1368 910 1509 971 αὐτῷ
1548 913 1635 958 τοῦ

220 979 509 1029 Σκιπίωνος
548 978 595 1028 ἐς
636 976 897 1037 Βαιτύκην
947 976 1221 1040 ὑπεχώρει,
1262 977 1350 1026 καὶ
1399 977 1498 1039 πρὸ
1547 983 1635 1039 τῆς

220 1047 422 1096 πόλεως
484 1045 972 1108 ἐστρατοπέδευσεν·
1061 1045 1184 1092 ἔνθα
1244 1049 1333 1106 τῆς
1394 1045 1635 1107 ἐπιούσης

221 1115 368 1165 εὐθὺς
420 1115 640 1173 ἡσσᾶτο,
684 1114 767 1163 καὶ
808 1113 896 1162 τὸν
939 1112 1152 1177 χάρακα
1202 1113 1361 1162 αὐτοῦ
1412 1114 1497 1163 καὶ
1546 1114 1636 1175 τὴν

220 1184 481 1242 Βαιτύκην
507 1183 701 1234 ἔλαβεν
725 1182 747 1231 ὁ
776 1179 1022 1232 Σκιπίων.

294 1257 368 1298 25.
398 1251 460 1298 Ὁ
486 1251 537 1298 δὲ
558 1251 650 1313 τὴν
669 1250 922 1313 στρατιὰν
944 1250 1035 1313 τὴν
1058 1251 1429 1316 Καρχηδονίων
1451 1251 1543 1315 τὴν
1565 1251 1637 1301 ἔτι

223 1321 384 1368 οὖσαν
424 1321 475 1369 ἐν
512 1319 716 1380 Ἰβηρία
755 1319 1030 1379 συνέλεγεν
1067 1320 1115 1370 ἐς
1143 1319 1431 1378 Καρμώνην
1464 1325 1637 1377 πόλιν,

224 1391 290 1439 ὡς
329 1387 454 1442 ὁμοῦ
500 1392 662 1436 πᾶσιν
701 1387 1044 1450 ἀμυνούμενος
1082 1386 1168 1437 τὸν
1199 1388 1478 1439 Σκιπίωνα.
1553 1391 1638 1439 καὶ

224 1459 361 1521 αὐτῷ
401 1457 663 1518 συνῆλθον
700 1457 893 1505 πολλοὶ
928 1457 1019 1520 μὲν
1057 1455 1295 1519 Ἰβήρων,
1324 1459 1410 1509 οὓς
1437 1459 1638 1521 Μάγων

222 1526 333 1588 ἦγε,
361 1526 555 1574 πολλοὶ
580 1526 631 1573 δὲ
657 1524 929 1587 Νομάδων,
959 1524 1026 1574 ὧν
1053 1524 1183 1589 ἦρχε
1209 1527 1636 1587 Μασσανάσσης.

224 1594 311 1643 καὶ
359 1594 554 1643 τούτων
598 1593 621 1642 ὁ
660 1593 751 1657 μὲν
796 1593 1125 1657 Ἀσδρούβας
1172 1593 1303 1657 μετὰ
1340 1597 1438 1643 τῶν
1476 1598 1639 1657 πεζῶν

226 1664 326 1713 ὑπὸ
363 1664 559 1728 χάρακι
596 1662 1046 1726 ἐστρατοπέδευεν,
1074 1662 1097 1711 ὁ
1136 1662 1188 1711 δὲ
1227 1663 1639 1725 Μασσανάσσης

224 1731 312 1780 καὶ
355 1732 378 1779 ὁ
425 1732 626 1793 Μάγων
666 1732 1051 1796 ἱππαρχοῦντες
1092 1732 1229 1794 αὐτῷ
1267 1731 1638 1794 προηυλίζοντο

224 1804 314 1848 τοῦ
376 1799 748 1864 στρατοπέδου.
840 1800 937 1848 ὧδε
996 1800 1045 1848 δὲ
1109 1800 1320 1865 ἔχουσιν
1379 1802 1557 1853 αὐτοῖς
1617 1799 1641 1851 ὁ

225 1867 456 1918 Σκιπίων
482 1867 599 1919 τοὺς
624 1867 782 1920 ἰδίους
806 1867 1000 1921 ἱππέας
1026 1868 1290 1932 ἐπιδιῄρει,
1310 1869 1396 1917 καὶ
1422 1868 1640 1918 Λαίλιον

222 1937 313 1998 μὲν
363 1937 449 1987 ἐπὶ
499 1937 740 1997 Μάγωνα
789 1938 1033 1996 ἔπεμπεν,
1077 1938 1228 1989 αὐτὸς
1270 1938 1307 1986 δ᾽
1350 1938 1435 1986 ἐπὶ
1483 1940 1638 1986 Μασ-

225 2006 505 2066 σανάσσην
545 2006 813 2067 ἐτράπετο.
884 2005 1038 2069 μέχρι
1076 2006 1166 2067 μὲν
1204 2007 1291 2054 οὖν
1328 2008 1461 2059 τινὸς
1494 2008 1555 2068 ἦν
1592 2008 1640 2055 ἐν

226 2077 386 2137 ἀγῶνι
427 2075 512 2123 καὶ
556 2073 692 2136 πόνῳ
735 2073 991 2138 δυσχερεῖ,
1043 2077 1142 2123 τῶν
1182 2074 1436 2135 Νομάδων
1486 2074 1640 2124 αὐτὸν

227 2143 594 2204 ἀκοντιζόντων
642 2163 697 2190 τε
746 2143 831 2190 καὶ
882 2141 1308 2206 ὑποχωρούντων,
1358 2141 1446 2193 εἶτ᾽
1496 2144 1639 2196 αὖθις

225 2210 630 2261 ἐπελαυνόντων·
694 2212 759 2262 ὡς
822 2210 871 2259 δὲ
934 2213 1286 2274 παρήγγειλεν
1337 2210 1360 2260 ὁ
1410 2209 1642 2262 Σκιπίων

226 2281 615 2342 ἀμεταστρεπτὶ
664 2280 862 2328 διώκειν
917 2279 1115 2334 αὐτούς,
1165 2279 1229 2327 τὰ
1279 2279 1468 2343 δόρατα
1518 2301 1639 2343 προ-

225 2347 507 2407 βαλόντας,
550 2350 639 2396 οὐκ
684 2348 890 2413 ἔχοντες
934 2348 1271 2413 ἀναστροφὴν
1315 2349 1361 2397 οἱ
1404 2349 1638 2411 Νομάδες

226 2416 518 2480 κατέφυγον
567 2418 615 2467 ἐς
664 2417 721 2463 τὸ
773 2416 1141 2478 στρατόπεδον.
1216 2416 1302 2464 καὶ
1342 2416 1365 2464 ὁ
1411 2414 1639 2467 Σκιπίων

232 2510 314 2564 176
