<?xml version="1.0" encoding="UTF-8"?>
<PcGts xmlns:xsi="http://www.w3.org/2001/XMLSchema-instance" xmlns="http://schema.primaresearch.org/PAGE/gts/pagecontent/2013-07-15" xsi:schemaLocation="http://schema.primaresearch.org/PAGE/gts/pagecontent/2013-07-15 http://schema.primaresearch.org/PAGE/gts/pagecontent/2013-07-15/pagecontent.xsd">
	<Metadata>
		<Creator/>
		<Created>2014-06-10T02:27:25</Created>
		<LastChange>2014-06-10T02:27:25</LastChange>
	</Metadata>
	<Page imageFilename="0194.jpg" imageWidth="1747" imageHeight="2693">
		<TextRegion type="paragraph" id="r1">
			<Coords points="113,328 225,335 219,428 116,419 104,369"/>
			<TextLine id="r35">
				<Coords points="137,344 200,344 200,345 202,345 202,346 204,346 204,347 205,347 205,350 206,350 206,357 207,357 207,365 214,365 214,366 216,366 216,369 217,369 216,369 216,371 215,371 215,373 214,373 214,374 135,374 135,375 134,375 134,374 130,374 130,373 127,373 127,372 125,372 125,370 124,370 124,369 123,369 123,368 122,368 122,366 121,366 121,363 120,363 120,360 119,360 120,360 120,353 121,353 121,350 122,350 122,348 123,348 123,347 124,347 124,346 126,346 126,345 128,345 128,344 137,344 137,343"/>
				<Word id="r1000">
					<Coords points="128,344 199,344 203,346 204,349 205,357 214,366 218,369 217,375 131,373 125,371 121,365 120,362 120,352 121,349 125,345 127,345"/>
					<TextEquiv>
						<Unicode>CAP.</Unicode>
					</TextEquiv>
				</Word>
				<TextEquiv>
					<Unicode>CAP.</Unicode>
				</TextEquiv>
			</TextLine>
			<TextLine id="r36">
				<Coords points="179,384 179,385 178,385 178,387 177,387 177,389 176,389 176,391 175,391 175,392 174,392 174,393 173,393 173,399 172,399 172,401 171,401 171,403 170,403 170,406 169,406 169,409 168,409 168,412 167,412 167,413 167,412 166,412 166,411 165,411 165,410 164,410 164,407 163,407 163,403 162,403 162,401 161,401 161,398 160,398 160,395 159,395 159,393 158,393 158,390 157,390 157,389 156,389 156,387 154,387 154,386 153,386 153,385 154,385 154,384"/>
				<Word id="r1001">
					<Coords points="154,384 182,384 176,394 175,396 169,413 166,414 164,408 163,404 162,401 161,399 159,393 158,391 153,385"/>
					<TextEquiv>
						<Unicode>V</Unicode>
					</TextEquiv>
				</Word>
				<TextEquiv>
					<Unicode>V</Unicode>
				</TextEquiv>
			</TextLine>
		</TextRegion>
		<TextRegion type="paragraph" id="r2">
			<Coords points="307,194 237,336 234,2616 1693,2611 1685,183 550,175"/>
			<TextLine id="r101">
				<Coords points="493,204 1565,206 1567,207 1600,205 1590,242 1592,247 1591,248 1256,249 1254,252 1252,254 1251,256 1248,258 1245,259 1234,249 599,248 594,247 318,246 318,244 326,235 327,233 328,230 332,222 333,219 334,217 337,208 338,206 339,205 492,205"/>
				<Word id="r1002">
					<Coords points="339,205 612,205 613,207 613,229 614,232 614,235 613,241 610,245 604,247 598,247 593,246 318,245 326,235 328,231 329,228 333,220 334,217 335,215 338,206"/>
					<TextEquiv>
						<Unicode>APPIAN&apos;S</Unicode>
					</TextEquiv>
				</Word>
				<Word id="r1003">
					<Coords points="664,205 900,205 900,207 898,207 898,208 897,208 897,209 896,209 896,216 895,216 895,223 894,223 894,245 874,245 874,246 733,246 733,247 725,247 725,248 725,247 719,247 719,246 663,246 664,246"/>
					<TextEquiv>
						<Unicode>ROMAN</Unicode>
					</TextEquiv>
				</Word>
				<Word id="r1005">
					<Coords points="951,205 1020,205 1020,206 1062,206 1062,207 1202,207 1202,206 1203,206 1203,207 1237,207 1236,207 1236,208 1235,208 1235,209 1234,209 1234,210 1233,210 1233,212 1232,212 1232,213 1231,213 1231,214 1230,214 1230,215 1229,215 1229,216 1228,216 1228,218 1227,218 1227,224 1226,224 1226,230 1225,230 1225,235 1224,235 1224,238 1251,238 1251,239 1255,239 1255,244 1256,244 1255,244 1255,247 1254,247 1254,249 1253,249 1253,251 1252,251 1252,253 1251,253 1251,254 1250,254 1250,255 1249,255 1249,256 1248,256 1248,257 1243,257 1244,257 1244,255 1245,255 1245,254 1246,254 1246,251 1247,251 1247,247 1132,247 1132,246 948,246 949,246 949,242 950,242 950,223 951,223"/>
					<TextEquiv>
						<Unicode>HISTORY,</Unicode>
					</TextEquiv>
				</Word>
				<Word id="r1008">
					<Coords points="1307,206 1477,206 1477,242 1478,242 1478,243 1479,243 1479,244 1480,244 1480,245 1481,245 1479,245 1479,246 1415,246 1415,247 1359,247 1359,246 1304,246 1305,246 1305,244 1306,244 1306,243 1307,243"/>
					<TextEquiv>
						<Unicode>BOOK</Unicode>
					</TextEquiv>
				</Word>
				<Word id="r1010">
					<Coords points="1534,206 1588,206 1590,207 1590,247 1577,247 1546,246 1544,244 1542,238 1541,233 1540,229 1538,225 1537,221 1535,216 1534,213 1533,209"/>
					<TextEquiv>
						<Unicode>VI</Unicode>
					</TextEquiv>
				</Word>
				<TextEquiv>
					<Unicode>APPIAN&apos;S ROMAN HISTORY, BOOK VI</Unicode>
				</TextEquiv>
			</TextLine>
			<TextLine id="r102">
				<Coords points="446,325 1343,326 1360,327 1629,329 1631,332 1632,335 1655,358 1655,360 1654,363 1653,364 1635,364 1633,370 1631,373 1628,374 1624,376 1163,378 1149,392 423,392 420,393 418,393 414,391 395,390 381,376 246,375 244,374 243,370 244,365 246,357 256,346 257,328 445,326"/>
				<Word id="r1011">
					<Coords points="447,326 472,349 499,349 499,356 498,359 497,363 494,365 490,369 486,372 484,374 478,376 440,377 424,391 419,392 414,391 413,390 395,390 380,375 245,374 243,373 243,369 244,364 245,360 246,357 257,346 257,328 443,328"/>
					<TextEquiv>
						<Unicode>ἀποσχών</Unicode>
					</TextEquiv>
				</Word>
				<Word id="r1012">
					<Coords points="570,326 614,326 635,347 680,348 682,362 684,365 683,368 678,373 609,375 572,375 569,374 565,371 562,367 562,360 563,357 565,354 567,329"/>
					<TextEquiv>
						<Unicode>δέκα</Unicode>
					</TextEquiv>
				</Word>
				<Word id="r1013">
					<Coords points="865,326 869,327 904,327 924,347 983,347 986,348 989,350 990,358 986,359 985,374 984,378 978,380 972,378 752,374 749,373 747,372 745,369 744,363 745,360 747,356 750,352 751,351 753,350 756,349 761,348 839,348 859,328"/>
					<TextEquiv>
						<Unicode>σταδίους</Unicode>
					</TextEquiv>
				</Word>
				<Word id="r1014">
					<Coords points="1340,326 1343,327 1359,327 1365,330 1383,348 1520,349 1522,350 1523,355 1522,360 1519,364 1512,371 1508,374 1505,375 1503,376 1164,376 1147,391 1131,376 1057,375 1054,374 1052,371 1051,369 1050,364 1051,358 1053,354 1062,338 1063,329 1064,328 1337,328"/>
					<TextEquiv>
						<Unicode>ἐστρατοπέδευσεν</Unicode>
					</TextEquiv>
				</Word>
				<Word id="r1015">
					<Coords points="1625,329 1630,331 1631,334 1632,336 1653,358 1653,363 1634,364 1632,367 1631,371 1629,373 1626,374 1624,375 1623,376 1589,375 1586,373 1584,370 1583,367 1583,362 1584,359 1586,355 1587,354 1592,350 1595,349 1600,348"/>
					<TextEquiv>
						<Unicode>εὐ-</Unicode>
					</TextEquiv>
				</Word>
				<TextEquiv>
					<Unicode>ἀποσχών δέκα σταδίους ἐστρατοπέδευσεν εὐ-</Unicode>
				</TextEquiv>
			</TextLine>
			<TextLine id="r103">
				<Coords points="508,400 1552,404 1554,405 1617,406 1619,407 1637,425 1658,425 1658,428 1657,436 1654,442 1651,445 1647,448 1644,449 1640,451 1618,452 1575,453 1562,466 1520,467 491,466 490,465 488,455 433,453 248,450 244,448 242,445 241,442 241,438 242,435 245,431 250,428 254,426 260,425 350,424 368,406 371,404 373,403 501,402 504,401 507,401"/>
				<Word id="r1016">
					<Coords points="374,403 377,404 380,406 410,406 412,407 434,423 443,424 446,425 449,427 450,430 447,433 445,441 444,451 439,453 434,452 247,449 243,447 242,445 241,442 241,438 242,435 245,432 249,429 251,427 254,426 260,425 349,425 368,406 371,404"/>
					<TextEquiv>
						<Unicode>σταθῶς</Unicode>
					</TextEquiv>
				</Word>
				<Word id="r1017">
					<Coords points="508,401 512,402 534,423 612,423 616,425 618,428 619,431 619,435 618,439 617,441 614,446 610,449 597,450 594,465 490,465 488,434 487,431 488,429 489,428 497,415 498,407 503,402"/>
					<TextEquiv>
						<Unicode>ᾗπερ</Unicode>
					</TextEquiv>
				</Word>
				<Word id="r1018">
					<Coords points="781,402 793,410 796,411 800,413 811,423 900,423 906,426 921,440 925,445 924,449 921,452 693,452 683,461 670,451 665,450 660,447 658,443 659,433 660,430 670,420 670,404 672,403 778,403"/>
					<TextEquiv>
						<Unicode>ἐβούλετο.</Unicode>
					</TextEquiv>
				</Word>
				<Word id="r1019">
					<Coords points="1017,402 1021,403 1023,404 1051,424 1059,425 1060,427 1058,433 1057,435 1055,438 1048,445 1045,447 1041,449 1025,451 1024,453 1023,457 1022,460 1021,462 1018,465 1016,464 1016,461 1003,442 1000,433 999,431 1000,428 1008,413 1013,403"/>
					<TextEquiv>
						<Unicode>ἦν</Unicode>
					</TextEquiv>
				</Word>
				<Word id="r1020">
					<Coords points="1094,403 1130,404 1133,410 1134,413 1135,418 1138,424 1139,427 1138,429 1136,430 1135,449 1133,450 1124,450 1094,449 1092,448 1090,446 1088,442 1087,438 1088,433 1090,431 1091,428 1092,407 1093,404"/>
					<TextEquiv>
						<Unicode>δὲ</Unicode>
					</TextEquiv>
				</Word>
				<Word id="r1021">
					<Coords points="1186,404 1190,405 1191,407 1192,427 1192,437 1191,443 1190,445 1188,453 1187,455 1186,460 1184,464 1180,464 1180,461 1168,444 1164,434 1165,431 1179,412 1180,406 1181,405"/>
					<TextEquiv>
						<Unicode>ἡ</Unicode>
					</TextEquiv>
				</Word>
				<Word id="r1022">
					<Coords points="1269,403 1292,424 1309,427 1308,431 1307,433 1306,436 1305,438 1303,439 1301,443 1299,445 1296,446 1294,447 1292,449 1288,450 1238,451 1222,465 1219,463 1225,445 1227,437 1228,434 1229,430 1230,427 1231,425 1245,425"/>
					<TextEquiv>
						<Unicode>μὲν</Unicode>
					</TextEquiv>
				</Word>
				<Word id="r1023">
					<Coords points="1391,405 1395,407 1413,424 1435,425 1435,430 1434,434 1432,437 1431,439 1423,447 1417,450 1416,451 1349,451 1345,450 1344,441 1336,432 1337,428 1338,426 1340,425 1365,425 1382,408 1387,406"/>
					<TextEquiv>
						<Unicode>τῶν</Unicode>
					</TextEquiv>
				</Word>
				<Word id="r1024">
					<Coords points="1475,404 1551,404 1553,405 1616,406 1618,407 1636,425 1657,426 1656,432 1655,437 1653,441 1649,445 1645,448 1642,449 1640,450 1639,451 1617,451 1575,452 1561,466 1486,466 1470,451 1467,450 1464,448 1463,446 1462,440 1463,434 1464,431 1466,428 1474,412"/>
					<TextEquiv>
						<Unicode>ἐχθρῶν</Unicode>
					</TextEquiv>
				</Word>
				<TextEquiv>
					<Unicode>σταθῶς ᾗπερ ἐβούλετο. ἦν δὲ ἡ μὲν τῶν ἐχθρῶν</Unicode>
				</TextEquiv>
			</TextLine>
			<TextLine id="r104">
				<Coords points="597,476 1501,478 1628,481 1633,482 1635,483 1654,501 1657,502 1658,503 1658,507 1654,508 1653,526 1651,528 1649,529 1648,530 1293,532 1289,535 1286,536 1082,538 1079,540 310,541 292,527 288,526 246,525 243,523 240,518 240,513 241,510 242,508 244,505 248,503 250,501 254,500 281,500 303,478 305,477 596,477"/>
				<Word id="r1025">
					<Coords points="306,477 329,499 501,500 504,516 503,519 497,525 446,525 328,527 316,541 310,542 294,527 289,526 287,525 245,524 242,522 240,518 240,513 241,510 242,508 244,505 248,503 250,501 254,500 281,500 303,478"/>
					<TextEquiv>
						<Unicode>σύμπασα</Unicode>
					</TextEquiv>
				</Word>
				<Word id="r1026">
					<Coords points="551,477 601,477 621,497 721,497 747,498 749,499 752,501 752,507 749,508 748,523 746,527 745,528 743,529 681,530 671,539 658,526 548,524 545,522 543,519 543,509 544,507 547,504 549,478"/>
					<TextEquiv>
						<Unicode>δύναμις</Unicode>
					</TextEquiv>
				</Word>
				<Word id="r1027">
					<Coords points="795,477 800,478 1075,478 1096,496 1100,497 1173,497 1175,512 1177,515 1175,519 1171,523 1169,524 1144,524 1094,525 1080,538 1077,540 1076,539 1008,539 995,526 789,525 784,523 782,521 781,519 780,513 781,508 783,504 788,499 789,480 790,478"/>
					<TextEquiv>
						<Unicode>ἑπτακισμύριοι</Unicode>
					</TextEquiv>
				</Word>
				<Word id="r1028">
					<Coords points="1287,478 1337,478 1339,484 1341,488 1342,491 1343,493 1344,512 1346,515 1346,517 1345,519 1343,520 1342,523 1340,525 1338,526 1297,528 1294,531 1291,532 1287,535 1282,536 1262,526 1254,525 1211,524 1208,511 1205,503 1206,502 1210,499 1258,498 1265,498 1282,481 1285,479"/>
					<TextEquiv>
						<Unicode>πεζοὶ</Unicode>
					</TextEquiv>
				</Word>
				<Word id="r1029">
					<Coords points="1445,478 1449,480 1451,486 1454,492 1455,513 1458,516 1457,519 1456,521 1452,525 1449,526 1446,525 1373,523 1374,519 1377,510 1378,506 1379,503 1381,499 1396,498 1423,498"/>
					<TextEquiv>
						<Unicode>καὶ</Unicode>
					</TextEquiv>
				</Word>
				<Word id="r1030">
					<Coords points="1496,478 1503,481 1627,481 1632,482 1634,483 1651,500 1655,502 1657,505 1652,507 1651,527 1648,529 1644,528 1511,525 1487,524 1486,523 1484,519 1485,514 1488,502 1490,498 1492,479"/>
					<TextEquiv>
						<Unicode>ἱππεῖς</Unicode>
					</TextEquiv>
				</Word>
				<TextEquiv>
					<Unicode>σύμπασα δύναμις ἑπτακισμύριοι πεζοὶ καὶ ἱππεῖς</Unicode>
				</TextEquiv>
			</TextLine>
			<TextLine id="r105">
				<Coords points="910,549 913,551 1478,551 1500,573 1653,573 1656,575 1656,578 1655,581 1641,582 1640,593 1638,597 1634,599 1615,600 1412,601 1397,616 532,616 529,617 503,618 502,619 486,603 247,602 246,601 245,595 238,584 239,580 240,577 242,575 244,574 297,573 535,573 558,550 908,550"/>
				<Word id="r1031">
					<Coords points="559,550 570,560 572,561 575,563 586,573 664,574 667,588 666,593 664,600 551,600 549,601 533,615 530,616 528,617 502,617 501,618 485,602 246,601 245,599 241,588 238,583 239,579 241,576 243,574 297,573 535,573"/>
					<TextEquiv>
						<Unicode>πεντακισχίλιοι</Unicode>
					</TextEquiv>
				</Word>
				<Word id="r1032">
					<Coords points="776,550 780,552 781,555 782,557 783,560 784,562 785,565 786,567 787,586 790,589 789,592 787,595 785,597 784,599 780,600 776,599 704,598 703,595 705,591 706,588 707,584 708,581 709,577 711,573 713,572 727,571 754,571 774,551"/>
					<TextEquiv>
						<Unicode>καὶ</Unicode>
					</TextEquiv>
				</Word>
				<Word id="r1033">
					<Coords points="909,550 917,556 942,556 958,572 1095,572 1099,574 1101,577 1101,581 1097,582 1095,600 1092,602 1090,603 941,604 929,615 914,600 835,599 831,597 829,595 828,593 827,588 829,581 830,579 839,562 840,553 841,552 906,552"/>
					<TextEquiv>
						<Unicode>ἐλέφαντες</Unicode>
					</TextEquiv>
				</Word>
				<Word id="r1034">
					<Coords points="1154,551 1158,553 1186,555 1197,559 1197,562 1196,564 1195,565 1194,581 1190,583 1188,607 1187,610 1184,612 1176,613 1173,613 1155,599 1149,598 1146,596 1144,595 1142,591 1142,583 1144,579 1145,559 1146,558"/>
					<TextEquiv>
						<Unicode>ἓξ</Unicode>
					</TextEquiv>
				</Word>
				<Word id="r1035">
					<Coords points="1310,551 1312,552 1313,553 1316,559 1317,563 1319,567 1322,587 1323,591 1322,594 1318,598 1316,599 1315,600 1292,600 1236,597 1237,593 1239,588 1240,585 1242,577 1243,574 1244,573 1260,572 1289,572"/>
					<TextEquiv>
						<Unicode>καὶ</Unicode>
					</TextEquiv>
				</Word>
				<Word id="r1036">
					<Coords points="1477,551 1499,573 1652,573 1654,574 1654,578 1647,581 1642,589 1641,593 1639,596 1637,599 1614,599 1412,600 1395,615 1376,600 1372,599 1371,593 1363,578 1365,574 1367,573 1454,573 1475,552"/>
					<TextEquiv>
						<Unicode>τριάκοντα·</Unicode>
					</TextEquiv>
				</Word>
				<TextEquiv>
					<Unicode>πεντακισχίλιοι καὶ ἐλέφαντες ἓξ καὶ τριάκοντα·</Unicode>
				</TextEquiv>
			</TextLine>
			<TextLine id="r106">
				<Coords points="272,623 1526,625 1528,626 1648,628 1653,635 1655,641 1657,664 1660,667 1658,670 1656,671 1655,674 1654,675 1349,675 1336,687 1335,688 1183,688 1181,690 992,691 980,679 272,678 241,676 240,676 239,633 238,630 241,629 264,629"/>
				<Word id="r1037">
					<Coords points="272,624 275,626 401,626 423,648 488,649 489,656 492,664 492,666 490,670 488,673 486,674 485,675 272,677 240,675 239,633 238,630 241,629 266,629"/>
					<TextEquiv>
						<Unicode>Σκιπίωνι</Unicode>
					</TextEquiv>
				</Word>
				<Word id="r1038">
					<Coords points="530,626 562,627 567,637 569,648 570,653 569,673 567,674 531,674 529,673 526,672 523,670 521,667 521,660 522,657 523,655 525,653 527,628 529,627"/>
					<TextEquiv>
						<Unicode>δὲ</Unicode>
					</TextEquiv>
				</Word>
				<Word id="r1039">
					<Coords points="688,625 711,647 793,647 794,649 794,655 792,661 790,664 787,665 785,669 781,672 775,674 610,674 610,667 600,654 601,650 602,649 618,648 664,648 686,626"/>
					<TextEquiv>
						<Unicode>τούτων</Unicode>
					</TextEquiv>
				</Word>
				<Word id="r1040">
					<Coords points="892,625 925,626 926,629 927,633 929,637 930,641 931,647 933,648 934,650 934,653 932,672 928,674 831,673 826,672 824,670 823,666 822,661 823,657 825,653 828,649 829,648 831,647 843,647 864,626 891,626"/>
					<TextEquiv>
						<Unicode>οὐδὲ</Unicode>
					</TextEquiv>
				</Word>
				<Word id="r1041">
					<Coords points="1170,625 1194,647 1224,647 1288,649 1288,653 1287,657 1286,660 1284,662 1282,666 1277,669 1274,672 1268,674 1196,675 1183,687 1180,690 992,690 973,674 970,668 962,655 961,653 962,651 964,648 966,647 1146,647"/>
					<TextEquiv>
						<Unicode>τριτημόριον</Unicode>
					</TextEquiv>
				</Word>
				<Word id="r1042">
					<Coords points="1333,626 1333,627 1338,627 1338,628 1340,628 1340,629 1341,629 1341,630 1343,630 1343,631 1344,631 1344,632 1345,632 1345,633 1347,633 1347,634 1348,634 1348,635 1350,635 1350,636 1351,636 1351,637 1352,637 1352,638 1354,638 1354,639 1355,639 1355,640 1356,640 1356,641 1358,641 1358,642 1359,642 1359,643 1361,643 1361,644 1362,644 1362,645 1363,645 1363,646 1365,646 1365,647 1366,647 1366,648 1367,648 1367,649 1375,649 1375,653 1374,653 1374,657 1373,657 1373,659 1372,659 1372,661 1371,661 1371,663 1369,663 1369,665 1387,665 1387,666 1389,666 1389,667 1390,667 1390,668 1391,668 1391,672 1389,672 1389,673 1387,673 1387,674 1340,674 1340,675 1339,675 1339,677 1338,677 1338,679 1337,679 1337,683 1336,683 1336,686 1331,686 1331,684 1330,684 1330,682 1329,682 1329,681 1328,681 1328,679 1327,679 1327,678 1326,678 1326,676 1325,676 1325,675 1324,675 1324,673 1323,673 1323,672 1322,672 1322,670 1321,670 1321,669 1320,669 1320,667 1319,667 1319,666 1318,666 1318,663 1317,663 1317,660 1316,660 1316,657 1315,657 1315,655 1314,655 1315,655 1315,653 1316,653 1316,651 1317,651 1317,649 1318,649 1318,647 1319,647 1319,646 1320,646 1320,644 1321,644 1321,642 1322,642 1322,641 1323,641 1323,639 1324,639 1324,638 1325,638 1325,634 1326,634 1326,630 1327,630 1327,629 1329,629 1329,628 1331,628 1331,627 1333,627"/>
					<TextEquiv>
						<Unicode>ἦν.</Unicode>
					</TextEquiv>
				</Word>
				<Word id="r1044">
					<Coords points="1478,625 1525,625 1529,627 1535,639 1536,645 1540,653 1541,656 1541,661 1540,665 1538,669 1537,672 1534,673 1475,673 1471,671 1470,670 1468,666 1467,662 1468,658 1470,654 1472,652 1472,630 1474,627 1477,626"/>
					<TextEquiv>
						<Unicode>διὸ</Unicode>
					</TextEquiv>
				</Word>
				<Word id="r1045">
					<Coords points="1646,628 1650,631 1652,634 1654,640 1655,648 1654,655 1654,674 1575,673 1575,669 1579,657 1580,655 1581,651 1582,649 1584,648 1599,647 1626,647"/>
					<TextEquiv>
						<Unicode>καὶ</Unicode>
					</TextEquiv>
				</Word>
				<TextEquiv>
					<Unicode>Σκιπίωνι δὲ τούτων οὐδὲ τριτημόριον ἦν. διὸ καὶ</Unicode>
				</TextEquiv>
			</TextLine>
			<TextLine id="r107">
				<Coords points="766,698 769,699 1325,701 1327,702 1330,706 1509,707 1511,708 1525,722 1589,722 1643,724 1644,730 1659,751 1658,755 1657,758 1652,763 1650,764 329,768 240,765 239,763 240,760 242,752 243,749 244,745 245,742 246,738 247,735 248,731 251,725 253,724 275,724 297,702 299,701 762,700"/>
				<Word id="r1046">
					<Coords points="299,701 322,723 388,723 390,737 393,741 391,745 388,748 386,749 385,750 350,750 349,756 348,759 347,761 346,764 338,766 304,766 240,764 239,762 240,759 242,751 243,748 244,744 245,741 246,737 247,734 248,730 250,726 251,725 253,724 275,724 297,702"/>
					<TextEquiv>
						<Unicode>μέχρι</Unicode>
					</TextEquiv>
				</Word>
				<Word id="r1047">
					<Coords points="524,701 553,723 560,724 563,725 565,726 566,727 566,732 563,733 562,749 557,754 555,755 552,754 549,751 443,750 442,741 433,730 434,726 437,724 439,723 500,723"/>
					<TextEquiv>
						<Unicode>τινὸς</Unicode>
					</TextEquiv>
				</Word>
				<Word id="r1048">
					<Coords points="766,699 770,701 821,701 825,704 837,706 839,707 854,721 857,722 858,723 859,727 873,741 874,745 873,750 871,751 870,754 828,755 827,757 823,759 820,760 815,761 804,750 619,749 616,748 614,747 611,741 612,733 613,730 623,720 623,703 625,702 762,701"/>
					<TextEquiv>
						<Unicode>ἐνεδοίαζε,</Unicode>
					</TextEquiv>
				</Word>
				<Word id="r1049">
					<Coords points="993,700 996,701 997,703 999,709 1001,713 1002,716 1004,735 1007,739 1006,742 1004,745 1000,749 996,750 993,749 922,748 921,747 920,745 921,743 925,731 926,729 927,725 928,723 929,722 931,721 970,721"/>
					<TextEquiv>
						<Unicode>καὶ</Unicode>
					</TextEquiv>
				</Word>
				<Word id="r1050">
					<Coords points="1122,701 1145,721 1195,721 1220,722 1223,723 1227,726 1228,729 1227,731 1223,732 1221,751 1217,753 1195,755 1192,761 1191,762 1166,763 1127,763 1053,760 1053,756 1054,752 1059,737 1060,733 1063,724 1064,723 1066,722 1099,722"/>
					<TextEquiv>
						<Unicode>μάχης</Unicode>
					</TextEquiv>
				</Word>
				<Word id="r1051">
					<Coords points="1322,701 1325,702 1329,705 1330,713 1335,727 1334,733 1333,736 1330,742 1325,747 1323,748 1322,749 1285,749 1281,747 1279,744 1278,733 1279,730 1283,726 1288,722 1300,722"/>
					<TextEquiv>
						<Unicode>οὐ</Unicode>
					</TextEquiv>
				</Word>
				<Word id="r1052">
					<Coords points="1503,707 1503,708 1509,708 1509,709 1511,709 1511,710 1512,710 1512,711 1513,711 1513,712 1514,712 1514,713 1515,713 1515,714 1516,714 1516,715 1517,715 1517,716 1518,716 1518,717 1519,717 1519,718 1520,718 1520,719 1521,719 1521,720 1522,720 1522,721 1523,721 1523,722 1588,722 1588,723 1615,723 1615,724 1642,724 1642,730 1643,730 1643,732 1642,732 1642,735 1641,735 1641,737 1640,737 1640,738 1639,738 1639,739 1638,739 1638,740 1637,740 1637,742 1636,742 1636,743 1635,743 1635,744 1634,744 1634,746 1653,746 1653,747 1655,747 1655,748 1656,748 1656,749 1657,749 1657,751 1656,751 1656,755 1655,755 1655,757 1654,757 1654,759 1653,759 1653,760 1650,760 1650,761 1648,761 1648,762 1588,762 1588,763 1587,763 1587,764 1587,763 1504,763 1504,762 1503,762 1503,761 1502,761 1502,760 1501,760 1501,759 1500,759 1500,758 1499,758 1499,757 1498,757 1498,756 1497,756 1497,755 1496,755 1496,754 1495,754 1495,753 1494,753 1494,752 1493,752 1493,751 1492,751 1492,750 1491,750 1491,749 1386,749 1386,745 1387,745 1387,741 1388,741 1388,738 1389,738 1389,736 1390,736 1390,732 1391,732 1391,730 1392,730 1392,725 1393,725 1393,723 1444,723 1444,722 1486,722 1486,721 1487,721 1487,720 1488,720 1488,719 1490,719 1490,718 1491,718 1491,717 1492,717 1492,716 1493,716 1493,715 1495,715 1495,714 1496,714 1496,713 1497,713 1497,712 1498,712 1498,711 1500,711 1500,710 1501,710 1501,709 1502,709 1502,708 1503,708"/>
					<TextEquiv>
						<Unicode>κατῆρχεν,</Unicode>
					</TextEquiv>
				</Word>
				<TextEquiv>
					<Unicode>μέχρι τινὸς ἐνεδοίαζε, καὶ μάχης οὐ κατῆρχεν,</Unicode>
				</TextEquiv>
			</TextLine>
			<TextLine id="r108">
				<Coords points="1107,774 1130,796 1185,796 1208,797 1211,798 1215,800 1230,815 1232,819 1230,824 1228,825 1211,826 1208,828 1058,829 1048,839 896,839 885,840 853,839 463,836 453,826 251,824 243,823 241,820 241,811 242,809 257,794 257,778 259,777 1106,775"/>
				<Word id="r1054">
					<Coords points="259,777 359,777 360,779 360,787 358,790 350,791 349,819 347,822 344,823 250,823 242,822 241,820 241,811 242,809 257,794 257,778"/>
					<TextEquiv>
						<Unicode>ἀλλ᾽</Unicode>
					</TextEquiv>
				</Word>
				<Word id="r1055">
					<Coords points="406,778 548,778 551,779 554,781 557,782 596,783 599,784 603,786 614,797 641,797 684,798 684,800 682,802 678,803 676,807 675,813 674,816 671,820 669,822 666,823 576,824 545,825 533,826 523,836 463,836 452,825 392,824 390,819 389,815 390,812 391,810 393,808 394,806 405,787 406,779"/>
					<TextEquiv>
						<Unicode>ἀκροβολισ</Unicode>
					</TextEquiv>
				</Word>
				<Word id="r1056">
					<Coords points="768,779 772,780 774,781 792,797 798,799 800,800 801,803 799,806 797,814 796,823 792,827 790,828 700,828 690,837 688,833 689,829 693,817 694,813 697,804 698,800 699,797 746,797 764,780"/>
					<TextEquiv>
						<Unicode>μοῖς</Unicode>
					</TextEquiv>
				</Word>
				<Word id="r1057">
					<Coords points="845,776 851,779 948,779 965,796 1008,796 1013,797 1016,799 1018,803 1018,810 1017,813 1016,817 1012,821 1009,822 976,823 959,824 947,836 899,837 895,838 854,839 837,823 833,821 830,817 829,812 830,806 832,802 841,785"/>
					<TextEquiv>
						<Unicode>ἐχρῆτο</Unicode>
					</TextEquiv>
				</Word>
				<Word id="r1058">
					<Coords points="1107,775 1129,796 1184,796 1207,797 1210,798 1214,800 1230,816 1231,818 1230,820 1229,823 1227,824 1210,825 1208,827 1058,828 1047,838 1045,835 1046,832 1047,830 1049,824 1050,819 1052,813 1054,805 1055,802 1057,798 1080,798 1103,776"/>
					<TextEquiv>
						<Unicode>μόνοις.</Unicode>
					</TextEquiv>
				</Word>
				<TextEquiv>
					<Unicode>ἀλλ᾽ ἀκροβολισ μοῖς ἐχρῆτο μόνοις.</Unicode>
				</TextEquiv>
			</TextLine>
			<TextLine id="r109">
				<Coords points="756,848 1619,851 1621,852 1647,874 1654,875 1658,877 1660,880 1659,882 1657,884 1655,892 1654,901 1650,905 1574,908 1310,913 1306,914 1164,910 1155,900 383,899 313,897 313,868 315,864 317,861 330,858 360,856 429,853 434,850 755,849"/>
				<Word id="r1059">
					<Coords points="362,856 366,857 369,859 370,866 389,891 390,895 385,899 382,898 354,897 313,897 313,868 314,865 316,863 323,861 332,858 357,857 360,857"/>
					<TextEquiv>
						<Unicode>26.</Unicode>
					</TextEquiv>
				</Word>
				<Word id="r1060">
					<Coords points="436,850 438,851 568,852 569,854 570,857 573,863 574,866 576,886 579,889 576,895 573,899 447,898 447,880 433,862 432,856 431,854 433,851"/>
					<TextEquiv>
						<Unicode>Ἐπεὶ</Unicode>
					</TextEquiv>
				</Word>
				<Word id="r1061">
					<Coords points="616,850 644,850 645,853 645,856 643,861 640,863 632,864 631,887 629,892 627,896 623,897 621,898 615,898 609,895 608,893 607,890 607,885 608,881 610,878 613,852 615,851"/>
					<TextEquiv>
						<Unicode>δ᾽</Unicode>
					</TextEquiv>
				</Word>
				<Word id="r1062">
					<Coords points="756,849 767,858 771,860 782,870 908,870 910,871 940,872 941,875 939,881 938,883 936,886 929,893 926,895 924,896 921,897 920,898 675,898 669,896 667,893 666,889 666,884 667,881 669,879 678,861 680,852 682,851 754,850"/>
					<TextEquiv>
						<Unicode>ἐπέλειπεν</Unicode>
					</TextEquiv>
				</Word>
				<Word id="r1063">
					<Coords points="1016,850 1078,850 1100,872 1120,872 1121,875 1119,881 1116,887 1111,892 1107,895 1104,897 1101,898 1099,899 983,898 964,896 962,893 962,887 963,883 964,880 965,878 966,877 970,874 976,871 994,871 1014,851"/>
					<TextEquiv>
						<Unicode>αὐτὸν</Unicode>
					</TextEquiv>
				</Word>
				<Word id="r1064">
					<Coords points="1169,852 1172,853 1174,854 1174,873 1176,876 1176,884 1175,889 1174,892 1173,896 1172,899 1171,903 1170,905 1169,909 1164,909 1152,891 1148,881 1149,879 1163,860 1164,854 1165,853 1167,853"/>
					<TextEquiv>
						<Unicode>ἡ</Unicode>
					</TextEquiv>
				</Word>
				<Word id="r1065">
					<Coords points="1352,851 1356,853 1357,856 1359,860 1360,863 1362,867 1367,879 1369,888 1369,891 1366,897 1364,898 1363,899 1323,899 1321,900 1310,911 1307,913 1304,912 1253,912 1241,900 1211,899 1209,898 1207,895 1207,885 1208,883 1209,882 1222,861 1223,853 1348,853"/>
					<TextEquiv>
						<Unicode>ἀγορὰ</Unicode>
					</TextEquiv>
				</Word>
				<Word id="r1066">
					<Coords points="1473,851 1475,852 1477,856 1478,859 1479,863 1481,867 1482,887 1484,890 1483,894 1478,898 1476,899 1397,899 1396,896 1397,894 1399,888 1401,884 1404,875 1413,873 1421,872 1451,872"/>
					<TextEquiv>
						<Unicode>καὶ</Unicode>
					</TextEquiv>
				</Word>
				<Word id="r1067">
					<Coords points="1617,851 1621,853 1648,875 1654,876 1656,877 1659,879 1658,881 1655,883 1653,884 1651,903 1574,906 1569,908 1561,900 1513,899 1511,863 1510,859 1512,858 1610,858"/>
					<TextEquiv>
						<Unicode>λιμὸς</Unicode>
					</TextEquiv>
				</Word>
				<TextEquiv>
					<Unicode>26. Ἐπεὶ δ᾽ ἐπέλειπεν αὐτὸν ἡ ἀγορὰ καὶ λιμὸς</Unicode>
				</TextEquiv>
			</TextLine>
			<TextLine id="r110">
				<Coords points="876,924 1623,927 1625,928 1649,950 1653,951 1656,952 1659,954 1659,956 1658,958 1655,959 1653,978 1524,980 1513,990 1511,989 258,987 243,967 239,956 240,952 242,949 248,939 252,930 259,929 268,926 874,926"/>
				<Word id="r1068">
					<Coords points="268,926 288,945 426,945 431,946 433,947 435,950 436,952 436,954 435,963 434,965 431,969 426,972 392,973 274,974 259,987 257,984 246,971 244,966 239,957 240,953 242,949 249,939 250,935 252,931 263,928 267,927"/>
					<TextEquiv>
						<Unicode>ἥπτετο</Unicode>
					</TextEquiv>
				</Word>
				<Word id="r1069">
					<Coords points="542,929 547,930 550,932 551,939 554,950 553,956 552,960 550,964 548,967 544,971 542,972 541,973 473,972 473,963 464,952 466,948 472,946 520,946 536,930"/>
					<TextEquiv>
						<Unicode>τοῦ</Unicode>
					</TextEquiv>
				</Word>
				<Word id="r1070">
					<Coords points="804,928 812,938 815,949 828,964 829,966 830,969 829,973 828,975 823,981 659,984 651,987 637,973 588,972 584,970 581,964 581,959 582,956 586,952 591,948 594,947 600,946 782,945 798,929"/>
					<TextEquiv>
						<Unicode>στρατοῦ,</Unicode>
					</TextEquiv>
				</Word>
				<Word id="r1071">
					<Coords points="879,925 884,926 1064,926 1068,929 1077,932 1091,946 1128,946 1130,960 1133,962 1131,966 1129,969 1125,972 1123,973 1079,973 1063,987 1059,988 1055,987 1053,986 968,985 957,974 863,971 861,970 859,966 859,959 861,955 874,942 874,926"/>
					<TextEquiv>
						<Unicode>ἀναζεῦξαι</Unicode>
					</TextEquiv>
				</Word>
				<Word id="r1072">
					<Coords points="1209,926 1233,947 1251,947 1252,951 1251,955 1250,958 1245,964 1240,969 1237,971 1235,972 1232,973 1230,974 1174,974 1161,986 1159,982 1160,978 1166,960 1167,956 1168,953 1169,949 1171,946 1187,946"/>
					<TextEquiv>
						<Unicode>μὲν</Unicode>
					</TextEquiv>
				</Word>
				<Word id="r1073">
					<Coords points="1325,926 1328,927 1349,947 1370,948 1370,952 1368,961 1364,972 1363,973 1287,973 1284,972 1281,970 1279,966 1279,959 1280,955 1282,953 1284,950 1286,948 1288,947 1291,946 1302,946 1321,927"/>
					<TextEquiv>
						<Unicode>οὐκ</Unicode>
					</TextEquiv>
				</Word>
				<Word id="r1074">
					<Coords points="1452,927 1456,928 1624,928 1626,929 1647,950 1650,951 1654,952 1656,953 1658,955 1657,957 1652,958 1652,978 1524,978 1512,989 1497,974 1420,973 1417,972 1413,970 1411,967 1410,963 1411,960 1413,955 1416,950 1417,949 1421,947 1430,947"/>
					<TextEquiv>
						<Unicode>εὐπρεπὲς</Unicode>
					</TextEquiv>
				</Word>
				<TextEquiv>
					<Unicode>ἥπτετο τοῦ στρατοῦ, ἀναζεῦξαι μὲν οὐκ εὐπρεπὲς</Unicode>
				</TextEquiv>
			</TextLine>
			<TextLine id="r111">
				<Coords points="659,996 663,999 1463,1000 1464,1002 1622,1002 1646,1023 1652,1024 1656,1026 1659,1028 1660,1030 1657,1033 1655,1041 1654,1051 1650,1055 1343,1055 1341,1057 257,1061 245,1042 241,1032 242,1029 244,1026 256,1010 259,1003 481,1001 487,999 656,999"/>
				<Word id="r1075">
					<Coords points="259,1003 347,1003 353,1005 355,1006 370,1021 407,1021 410,1023 412,1024 413,1026 414,1032 413,1038 412,1040 410,1043 406,1047 404,1048 403,1049 304,1049 293,1060 258,1059 248,1047 246,1041 241,1032 244,1026 256,1012 257,1008 258,1006 259,1005"/>
					<TextEquiv>
						<Unicode>ἡγεῖτο</Unicode>
					</TextEquiv>
				</Word>
				<Word id="r1076">
					<Coords points="489,999 493,1000 515,1021 580,1021 584,1038 583,1041 582,1043 580,1045 577,1047 575,1048 469,1048 464,1049 462,1049 458,1047 455,1043 454,1041 453,1036 453,1034 454,1031 456,1028 458,1026 480,1003 482,1001 485,1000"/>
					<TextEquiv>
						<Unicode>εἶναι</Unicode>
					</TextEquiv>
				</Word>
				<Word id="r1077">
					<Coords points="659,997 663,1000 792,1000 811,1019 873,1019 876,1021 875,1028 858,1030 856,1034 853,1039 848,1042 846,1044 843,1046 839,1047 660,1049 629,1047 628,1005 630,1003 634,1002 653,1002"/>
					<TextEquiv>
						<Unicode>Σκιπίων·</Unicode>
					</TextEquiv>
				</Word>
				<Word id="r1078">
					<Coords points="971,1000 1087,1000 1107,1020 1232,1021 1235,1022 1238,1024 1238,1030 1235,1031 1234,1049 1231,1050 1229,1051 1100,1054 1093,1057 1084,1048 958,1047 955,1046 953,1045 951,1039 951,1029 952,1025 957,1015 961,1009 964,1005 967,1002 969,1002"/>
					<TextEquiv>
						<Unicode>θυσάμενος</Unicode>
					</TextEquiv>
				</Word>
				<Word id="r1079">
					<Coords points="1287,1000 1331,1000 1331,1028 1345,1042 1346,1047 1345,1051 1344,1053 1341,1055 1335,1057 1327,1049 1289,1048 1285,1047 1281,1045 1279,1041 1279,1033 1280,1030 1282,1027 1284,1003"/>
					<TextEquiv>
						<Unicode>δέ,</Unicode>
					</TextEquiv>
				</Word>
				<Word id="r1080">
					<Coords points="1461,1000 1467,1003 1469,1007 1470,1011 1471,1013 1474,1035 1475,1041 1473,1045 1470,1047 1462,1048 1390,1045 1391,1041 1392,1039 1394,1034 1398,1022 1439,1022"/>
					<TextEquiv>
						<Unicode>καὶ</Unicode>
					</TextEquiv>
				</Word>
				<Word id="r1081">
					<Coords points="1554,1002 1621,1002 1647,1024 1652,1025 1656,1027 1659,1029 1655,1033 1653,1034 1651,1052 1644,1052 1523,1048 1520,1047 1518,1046 1515,1040 1515,1034 1516,1031 1524,1023 1526,1022 1534,1022"/>
					<TextEquiv>
						<Unicode>εὐθὺς</Unicode>
					</TextEquiv>
				</Word>
				<TextEquiv>
					<Unicode>ἡγεῖτο εἶναι Σκιπίων· θυσάμενος δέ, καὶ εὐθὺς</Unicode>
				</TextEquiv>
			</TextLine>
			<TextLine id="r112">
				<Coords points="616,1073 1539,1075 1562,1098 1635,1098 1638,1099 1640,1100 1641,1102 1655,1116 1657,1119 1657,1121 1656,1127 1654,1130 1651,1132 1649,1133 920,1138 916,1135 454,1128 451,1126 276,1124 274,1123 249,1122 245,1120 243,1117 242,1114 242,1109 244,1105 256,1093 256,1077 615,1074"/>
				<Word id="r1082">
					<Coords points="256,1077 319,1078 323,1086 324,1089 325,1091 327,1110 329,1114 328,1117 324,1123 323,1124 275,1123 248,1121 246,1120 244,1118 243,1116 242,1112 243,1108 245,1104 256,1093"/>
					<TextEquiv>
						<Unicode>ἐπὶ</Unicode>
					</TextEquiv>
				</Word>
				<Word id="r1083">
					<Coords points="437,1079 459,1096 463,1097 467,1099 469,1103 466,1106 464,1107 463,1123 462,1125 458,1127 452,1126 433,1124 367,1123 366,1116 357,1104 358,1100 361,1098 363,1097 414,1097 431,1080"/>
					<TextEquiv>
						<Unicode>ταῖς</Unicode>
					</TextEquiv>
				</Word>
				<Word id="r1084">
					<Coords points="617,1074 617,1075 619,1075 619,1076 620,1076 620,1077 621,1077 621,1078 622,1078 622,1079 623,1079 623,1080 624,1080 624,1081 625,1081 625,1082 627,1082 627,1083 628,1083 628,1084 629,1084 629,1085 630,1085 630,1086 631,1086 631,1087 632,1087 632,1088 633,1088 633,1089 635,1089 635,1090 636,1090 636,1091 637,1091 637,1092 638,1092 638,1093 639,1093 639,1094 640,1094 640,1095 671,1095 671,1096 693,1096 693,1097 697,1097 697,1098 699,1098 699,1099 701,1099 701,1102 702,1102 701,1102 701,1103 700,1103 700,1104 699,1104 699,1105 697,1105 697,1106 696,1106 696,1115 695,1115 695,1124 693,1124 693,1125 692,1125 692,1126 692,1125 688,1125 688,1124 660,1124 660,1123 577,1123 577,1122 500,1122 500,1121 498,1121 498,1119 497,1119 497,1117 496,1117 496,1111 495,1111 496,1111 496,1107 497,1107 497,1102 498,1102 498,1099 499,1099 499,1096 500,1096 500,1094 501,1094 501,1092 502,1092 502,1090 503,1090 503,1088 504,1088 504,1087 505,1087 505,1085 506,1085 506,1084 507,1084 507,1083 508,1083 508,1082 509,1082 509,1081 510,1081 510,1080 511,1080 511,1079 512,1079 512,1078 513,1078 513,1077 516,1077 516,1076 519,1076 519,1075 617,1075"/>
					<TextEquiv>
						<Unicode>θυσίαις</Unicode>
					</TextEquiv>
				</Word>
				<Word id="r1086">
					<Coords points="774,1074 799,1096 823,1096 824,1100 822,1106 820,1110 814,1116 808,1120 804,1122 803,1123 786,1123 785,1125 784,1129 783,1132 780,1132 771,1123 740,1122 740,1115 732,1106 731,1102 732,1098 734,1096 750,1096"/>
					<TextEquiv>
						<Unicode>τὴν</Unicode>
					</TextEquiv>
				</Word>
				<Word id="r1087">
					<Coords points="1055,1074 1080,1096 1102,1096 1103,1098 1103,1100 1102,1105 1101,1107 1100,1110 1096,1115 1091,1119 1088,1121 1084,1122 937,1123 920,1137 904,1123 862,1122 857,1121 853,1119 851,1116 850,1113 850,1109 853,1103 855,1100 858,1098 860,1097 865,1096 874,1095 1032,1094"/>
					<TextEquiv>
						<Unicode>στρατιὰν</Unicode>
					</TextEquiv>
				</Word>
				<Word id="r1088">
					<Coords points="1146,1076 1171,1097 1176,1103 1174,1106 1172,1114 1171,1123 1165,1127 1160,1124 1138,1123 1135,1122 1132,1120 1131,1118 1129,1115 1129,1110 1130,1106 1132,1102 1134,1100 1142,1084 1143,1077"/>
					<TextEquiv>
						<Unicode>ἐς</Unicode>
					</TextEquiv>
				</Word>
				<Word id="r1089">
					<Coords points="1303,1075 1332,1096 1339,1097 1426,1097 1427,1099 1427,1101 1426,1104 1425,1106 1424,1109 1424,1111 1415,1119 1410,1122 1406,1123 1404,1124 1309,1124 1294,1135 1279,1123 1211,1121 1209,1120 1205,1114 1205,1107 1207,1103 1208,1102 1218,1085 1219,1077 1220,1076 1300,1076"/>
					<TextEquiv>
						<Unicode>ἐπήκοον</Unicode>
					</TextEquiv>
				</Word>
				<Word id="r1090">
					<Coords points="1537,1075 1561,1098 1634,1098 1637,1099 1639,1100 1640,1102 1656,1119 1655,1124 1653,1129 1651,1131 1646,1131 1626,1127 1555,1124 1473,1123 1452,1122 1448,1120 1445,1114 1445,1110 1446,1106 1447,1104 1448,1103 1458,1085 1459,1077 1534,1077"/>
					<TextEquiv>
						<Unicode>ἐλάσας,</Unicode>
					</TextEquiv>
				</Word>
				<TextEquiv>
					<Unicode>ἐπὶ ταῖς θυσίαις τὴν στρατιὰν ἐς ἐπήκοον ἐλάσας,</Unicode>
				</TextEquiv>
			</TextLine>
			<TextLine id="r113">
				<Coords points="939,1148 943,1150 1407,1151 1573,1155 1582,1159 1585,1160 1591,1164 1599,1172 1624,1172 1626,1173 1645,1174 1658,1180 1657,1186 1655,1189 1649,1194 1646,1196 1643,1199 1440,1200 1434,1203 1137,1207 1094,1213 1088,1216 1054,1214 477,1209 476,1200 282,1199 244,1198 243,1195 244,1190 245,1188 247,1182 248,1180 249,1177 259,1173 267,1172 298,1172 318,1152 408,1150 936,1149"/>
				<Word id="r1091">
					<Coords points="319,1152 322,1154 323,1156 324,1159 326,1162 327,1164 329,1187 330,1192 328,1196 323,1198 283,1200 261,1199 243,1197 243,1194 244,1189 245,1187 247,1181 248,1179 250,1177 250,1173 264,1174 267,1172 298,1172"/>
					<TextEquiv>
						<Unicode>καὶ</Unicode>
					</TextEquiv>
				</Word>
				<Word id="r1092">
					<Coords points="411,1150 414,1151 416,1154 418,1160 420,1164 423,1173 426,1177 426,1187 424,1192 422,1195 418,1198 417,1199 379,1201 371,1182 370,1179 371,1175 372,1174 380,1173"/>
					<TextEquiv>
						<Unicode>τὸ</Unicode>
					</TextEquiv>
				</Word>
				<Word id="r1093">
					<Coords points="579,1150 602,1171 690,1172 692,1187 692,1191 691,1194 688,1199 635,1198 624,1209 477,1206 478,1201 480,1196 481,1191 482,1188 483,1184 484,1179 488,1167 490,1163 491,1160 492,1158 495,1155 501,1152 575,1152"/>
					<TextEquiv>
						<Unicode>βλέμμα</Unicode>
					</TextEquiv>
				</Word>
				<Word id="r1094">
					<Coords points="833,1150 837,1153 838,1156 840,1160 842,1166 844,1186 844,1192 842,1195 841,1196 839,1197 760,1197 760,1193 761,1191 763,1185 764,1183 765,1178 766,1175 768,1173 783,1171 810,1171"/>
					<TextEquiv>
						<Unicode>καὶ</Unicode>
					</TextEquiv>
				</Word>
				<Word id="r1095">
					<Coords points="938,1149 941,1150 944,1152 945,1155 947,1159 949,1166 953,1174 954,1177 955,1181 954,1186 951,1192 945,1196 941,1197 939,1197 905,1196 905,1188 896,1177 897,1173 898,1171 899,1170 902,1169 917,1169"/>
					<TextEquiv>
						<Unicode>τὸ</Unicode>
					</TextEquiv>
				</Word>
				<Word id="r1096">
					<Coords points="1115,1154 1119,1155 1121,1156 1137,1171 1198,1171 1200,1185 1203,1188 1202,1191 1201,1193 1197,1197 1145,1197 1128,1207 1117,1209 1114,1210 1093,1212 1089,1214 1057,1214 1035,1198 1026,1197 1019,1188 1020,1182 1021,1179 1024,1176 1027,1174 1030,1173 1032,1172 1065,1171 1094,1171 1110,1155"/>
					<TextEquiv>
						<Unicode>σχῆμα</Unicode>
					</TextEquiv>
				</Word>
				<Word id="r1097">
					<Coords points="1261,1151 1406,1151 1409,1152 1433,1171 1440,1172 1442,1173 1446,1176 1447,1178 1446,1180 1442,1182 1441,1198 1433,1202 1429,1201 1387,1199 1264,1198 1260,1197 1257,1195 1254,1191 1254,1182 1255,1180 1257,1178 1258,1175 1259,1153"/>
					<TextEquiv>
						<Unicode>διαθεὶς</Unicode>
					</TextEquiv>
				</Word>
				<Word id="r1098">
					<Coords points="1568,1155 1577,1159 1583,1160 1585,1161 1588,1163 1599,1173 1625,1173 1644,1174 1649,1177 1655,1179 1656,1180 1655,1187 1653,1189 1647,1193 1645,1195 1642,1199 1503,1194 1497,1183 1496,1180 1497,1176 1498,1174 1499,1173 1503,1172 1549,1172"/>
					<TextEquiv>
						<Unicode>πάλιν</Unicode>
					</TextEquiv>
				</Word>
				<TextEquiv>
					<Unicode>καὶ τὸ βλέμμα καὶ τὸ σχῆμα διαθεὶς πάλιν</Unicode>
				</TextEquiv>
			</TextLine>
			<TextLine id="r114">
				<Coords points="893,1223 1508,1225 1511,1227 1604,1228 1628,1249 1632,1250 1653,1250 1655,1253 1654,1257 1653,1273 1651,1277 1647,1279 1567,1283 1562,1287 394,1290 379,1275 348,1274 249,1273 246,1271 243,1266 243,1257 245,1253 246,1252 256,1238 257,1232 265,1228 273,1225 892,1224"/>
				<Word id="r1099">
					<Coords points="273,1225 296,1247 415,1247 418,1249 420,1254 420,1261 419,1265 418,1268 414,1272 411,1273 399,1274 398,1279 397,1286 395,1289 378,1274 347,1273 248,1272 245,1270 243,1266 243,1257 245,1253 246,1252 257,1236 258,1231 262,1229 269,1229"/>
					<TextEquiv>
						<Unicode>ὥσπερ</Unicode>
					</TextEquiv>
				</Word>
				<Word id="r1100">
					<Coords points="470,1226 472,1227 528,1227 548,1247 617,1247 619,1248 622,1250 623,1253 636,1266 638,1272 637,1275 635,1278 633,1279 632,1281 629,1282 617,1279 608,1278 605,1275 457,1274 451,1271 450,1269 448,1264 449,1261 452,1255 455,1251 456,1229 467,1228"/>
					<TextEquiv>
						<Unicode>ἔνθους,</Unicode>
					</TextEquiv>
				</Word>
				<Word id="r1101">
					<Coords points="690,1226 696,1230 720,1230 738,1248 764,1248 766,1251 766,1258 765,1260 764,1265 762,1271 761,1275 760,1280 759,1282 758,1285 758,1287 710,1287 707,1289 690,1274 673,1273 670,1271 667,1267 667,1263 669,1256 671,1252 673,1229 680,1228"/>
					<TextEquiv>
						<Unicode>ἔφη</Unicode>
					</TextEquiv>
				</Word>
				<Word id="r1102">
					<Coords points="834,1225 838,1226 839,1229 840,1231 841,1234 843,1237 844,1243 849,1252 850,1258 849,1264 847,1268 844,1271 841,1273 838,1274 836,1275 834,1274 803,1273 802,1271 802,1264 794,1253 795,1249 797,1248 804,1247 810,1247"/>
					<TextEquiv>
						<Unicode>τὸ</Unicode>
					</TextEquiv>
				</Word>
				<Word id="r1103">
					<Coords points="892,1224 1032,1224 1055,1247 1142,1248 1142,1256 1141,1258 1140,1261 1138,1264 1136,1266 1132,1269 1129,1271 1127,1272 1124,1273 1122,1274 987,1274 970,1288 954,1274 893,1272 890,1271 887,1269 885,1266 884,1263 884,1260 885,1255 886,1253 888,1251 889,1228 890,1225"/>
					<TextEquiv>
						<Unicode>δαιμόνιον</Unicode>
					</TextEquiv>
				</Word>
				<Word id="r1104">
					<Coords points="1196,1225 1198,1226 1219,1247 1273,1247 1308,1248 1308,1255 1307,1258 1305,1262 1302,1266 1298,1268 1296,1271 1293,1272 1291,1273 1290,1274 1201,1274 1187,1286 1185,1284 1172,1263 1170,1252 1178,1238 1179,1232 1180,1230 1181,1229 1192,1227 1195,1226"/>
					<TextEquiv>
						<Unicode>ἥκειν</Unicode>
					</TextEquiv>
				</Word>
				<Word id="r1105">
					<Coords points="1388,1225 1392,1228 1393,1231 1395,1234 1396,1237 1397,1239 1398,1248 1402,1250 1403,1252 1404,1256 1403,1261 1402,1265 1401,1267 1397,1271 1393,1273 1392,1274 1357,1273 1356,1268 1348,1256 1347,1254 1350,1248 1353,1247 1364,1247"/>
					<TextEquiv>
						<Unicode>τὸ</Unicode>
					</TextEquiv>
				</Word>
				<Word id="r1106">
					<Coords points="1506,1225 1508,1226 1511,1228 1603,1228 1605,1229 1626,1249 1628,1250 1653,1251 1653,1253 1652,1255 1651,1273 1649,1277 1647,1278 1646,1279 1568,1281 1563,1285 1560,1287 1549,1276 1450,1273 1447,1271 1445,1265 1445,1258 1447,1256 1448,1253 1451,1252 1453,1250 1455,1249 1458,1248 1483,1248"/>
					<TextEquiv>
						<Unicode>σύνηθες</Unicode>
					</TextEquiv>
				</Word>
				<TextEquiv>
					<Unicode>ὥσπερ ἔνθους, ἔφη τὸ δαιμόνιον ἥκειν τὸ σύνηθες</Unicode>
				</TextEquiv>
			</TextLine>
			<TextLine id="r115">
				<Coords points="818,1298 1649,1303 1650,1305 1652,1308 1652,1337 1650,1338 1649,1350 1486,1351 1474,1363 1416,1364 1413,1365 1411,1366 1409,1366 1383,1365 354,1365 339,1350 321,1349 246,1347 243,1343 243,1339 244,1335 245,1333 247,1331 250,1327 253,1324 255,1323 269,1322 273,1322 293,1302 295,1301 815,1301"/>
				<Word id="r1107">
					<Coords points="296,1301 301,1304 367,1304 370,1305 372,1306 374,1310 375,1316 396,1342 397,1345 396,1349 394,1351 392,1354 388,1356 363,1357 362,1363 353,1364 338,1349 320,1348 245,1346 243,1343 243,1339 244,1335 245,1333 248,1330 251,1326 253,1324 255,1323 269,1322 273,1322 293,1302"/>
					<TextEquiv>
						<Unicode>αὐτῷ,</Unicode>
					</TextEquiv>
				</Word>
				<Word id="r1108">
					<Coords points="500,1301 503,1302 504,1304 506,1310 507,1312 508,1315 509,1317 509,1337 512,1339 511,1342 510,1344 508,1346 505,1347 469,1348 466,1348 427,1347 427,1345 431,1333 432,1331 433,1326 434,1323 438,1321 479,1321"/>
					<TextEquiv>
						<Unicode>καὶ</Unicode>
					</TextEquiv>
				</Word>
				<Word id="r1109">
					<Coords points="682,1304 688,1305 711,1321 718,1322 719,1326 717,1332 715,1335 711,1340 709,1341 708,1343 705,1345 703,1346 700,1348 698,1349 541,1348 541,1345 542,1340 543,1337 544,1335 545,1331 546,1328 548,1324 563,1322 586,1321 595,1321 608,1308 610,1307 675,1306 677,1305"/>
					<TextEquiv>
						<Unicode>καλεῖν</Unicode>
					</TextEquiv>
				</Word>
				<Word id="r1110">
					<Coords points="818,1299 822,1301 823,1303 825,1309 827,1313 829,1334 832,1337 831,1341 824,1348 822,1349 779,1348 755,1347 751,1346 748,1344 746,1341 745,1333 746,1329 747,1328 758,1310 760,1301 815,1301"/>
					<TextEquiv>
						<Unicode>ἐπὶ</Unicode>
					</TextEquiv>
				</Word>
				<Word id="r1111">
					<Coords points="934,1299 962,1320 969,1321 971,1322 975,1326 975,1328 974,1330 971,1331 970,1346 968,1350 958,1350 930,1348 868,1347 868,1340 860,1331 859,1327 860,1324 862,1322 864,1321 910,1321"/>
					<TextEquiv>
						<Unicode>τοὺς</Unicode>
					</TextEquiv>
				</Word>
				<Word id="r1112">
					<Coords points="1203,1301 1226,1321 1287,1321 1291,1324 1293,1327 1308,1343 1307,1346 1304,1349 1287,1349 1283,1351 1280,1352 1160,1353 1149,1362 1135,1349 1019,1348 1016,1336 1012,1331 1012,1328 1014,1324 1017,1322 1071,1322 1086,1307 1194,1307"/>
					<TextEquiv>
						<Unicode>πολεμίους.</Unicode>
					</TextEquiv>
				</Word>
				<Word id="r1113">
					<Coords points="1472,1305 1476,1306 1478,1307 1495,1323 1568,1323 1570,1339 1570,1342 1568,1346 1563,1349 1561,1350 1486,1350 1473,1363 1415,1363 1412,1364 1382,1364 1383,1329 1386,1324 1390,1321 1452,1321 1466,1307 1468,1306"/>
					<TextEquiv>
						<Unicode>χρῆναι</Unicode>
					</TextEquiv>
				</Word>
				<Word id="r1114">
					<Coords points="1616,1303 1648,1303 1654,1307 1654,1337 1650,1351 1614,1349 1611,1347 1609,1342 1609,1335 1613,1329 1614,1305"/>
					<TextEquiv>
						<Unicode>δὲ</Unicode>
					</TextEquiv>
				</Word>
				<TextEquiv>
					<Unicode>αὐτῷ, καὶ καλεῖν ἐπὶ τοὺς πολεμίους. χρῆναι δὲ</Unicode>
				</TextEquiv>
			</TextLine>
			<TextLine id="r116">
				<Coords points="862,1375 1610,1376 1633,1399 1649,1399 1653,1406 1656,1418 1655,1420 1653,1423 1650,1425 1648,1426 1636,1427 1633,1442 1630,1442 1629,1441 313,1440 298,1425 250,1424 247,1422 246,1421 245,1418 244,1412 245,1405 246,1401 247,1398 249,1394 251,1391 252,1388 254,1385 259,1380 262,1378 861,1376"/>
				<Word id="r1115">
					<Coords points="264,1378 268,1379 416,1379 419,1380 442,1397 449,1398 450,1401 449,1404 446,1410 444,1413 440,1417 436,1419 433,1422 431,1423 430,1424 413,1424 360,1425 348,1437 317,1438 313,1440 297,1424 249,1423 246,1421 244,1416 244,1411 245,1404 246,1400 247,1397 248,1395 250,1393 251,1390 253,1387 256,1382"/>
					<TextEquiv>
						<Unicode>θαρρεῖν</Unicode>
					</TextEquiv>
				</Word>
				<Word id="r1116">
					<Coords points="499,1378 506,1380 563,1381 565,1382 566,1389 571,1400 573,1407 572,1413 571,1416 569,1419 565,1421 562,1422 556,1423 555,1437 554,1439 550,1440 531,1424 481,1423 479,1422 477,1419 476,1414 476,1407 477,1404 478,1399 480,1395 482,1392 484,1387 486,1384 488,1382 491,1380 493,1379"/>
					<TextEquiv>
						<Unicode>θεῷ</Unicode>
					</TextEquiv>
				</Word>
				<Word id="r1117">
					<Coords points="657,1379 664,1381 715,1381 719,1382 725,1385 736,1396 767,1396 806,1397 807,1400 805,1408 802,1412 801,1414 798,1417 794,1420 791,1421 789,1422 786,1423 618,1424 602,1439 600,1435 607,1414 608,1409 609,1406 610,1402 611,1399 612,1398 628,1397 635,1397"/>
					<TextEquiv>
						<Unicode>μᾶλλον</Unicode>
					</TextEquiv>
				</Word>
				<Word id="r1118">
					<Coords points="863,1376 866,1377 867,1379 868,1383 870,1392 873,1400 874,1405 873,1411 872,1413 871,1417 870,1422 869,1426 868,1428 866,1434 863,1436 861,1434 848,1413 845,1403 846,1401 861,1378"/>
					<TextEquiv>
						<Unicode>ἢ</Unicode>
					</TextEquiv>
				</Word>
				<Word id="r1119">
					<Coords points="1024,1376 1059,1376 1061,1377 1082,1396 1086,1397 1105,1403 1108,1413 1108,1415 1107,1417 1105,1420 1102,1422 1081,1423 1029,1424 1016,1436 1004,1425 924,1424 920,1412 918,1399 924,1397 945,1397 960,1382 1018,1382"/>
					<TextEquiv>
						<Unicode>πλήθει</Unicode>
					</TextEquiv>
				</Word>
				<Word id="r1120">
					<Coords points="1367,1379 1370,1380 1372,1381 1391,1398 1395,1402 1386,1407 1379,1408 1378,1411 1377,1413 1375,1416 1367,1423 1365,1424 1238,1424 1222,1439 1206,1424 1159,1423 1156,1422 1154,1421 1152,1418 1151,1413 1152,1408 1153,1406 1159,1400 1162,1399 1171,1398 1195,1397 1347,1397 1365,1380"/>
					<TextEquiv>
						<Unicode>στρατοῦ·</Unicode>
					</TextEquiv>
				</Word>
				<Word id="r1121">
					<Coords points="1509,1376 1511,1377 1512,1379 1514,1385 1515,1387 1516,1391 1517,1393 1520,1413 1521,1417 1518,1422 1516,1424 1491,1425 1490,1425 1436,1424 1435,1419 1436,1417 1437,1413 1439,1407 1440,1405 1441,1402 1443,1399 1458,1397 1487,1397 1507,1377"/>
					<TextEquiv>
						<Unicode>καὶ</Unicode>
					</TextEquiv>
				</Word>
				<Word id="r1122">
					<Coords points="1608,1376 1632,1399 1649,1400 1651,1406 1653,1410 1654,1414 1654,1418 1653,1421 1651,1423 1648,1425 1641,1426 1634,1430 1633,1435 1632,1439 1628,1440 1570,1439 1570,1426 1558,1411 1557,1407 1558,1404 1559,1402 1560,1401 1564,1399 1585,1399"/>
					<TextEquiv>
						<Unicode>γὰρ</Unicode>
					</TextEquiv>
				</Word>
				<TextEquiv>
					<Unicode>θαρρεῖν θεῷ μᾶλλον ἢ πλήθει στρατοῦ· καὶ γὰρ</Unicode>
				</TextEquiv>
			</TextLine>
			<TextLine id="r117">
				<Coords points="462,1449 1407,1449 1409,1450 1411,1454 1600,1454 1621,1475 1652,1475 1656,1477 1658,1480 1657,1484 1655,1491 1654,1500 1650,1505 1649,1506 1566,1506 1558,1514 412,1515 398,1501 283,1500 253,1499 252,1498 251,1493 243,1479 244,1474 246,1473 249,1472 276,1472 293,1455 456,1455"/>
				<Word id="r1123">
					<Coords points="297,1455 302,1456 320,1473 342,1473 343,1475 343,1477 342,1483 339,1486 337,1489 336,1492 332,1494 329,1497 325,1498 323,1499 282,1499 252,1498 248,1487 244,1482 243,1480 243,1478 244,1474 247,1473 249,1472 276,1472"/>
					<TextEquiv>
						<Unicode>τῶν</Unicode>
					</TextEquiv>
				</Word>
				<Word id="r1124">
					<Coords points="463,1449 487,1471 524,1471 617,1473 617,1479 616,1481 614,1487 612,1490 609,1491 608,1493 605,1495 601,1497 600,1498 576,1498 549,1499 534,1514 411,1514 397,1500 376,1499 373,1487 369,1482 369,1478 371,1474 373,1473 405,1472 439,1472"/>
					<TextEquiv>
						<Unicode>πρότερον</Unicode>
					</TextEquiv>
				</Word>
				<Word id="r1125">
					<Coords points="678,1450 701,1471 778,1471 781,1472 815,1473 815,1477 814,1482 813,1485 810,1487 807,1491 803,1495 799,1497 795,1498 743,1499 729,1513 683,1513 680,1514 664,1499 661,1498 657,1494 656,1488 657,1481 659,1478 661,1470 662,1459 668,1453"/>
					<TextEquiv>
						<Unicode>ἔργων</Unicode>
					</TextEquiv>
				</Word>
				<Word id="r1126">
					<Coords points="975,1449 979,1451 982,1460 983,1462 984,1465 985,1467 990,1479 993,1489 993,1491 992,1494 990,1496 988,1497 970,1498 938,1498 860,1496 861,1492 863,1486 864,1484 865,1481 866,1476 867,1473 868,1472 951,1472"/>
					<TextEquiv>
						<Unicode>κατὰ</Unicode>
					</TextEquiv>
				</Word>
				<Word id="r1127">
					<Coords points="1113,1450 1113,1451 1115,1451 1115,1452 1116,1452 1116,1453 1117,1453 1117,1454 1119,1454 1119,1455 1120,1455 1120,1456 1121,1456 1121,1457 1122,1457 1122,1458 1124,1458 1124,1459 1125,1459 1125,1460 1126,1460 1126,1461 1127,1461 1127,1462 1129,1462 1129,1463 1130,1463 1130,1464 1131,1464 1131,1465 1132,1465 1132,1466 1134,1466 1134,1467 1135,1467 1135,1468 1136,1468 1136,1469 1137,1469 1137,1470 1139,1470 1139,1471 1140,1471 1140,1472 1141,1472 1141,1473 1142,1473 1142,1474 1144,1474 1144,1475 1146,1475 1146,1476 1148,1476 1147,1476 1147,1480 1146,1480 1146,1483 1145,1483 1145,1485 1144,1485 1144,1487 1143,1487 1143,1488 1142,1488 1142,1490 1160,1490 1160,1491 1162,1491 1162,1492 1163,1492 1163,1493 1164,1493 1164,1496 1163,1496 1163,1499 1162,1499 1162,1501 1161,1501 1161,1503 1160,1503 1160,1504 1158,1504 1158,1505 1157,1505 1157,1506 1153,1506 1154,1506 1154,1504 1155,1504 1155,1503 1156,1503 1156,1500 1125,1500 1125,1499 1123,1499 1123,1498 1040,1498 1040,1497 1038,1497 1038,1496 1036,1496 1036,1492 1035,1492 1035,1488 1034,1488 1034,1485 1035,1485 1035,1479 1036,1479 1036,1475 1037,1475 1037,1471 1038,1471 1038,1469 1039,1469 1039,1468 1040,1468 1040,1467 1041,1467 1041,1464 1042,1464 1042,1462 1043,1462 1043,1460 1044,1460 1044,1459 1045,1459 1045,1458 1046,1458 1046,1457 1047,1457 1047,1456 1049,1456 1049,1455 1050,1455 1050,1454 1051,1454 1051,1453 1052,1453 1052,1452 1055,1452 1055,1451 1113,1451"/>
					<TextEquiv>
						<Unicode>θεόν,</Unicode>
					</TextEquiv>
				</Word>
				<Word id="r1129">
					<Coords points="1238,1451 1244,1462 1249,1474 1250,1478 1249,1483 1247,1488 1246,1491 1245,1493 1240,1498 1238,1499 1233,1500 1229,1499 1198,1497 1195,1495 1194,1493 1194,1483 1196,1480 1198,1476 1202,1474 1214,1473"/>
					<TextEquiv>
						<Unicode>οὐ</Unicode>
					</TextEquiv>
				</Word>
				<Word id="r1130">
					<Coords points="1406,1450 1409,1451 1410,1453 1411,1456 1413,1461 1415,1465 1416,1468 1421,1480 1424,1489 1424,1491 1423,1493 1421,1496 1418,1498 1289,1498 1290,1493 1291,1489 1292,1487 1293,1483 1295,1480 1296,1475 1300,1473 1382,1472"/>
					<TextEquiv>
						<Unicode>κατὰ</Unicode>
					</TextEquiv>
				</Word>
				<Word id="r1131">
					<Coords points="1597,1454 1620,1475 1651,1475 1653,1476 1656,1478 1656,1480 1653,1492 1649,1504 1566,1505 1556,1514 1542,1501 1465,1500 1462,1487 1459,1483 1459,1479 1461,1476 1474,1474 1487,1474 1501,1460 1503,1459 1549,1458 1553,1456 1592,1455 1594,1455"/>
					<TextEquiv>
						<Unicode>πλῆθος</Unicode>
					</TextEquiv>
				</Word>
				<TextEquiv>
					<Unicode>τῶν πρότερον ἔργων κατὰ θεόν, οὐ κατὰ πλῆθος</Unicode>
				</TextEquiv>
			</TextLine>
			<TextLine id="r118">
				<Coords points="819,1524 822,1525 1642,1528 1643,1530 1644,1533 1645,1537 1651,1549 1655,1566 1654,1573 1602,1579 1598,1585 1597,1589 1596,1591 276,1591 260,1575 242,1574 242,1571 243,1567 245,1561 246,1557 247,1555 249,1550 250,1548 266,1547 374,1547 390,1531 392,1530 598,1528 612,1526 817,1525"/>
				<Word id="r1132">
					<Coords points="394,1530 399,1531 415,1546 500,1548 517,1570 515,1573 514,1574 409,1575 397,1587 280,1588 275,1590 259,1574 242,1573 243,1569 245,1563 246,1559 247,1556 248,1554 250,1548 266,1547 374,1547 390,1531"/>
					<TextEquiv>
						<Unicode>κρατῆσαι.</Unicode>
					</TextEquiv>
				</Word>
				<Word id="r1133">
					<Coords points="614,1526 618,1528 640,1554 638,1557 636,1558 635,1570 633,1576 629,1578 624,1577 600,1574 597,1573 596,1572 593,1567 592,1562 593,1558 595,1554 598,1551 598,1528 610,1528"/>
					<TextEquiv>
						<Unicode>ἔς</Unicode>
					</TextEquiv>
				</Word>
				<Word id="r1134">
					<Coords points="716,1546 720,1547 722,1548 723,1550 721,1551 720,1553 719,1571 718,1573 680,1574 677,1574 676,1565 667,1554 668,1550 670,1547 714,1547"/>
					<TextEquiv>
						<Unicode>τε</Unicode>
					</TextEquiv>
				</Word>
				<Word id="r1135">
					<Coords points="819,1525 843,1547 907,1547 941,1548 941,1554 940,1557 937,1563 930,1570 927,1571 921,1574 807,1574 766,1573 762,1562 758,1556 759,1553 762,1548 764,1547 795,1547"/>
					<TextEquiv>
						<Unicode>πίστιν</Unicode>
					</TextEquiv>
				</Word>
				<Word id="r1136">
					<Coords points="1034,1528 1038,1529 1041,1530 1059,1547 1080,1547 1080,1557 1076,1562 1070,1568 1066,1570 1064,1572 1058,1574 991,1574 989,1568 981,1554 984,1548 1010,1548 1028,1530 1030,1529"/>
					<TextEquiv>
						<Unicode>τῶν</Unicode>
					</TextEquiv>
				</Word>
				<Word id="r1137">
					<Coords points="1307,1527 1331,1548 1409,1549 1409,1553 1408,1557 1405,1563 1401,1568 1397,1571 1394,1572 1390,1574 1265,1575 1248,1590 1246,1589 1195,1589 1174,1575 1166,1574 1165,1573 1143,1572 1122,1572 1120,1536 1119,1533 1299,1533"/>
					<TextEquiv>
						<Unicode>λεγομένων</Unicode>
					</TextEquiv>
				</Word>
				<Word id="r1138">
					<Coords points="1494,1528 1498,1530 1499,1533 1501,1537 1502,1541 1505,1547 1509,1563 1512,1566 1511,1569 1507,1574 1506,1575 1485,1575 1458,1574 1457,1573 1456,1568 1448,1554 1451,1549 1453,1548 1471,1548"/>
					<TextEquiv>
						<Unicode>τὰ</Unicode>
					</TextEquiv>
				</Word>
				<Word id="r1139">
					<Coords points="1558,1528 1641,1528 1642,1530 1643,1533 1644,1537 1648,1545 1649,1550 1651,1552 1653,1571 1639,1573 1635,1574 1612,1575 1605,1576 1597,1584 1596,1587 1594,1590 1580,1577 1551,1575 1550,1563 1551,1559 1552,1556 1553,1552 1555,1549 1556,1532 1557,1529"/>
					<TextEquiv>
						<Unicode>ἱερὰ</Unicode>
					</TextEquiv>
				</Word>
				<TextEquiv>
					<Unicode>κρατῆσαι. ἔς τε πίστιν τῶν λεγομένων τὰ ἱερὰ</Unicode>
				</TextEquiv>
			</TextLine>
			<TextLine id="r119">
				<Coords points="452,1599 1504,1601 1506,1602 1528,1624 1633,1624 1635,1625 1638,1627 1640,1630 1641,1632 1655,1648 1654,1651 1653,1653 1630,1654 1446,1656 1437,1665 324,1665 310,1651 248,1650 241,1627 245,1623 397,1622 414,1605 446,1605"/>
				<Word id="r1140">
					<Coords points="453,1600 477,1621 529,1621 562,1622 562,1629 561,1634 560,1636 550,1645 544,1648 543,1649 475,1649 460,1664 323,1664 309,1650 248,1645 243,1634 242,1632 241,1629 242,1626 244,1624 246,1623 396,1623 414,1605 446,1605"/>
					<TextEquiv>
						<Unicode>παραφέρειν</Unicode>
					</TextEquiv>
				</Word>
				<Word id="r1141">
					<Coords points="628,1602 653,1622 656,1623 658,1624 659,1626 660,1629 657,1632 655,1633 653,1650 650,1652 648,1653 643,1652 621,1649 618,1648 616,1647 613,1645 611,1641 611,1636 612,1632 614,1629 624,1619 624,1603"/>
					<TextEquiv>
						<Unicode>ἐς</Unicode>
					</TextEquiv>
				</Word>
				<Word id="r1142">
					<Coords points="749,1600 752,1601 756,1609 758,1615 762,1625 764,1635 763,1639 762,1642 759,1645 756,1647 753,1648 720,1649 718,1649 716,1644 708,1631 707,1628 708,1625 712,1623 720,1622"/>
					<TextEquiv>
						<Unicode>τὸ</Unicode>
					</TextEquiv>
				</Word>
				<Word id="r1143">
					<Coords points="873,1600 898,1623 972,1624 973,1626 971,1632 968,1638 960,1644 958,1646 954,1647 952,1648 827,1650 814,1662 812,1658 813,1654 816,1645 817,1641 820,1632 821,1627 822,1623 824,1621 850,1621"/>
					<TextEquiv>
						<Unicode>μέσον</Unicode>
					</TextEquiv>
				</Word>
				<Word id="r1144">
					<Coords points="1088,1601 1100,1609 1104,1611 1116,1622 1210,1623 1211,1627 1209,1628 1208,1646 1207,1648 1205,1649 1023,1650 1014,1647 1010,1642 1010,1633 1011,1631 1022,1620 1022,1604 1025,1602 1085,1602"/>
					<TextEquiv>
						<Unicode>ἐκέλευε</Unicode>
					</TextEquiv>
				</Word>
				<Word id="r1145">
					<Coords points="1335,1601 1364,1623 1371,1624 1373,1625 1376,1627 1376,1629 1375,1632 1372,1633 1371,1648 1370,1652 1367,1653 1363,1654 1359,1652 1270,1649 1269,1648 1268,1643 1260,1629 1261,1624 1263,1623 1282,1622 1313,1622 1333,1602"/>
					<TextEquiv>
						<Unicode>τοὺς</Unicode>
					</TextEquiv>
				</Word>
				<Word id="r1146">
					<Coords points="1503,1602 1527,1624 1632,1624 1634,1625 1637,1627 1639,1630 1640,1633 1654,1647 1653,1650 1652,1652 1629,1653 1447,1654 1435,1664 1433,1662 1434,1660 1437,1651 1438,1649 1439,1646 1440,1644 1441,1640 1443,1634 1445,1626 1446,1624 1480,1624"/>
					<TextEquiv>
						<Unicode>μάντεις.</Unicode>
					</TextEquiv>
				</Word>
				<TextEquiv>
					<Unicode>παραφέρειν ἐς τὸ μέσον ἐκέλευε τοὺς μάντεις.</Unicode>
				</TextEquiv>
			</TextLine>
			<TextLine id="r120">
				<Coords points="567,1674 1650,1677 1653,1678 1654,1680 1653,1690 1644,1692 1643,1697 1642,1699 1641,1704 1640,1708 1638,1709 1637,1715 1635,1717 1632,1722 1627,1725 1625,1726 1562,1727 1549,1739 1548,1740 618,1741 578,1740 432,1739 418,1725 244,1724 244,1717 245,1715 250,1700 251,1698 253,1697 295,1697 316,1676 566,1675"/>
				<Word id="r1147">
					<Coords points="317,1676 319,1677 321,1681 322,1684 326,1692 327,1711 330,1714 329,1717 327,1721 324,1724 244,1725 245,1716 246,1714 251,1699 252,1698 254,1697 295,1697"/>
					<TextEquiv>
						<Unicode>καὶ</Unicode>
					</TextEquiv>
				</Word>
				<Word id="r1148">
					<Coords points="414,1676 438,1697 522,1698 522,1702 521,1706 520,1709 518,1712 515,1716 512,1719 506,1723 500,1724 449,1725 433,1739 417,1724 357,1724 356,1688 354,1685 355,1684 404,1684"/>
					<TextEquiv>
						<Unicode>λέγων</Unicode>
					</TextEquiv>
				</Word>
				<Word id="r1149">
					<Coords points="569,1675 575,1678 636,1678 639,1679 641,1682 642,1684 642,1716 640,1718 639,1721 636,1722 626,1723 625,1738 625,1740 578,1740 559,1724 555,1723 552,1719 551,1712 552,1704 562,1687 563,1678 564,1676"/>
					<TextEquiv>
						<Unicode>ὁρᾷ</Unicode>
					</TextEquiv>
				</Word>
				<Word id="r1150">
					<Coords points="765,1675 796,1696 804,1697 808,1699 809,1700 810,1702 810,1705 806,1707 805,1722 803,1726 801,1727 797,1728 793,1725 678,1724 678,1717 669,1705 672,1698 674,1697 710,1696 742,1696"/>
					<TextEquiv>
						<Unicode>τινὰς</Unicode>
					</TextEquiv>
				</Word>
				<Word id="r1151">
					<Coords points="881,1675 883,1676 1009,1676 1034,1696 1041,1697 1043,1698 1048,1703 1045,1707 1043,1714 1042,1723 1037,1728 1034,1729 1032,1728 1029,1725 849,1723 845,1721 842,1717 842,1709 844,1705 847,1700 852,1697 858,1697 879,1676"/>
					<TextEquiv>
						<Unicode>οἰωνοὺς</Unicode>
					</TextEquiv>
				</Word>
				<Word id="r1152">
					<Coords points="1274,1676 1298,1697 1383,1698 1387,1699 1390,1700 1392,1701 1409,1718 1410,1722 1409,1727 1402,1734 1219,1735 1214,1737 1202,1725 1090,1723 1087,1712 1083,1705 1083,1703 1085,1701 1086,1698 1090,1697 1141,1696 1252,1696"/>
					<TextEquiv>
						<Unicode>πετομένους,</Unicode>
					</TextEquiv>
				</Word>
				<Word id="r1153">
					<Coords points="1481,1678 1509,1699 1517,1700 1520,1702 1523,1705 1522,1708 1518,1709 1516,1727 1513,1729 1505,1727 1444,1724 1441,1722 1439,1718 1439,1711 1440,1708 1442,1704 1444,1702 1448,1700 1454,1699"/>
					<TextEquiv>
						<Unicode>οὓς</Unicode>
					</TextEquiv>
				</Word>
				<Word id="r1154">
					<Coords points="1649,1678 1656,1680 1655,1685 1654,1692 1628,1728 1561,1726 1547,1739 1547,1732 1548,1729 1549,1727 1550,1723 1551,1721 1553,1715 1554,1709 1555,1706 1556,1702 1557,1700 1611,1700 1630,1681 1632,1680"/>
					<TextEquiv>
						<Unicode>μεθ᾽</Unicode>
					</TextEquiv>
				</Word>
				<TextEquiv>
					<Unicode>καὶ λέγων ὁρᾷ τινὰς οἰωνοὺς πετομένους, οὓς μεθ᾽</Unicode>
				</TextEquiv>
			</TextLine>
			<TextLine id="r121">
				<Coords points="822,1747 825,1749 1547,1751 1549,1752 1571,1774 1639,1775 1641,1782 1655,1799 1651,1807 1647,1809 276,1815 273,1816 254,1800 250,1799 246,1796 244,1792 244,1783 245,1780 247,1778 248,1776 256,1761 257,1752 258,1750 259,1749 821,1748"/>
				<Word id="r1155">
					<Coords points="262,1749 265,1750 271,1755 363,1755 367,1756 389,1772 396,1773 400,1776 400,1781 396,1782 395,1799 393,1801 391,1802 368,1803 367,1806 366,1811 365,1812 275,1814 273,1815 256,1800 251,1799 246,1796 244,1792 244,1783 245,1780 247,1778 248,1776 257,1759 258,1750 259,1750"/>
					<TextEquiv>
						<Unicode>ὁρμῆς</Unicode>
					</TextEquiv>
				</Word>
				<Word id="r1156">
					<Coords points="499,1749 501,1750 503,1752 505,1758 507,1761 508,1764 509,1766 511,1786 512,1789 511,1791 510,1794 508,1797 505,1798 426,1798 426,1796 427,1793 428,1791 429,1786 430,1783 431,1781 432,1778 434,1773 476,1772"/>
					<TextEquiv>
						<Unicode>καὶ</Unicode>
					</TextEquiv>
				</Word>
				<Word id="r1157">
					<Coords points="569,1752 575,1753 579,1755 636,1755 639,1757 641,1758 658,1771 665,1772 668,1773 672,1776 673,1779 670,1782 668,1783 666,1801 662,1803 638,1804 637,1808 636,1811 634,1812 632,1811 543,1810 543,1803 544,1799 546,1793 547,1789 548,1786 549,1782 550,1779 551,1775 553,1769 554,1767 556,1761 558,1758 560,1756 564,1753"/>
					<TextEquiv>
						<Unicode>βοῆς</Unicode>
					</TextEquiv>
				</Word>
				<Word id="r1158">
					<Coords points="822,1748 826,1751 855,1751 878,1771 882,1772 914,1773 914,1779 912,1783 908,1789 907,1790 905,1791 904,1793 901,1795 899,1796 896,1798 895,1799 744,1799 705,1798 702,1796 700,1793 700,1787 701,1783 703,1780 706,1776 709,1774 711,1773 714,1772 729,1772 749,1752 751,1751 817,1750 820,1749"/>
					<TextEquiv>
						<Unicode>αὐτόθεν</Unicode>
					</TextEquiv>
				</Word>
				<Word id="r1159">
					<Coords points="961,1752 1248,1752 1272,1773 1278,1774 1281,1775 1285,1780 1283,1782 1280,1783 1279,1799 1278,1802 1274,1803 1105,1811 1089,1800 1084,1799 953,1798 949,1796 948,1794 946,1789 946,1787 947,1782 948,1780 959,1761"/>
					<TextEquiv>
						<Unicode>ἐπιστραφεὶς</Unicode>
					</TextEquiv>
				</Word>
				<Word id="r1160">
					<Coords points="1422,1751 1546,1751 1548,1752 1548,1757 1547,1759 1546,1779 1545,1780 1544,1799 1542,1801 1337,1799 1334,1798 1332,1797 1330,1794 1329,1792 1329,1786 1331,1780 1332,1779 1341,1762 1342,1753 1343,1752 1421,1752"/>
					<TextEquiv>
						<Unicode>ἐδείκνυέ</Unicode>
					</TextEquiv>
				</Word>
				<Word id="r1161">
					<Coords points="1593,1775 1638,1775 1639,1778 1640,1784 1656,1796 1655,1806 1647,1811 1641,1805 1627,1801 1596,1800 1596,1793 1588,1784 1587,1781 1588,1778 1589,1777"/>
					<TextEquiv>
						<Unicode>τε,</Unicode>
					</TextEquiv>
				</Word>
				<TextEquiv>
					<Unicode>ὁρμῆς καὶ βοῆς αὐτόθεν ἐπιστραφεὶς ἐδείκνυέ τε,</Unicode>
				</TextEquiv>
			</TextLine>
			<TextLine id="r122">
				<Coords points="578,1824 1621,1828 1623,1829 1627,1832 1630,1834 1651,1850 1657,1851 1658,1854 1656,1856 1655,1875 1649,1877 1141,1878 1123,1879 1115,1887 455,1887 443,1875 244,1874 243,1871 244,1867 245,1864 246,1860 247,1858 248,1855 249,1853 250,1850 252,1848 254,1847 294,1847 316,1825 577,1825"/>
				<Word id="r1162">
					<Coords points="316,1825 320,1828 321,1830 322,1833 323,1835 324,1838 325,1840 327,1861 330,1863 329,1866 328,1868 323,1874 243,1873 243,1870 244,1866 245,1863 246,1859 247,1857 248,1854 249,1852 251,1849 253,1847 294,1847"/>
					<TextEquiv>
						<Unicode>καὶ</Unicode>
					</TextEquiv>
				</Word>
				<Word id="r1163">
					<Coords points="378,1825 388,1833 391,1835 402,1845 528,1846 529,1848 529,1852 528,1855 525,1861 521,1866 516,1870 514,1871 511,1873 474,1874 458,1886 436,1874 428,1873 363,1872 359,1870 357,1866 356,1863 356,1861 357,1857 358,1855 360,1852 362,1838 363,1827 375,1826 377,1826"/>
					<TextEquiv>
						<Unicode>ἔλεγεν</Unicode>
					</TextEquiv>
				</Word>
				<Word id="r1164">
					<Coords points="579,1825 602,1846 629,1846 631,1854 633,1864 632,1870 628,1873 623,1874 563,1873 561,1872 558,1870 555,1863 555,1858 556,1855 557,1853 559,1851 560,1848 561,1833 562,1830 563,1828 565,1827 575,1827"/>
					<TextEquiv>
						<Unicode>ὅτι</Unicode>
					</TextEquiv>
				</Word>
				<Word id="r1165">
					<Coords points="703,1825 707,1826 707,1828 706,1831 704,1865 703,1867 702,1870 698,1874 667,1873 665,1871 662,1866 661,1862 663,1856 665,1852 668,1849 670,1848 675,1847"/>
					<TextEquiv>
						<Unicode>οἱ</Unicode>
					</TextEquiv>
				</Word>
				<Word id="r1166">
					<Coords points="797,1825 802,1828 874,1828 876,1829 879,1831 917,1832 921,1833 924,1835 926,1836 937,1847 969,1847 981,1854 985,1864 985,1865 982,1871 960,1874 854,1875 845,1884 809,1885 803,1886 785,1874 779,1873 736,1871 733,1866 733,1859 735,1855 737,1852 739,1850 741,1849 744,1848 750,1847 773,1847"/>
					<TextEquiv>
						<Unicode>σύμβολα</Unicode>
					</TextEquiv>
				</Word>
				<Word id="r1167">
					<Coords points="1058,1827 1080,1847 1119,1847 1143,1848 1146,1849 1149,1851 1151,1854 1149,1857 1146,1858 1145,1874 1144,1876 1140,1877 1118,1878 1117,1880 1116,1885 1111,1886 1100,1875 1011,1875 1011,1848 1031,1847 1037,1847"/>
					<TextEquiv>
						<Unicode>νίκης</Unicode>
					</TextEquiv>
				</Word>
				<Word id="r1168">
					<Coords points="1231,1827 1236,1829 1233,1833 1232,1867 1231,1869 1230,1872 1227,1875 1194,1874 1192,1872 1190,1868 1189,1863 1190,1859 1191,1856 1192,1854 1195,1851 1198,1849 1203,1848"/>
					<TextEquiv>
						<Unicode>οἱ</Unicode>
					</TextEquiv>
				</Word>
				<Word id="r1169">
					<Coords points="1295,1827 1298,1828 1367,1828 1368,1831 1370,1835 1371,1838 1372,1840 1374,1863 1377,1866 1376,1868 1371,1874 1277,1874 1275,1873 1273,1870 1272,1866 1272,1858 1274,1850 1275,1847 1276,1845 1278,1842 1280,1838 1282,1836 1283,1833 1287,1831 1290,1828 1292,1828"/>
					<TextEquiv>
						<Unicode>θεοὶ</Unicode>
					</TextEquiv>
				</Word>
				<Word id="r1170">
					<Coords points="1489,1828 1493,1830 1494,1832 1495,1835 1497,1840 1498,1842 1500,1863 1503,1866 1502,1868 1500,1871 1497,1874 1492,1876 1488,1874 1416,1872 1417,1868 1419,1864 1422,1855 1424,1850 1426,1848 1467,1848"/>
					<TextEquiv>
						<Unicode>καὶ</Unicode>
					</TextEquiv>
				</Word>
				<Word id="r1171">
					<Coords points="1618,1828 1621,1829 1623,1830 1627,1833 1647,1850 1653,1851 1657,1853 1654,1857 1653,1875 1650,1876 1648,1877 1548,1874 1547,1869 1539,1855 1542,1851 1545,1850 1578,1850 1596,1832 1599,1830"/>
					<TextEquiv>
						<Unicode>τάδε</Unicode>
					</TextEquiv>
				</Word>
				<TextEquiv>
					<Unicode>καὶ ἔλεγεν ὅτι οἱ σύμβολα νίκης οἱ θεοὶ καὶ τάδε</Unicode>
				</TextEquiv>
			</TextLine>
			<TextLine id="r123">
				<Coords points="927,1893 1554,1897 1615,1901 1617,1902 1637,1919 1648,1920 1657,1923 1655,1929 1654,1931 1652,1934 1651,1936 1639,1944 1636,1945 1572,1946 1559,1959 336,1957 323,1944 253,1943 249,1942 246,1940 244,1938 243,1935 242,1931 244,1925 247,1920 248,1914 249,1903 256,1896 264,1894 926,1894"/>
				<Word id="r1172">
					<Coords points="265,1894 265,1895 267,1895 267,1896 268,1896 268,1897 270,1897 270,1898 403,1898 403,1899 405,1899 405,1900 406,1900 406,1901 407,1901 407,1902 408,1902 408,1903 409,1903 409,1904 410,1904 410,1905 411,1905 411,1906 412,1906 412,1907 413,1907 413,1908 414,1908 414,1909 415,1909 415,1910 416,1910 416,1911 417,1911 417,1912 418,1912 418,1913 419,1913 419,1914 420,1914 420,1915 488,1915 488,1920 489,1920 488,1920 488,1925 487,1925 487,1927 486,1927 486,1929 485,1929 485,1930 484,1930 484,1931 483,1931 483,1933 500,1933 500,1935 501,1935 501,1936 502,1936 502,1937 503,1937 503,1938 504,1938 503,1938 503,1940 502,1940 502,1942 500,1942 500,1943 411,1943 411,1944 410,1944 410,1945 409,1945 409,1946 408,1946 408,1947 407,1947 407,1948 406,1948 406,1949 405,1949 405,1950 404,1950 404,1951 403,1951 403,1952 402,1952 402,1953 401,1953 401,1954 400,1954 400,1955 399,1955 399,1956 398,1956 398,1957 336,1957 336,1956 335,1956 335,1955 334,1955 334,1954 333,1954 333,1953 332,1953 332,1952 331,1952 331,1951 330,1951 330,1950 329,1950 329,1949 328,1949 328,1948 327,1948 327,1947 326,1947 326,1946 325,1946 325,1945 324,1945 324,1944 323,1944 323,1943 322,1943 322,1942 252,1942 252,1941 248,1941 248,1940 246,1940 246,1939 245,1939 245,1937 244,1937 244,1935 243,1935 243,1931 242,1931 243,1931 243,1928 244,1928 244,1925 245,1925 245,1924 246,1924 246,1921 247,1921 247,1920 248,1920 248,1919 249,1919 249,1907 250,1907 250,1904 251,1904 251,1902 252,1902 252,1900 256,1900 256,1899 260,1899 260,1898 262,1898 262,1897 263,1897 263,1896 264,1896 264,1895 265,1895"/>
					<TextEquiv>
						<Unicode>ἔπεμψαν.</Unicode>
					</TextEquiv>
				</Word>
				<Word id="r1174">
					<Coords points="823,1898 828,1899 851,1915 859,1916 883,1916 885,1917 888,1919 889,1921 889,1928 888,1933 886,1937 884,1939 881,1941 880,1942 628,1942 586,1941 582,1939 579,1934 579,1929 583,1923 584,1920 588,1918 593,1917 596,1916 801,1915 816,1900 818,1899"/>
					<TextEquiv>
						<Unicode>συνεκινεῖτο</Unicode>
					</TextEquiv>
				</Word>
				<Word id="r1175">
					<Coords points="929,1894 933,1895 959,1895 960,1898 961,1900 962,1903 963,1905 964,1915 967,1916 968,1918 968,1920 967,1922 966,1939 965,1941 963,1942 927,1941 923,1940 921,1939 919,1935 918,1932 918,1927 920,1925 921,1922 923,1920 924,1896"/>
					<TextEquiv>
						<Unicode>δὲ</Unicode>
					</TextEquiv>
				</Word>
				<Word id="r1176">
					<Coords points="1081,1894 1084,1895 1112,1916 1120,1917 1122,1918 1124,1920 1124,1924 1120,1925 1119,1939 1117,1945 1054,1947 1040,1958 1023,1943 1003,1942 999,1931 995,1925 995,1923 996,1919 997,1918 1002,1917 1006,1916 1055,1915 1059,1915"/>
					<TextEquiv>
						<Unicode>πρὸς</Unicode>
					</TextEquiv>
				</Word>
				<Word id="r1177">
					<Coords points="1204,1895 1208,1896 1269,1897 1271,1903 1275,1911 1278,1915 1281,1931 1284,1934 1282,1938 1279,1942 1158,1943 1153,1942 1151,1938 1151,1931 1152,1927 1154,1925 1156,1922 1157,1919 1161,1917 1180,1917"/>
					<TextEquiv>
						<Unicode>αὐτὰ</Unicode>
					</TextEquiv>
				</Word>
				<Word id="r1178">
					<Coords points="1389,1896 1392,1897 1423,1897 1449,1916 1457,1917 1485,1918 1488,1920 1490,1923 1490,1925 1488,1927 1485,1928 1483,1946 1478,1948 1473,1946 1337,1942 1315,1940 1313,1937 1312,1935 1312,1925 1314,1922 1316,1920 1325,1904 1326,1897 1387,1897"/>
					<TextEquiv>
						<Unicode>ἐνθέως</Unicode>
					</TextEquiv>
				</Word>
				<Word id="r1179">
					<Coords points="1547,1897 1556,1901 1614,1901 1616,1902 1638,1920 1655,1923 1655,1925 1654,1928 1653,1930 1651,1933 1650,1935 1648,1937 1639,1943 1635,1944 1572,1945 1557,1958 1539,1945 1533,1943 1531,1940 1530,1937 1529,1933 1530,1929 1531,1926 1541,1915 1541,1899"/>
					<TextEquiv>
						<Unicode>ὁρῶν</Unicode>
					</TextEquiv>
				</Word>
				<TextEquiv>
					<Unicode>ἔπεμψαν. συνεκινεῖτο δὲ πρὸς αὐτὰ ἐνθέως ὁρῶν</Unicode>
				</TextEquiv>
			</TextLine>
			<TextLine id="r124">
				<Coords points="675,1962 1565,1963 1588,1986 1637,1986 1655,1987 1655,1995 1654,2000 1652,2002 1650,2006 1648,2009 1645,2011 1641,2013 1418,2014 1414,2016 876,2017 866,2026 862,2023 742,2022 740,2020 370,2020 362,2012 243,2010 243,2006 244,2002 246,1996 248,1992 249,1989 260,1984 268,1983 297,1983 317,1963 674,1963"/>
				<Word id="r1180">
					<Coords points="318,1963 321,1964 325,1972 327,1978 328,1980 330,1998 331,2001 330,2003 329,2006 327,2009 324,2010 301,2010 243,2008 244,2003 247,1994 249,1990 251,1988 255,1986 263,1985 267,1983 297,1983"/>
					<TextEquiv>
						<Unicode>καὶ</Unicode>
					</TextEquiv>
				</Word>
				<Word id="r1181">
					<Coords points="464,1965 470,1967 489,1985 512,1986 513,1988 527,2002 528,2005 527,2008 525,2011 493,2011 375,2015 369,2018 369,2016 371,2010 372,2005 373,2002 374,1998 375,1996 376,1991 377,1988 378,1986 380,1980 381,1978 382,1975 383,1973 386,1969 391,1966 460,1966"/>
					<TextEquiv>
						<Unicode>βοῶν.</Unicode>
					</TextEquiv>
				</Word>
				<Word id="r1182">
					<Coords points="675,1963 679,1966 681,1970 682,1973 684,1977 686,1997 688,2001 687,2004 683,2010 681,2011 680,2012 601,2010 600,2007 601,2003 605,1995 606,1992 607,1988 608,1986 609,1985 627,1983 654,1983"/>
					<TextEquiv>
						<Unicode>καὶ</Unicode>
					</TextEquiv>
				</Word>
				<Word id="r1183">
					<Coords points="745,1963 748,1964 751,1966 752,1986 752,1999 751,2002 750,2006 749,2008 748,2012 747,2015 746,2021 741,2021 741,2020 729,2002 725,1991 726,1989 727,1988 739,1972 740,1966 742,1964"/>
					<TextEquiv>
						<Unicode>ἡ</Unicode>
					</TextEquiv>
				</Word>
				<Word id="r1184">
					<Coords points="1001,1963 1005,1966 1006,1968 1007,1971 1010,1977 1011,1980 1016,1991 1020,2002 1018,2005 1013,2011 880,2011 865,2025 850,2011 802,2010 799,2009 797,2008 795,2005 794,2002 794,1998 795,1994 798,1990 801,1987 805,1985 811,1984 822,1983 979,1983"/>
					<TextEquiv>
						<Unicode>στρατιὰ</Unicode>
					</TextEquiv>
				</Word>
				<Word id="r1185">
					<Coords points="1122,1967 1126,1968 1143,1984 1170,1984 1207,1985 1210,1998 1212,2003 1211,2006 1208,2008 1206,2010 1204,2011 1068,2011 1064,1998 1061,1990 1063,1987 1066,1985 1100,1985 1117,1968"/>
					<TextEquiv>
						<Unicode>πᾶσα</Unicode>
					</TextEquiv>
				</Word>
				<Word id="r1186">
					<Coords points="1266,1965 1270,1966 1291,1985 1296,1988 1298,1991 1295,1994 1293,1995 1292,2013 1289,2014 1287,2015 1281,2014 1256,2011 1252,2008 1250,2005 1250,1997 1251,1994 1253,1992 1262,1974"/>
					<TextEquiv>
						<Unicode>ἐς</Unicode>
					</TextEquiv>
				</Word>
				<Word id="r1187">
					<Coords points="1381,1963 1411,1985 1419,1986 1425,1991 1422,1995 1420,2003 1419,2012 1413,2015 1408,2014 1375,2011 1345,2010 1344,2001 1336,1990 1337,1987 1339,1986 1357,1986"/>
					<TextEquiv>
						<Unicode>τὰς</Unicode>
					</TextEquiv>
				</Word>
				<Word id="r1188">
					<Coords points="1563,1963 1587,1986 1636,1986 1654,1991 1653,1998 1650,2003 1649,2005 1647,2008 1645,2010 1639,2012 1471,2012 1467,2010 1465,2007 1464,2005 1465,1996 1466,1993 1476,1983 1477,1966 1560,1965"/>
					<TextEquiv>
						<Unicode>ἐκείνου</Unicode>
					</TextEquiv>
				</Word>
				<TextEquiv>
					<Unicode>καὶ βοῶν. καὶ ἡ στρατιὰ πᾶσα ἐς τὰς ἐκείνου</Unicode>
				</TextEquiv>
			</TextLine>
			<TextLine id="r125">
				<Coords points="473,2029 476,2030 1246,2033 1250,2035 1336,2036 1353,2053 1631,2055 1633,2056 1633,2061 1674,2069 1629,2081 1627,2082 1415,2083 1412,2087 255,2095 255,2083 245,2072 243,2066 244,2063 246,2058 265,2038 267,2035 465,2035"/>
				<Word id="r1189">
					<Coords points="473,2030 496,2051 527,2051 532,2052 534,2053 537,2055 539,2059 552,2073 552,2075 551,2080 550,2082 549,2085 546,2086 262,2090 255,2088 245,2072 243,2066 244,2064 245,2061 246,2059 265,2038 267,2035 467,2033 470,2032"/>
					<TextEquiv>
						<Unicode>φαντασίας,</Unicode>
					</TextEquiv>
				</Word>
				<Word id="r1190">
					<Coords points="891,2032 914,2052 983,2052 984,2054 984,2056 983,2060 982,2063 981,2068 979,2071 974,2075 971,2077 969,2078 942,2078 937,2079 846,2081 835,2090 832,2091 655,2091 651,2092 639,2080 590,2079 588,2078 585,2067 581,2061 581,2058 583,2054 586,2052 711,2052 726,2037 728,2036 884,2036"/>
					<TextEquiv>
						<Unicode>περιφερομένου</Unicode>
					</TextEquiv>
				</Word>
				<Word id="r1191">
					<Coords points="1023,2033 1030,2035 1086,2035 1088,2036 1105,2053 1146,2053 1149,2055 1152,2059 1152,2068 1150,2072 1147,2077 1140,2079 1103,2082 1100,2087 1098,2089 1087,2080 1020,2079 1016,2078 1014,2077 1012,2074 1011,2072 1011,2065 1013,2061 1015,2058 1016,2035"/>
					<TextEquiv>
						<Unicode>δεῦρο</Unicode>
					</TextEquiv>
				</Word>
				<Word id="r1192">
					<Coords points="1244,2033 1250,2036 1335,2036 1353,2054 1402,2055 1403,2063 1415,2075 1416,2079 1411,2086 1404,2083 1194,2079 1192,2078 1192,2075 1194,2071 1195,2067 1199,2055 1200,2054 1209,2053 1220,2052"/>
					<TextEquiv>
						<Unicode>κἀκεῖσε,</Unicode>
					</TextEquiv>
				</Word>
				<Word id="r1193">
					<Coords points="1457,2055 1630,2055 1632,2056 1647,2065 1654,2066 1654,2069 1646,2070 1631,2079 1628,2080 1626,2081 1454,2080 1449,2079 1447,2078 1445,2075 1445,2066 1446,2063 1449,2059 1453,2056 1456,2056"/>
					<TextEquiv>
						<Unicode>συνεπε-</Unicode>
					</TextEquiv>
				</Word>
				<TextEquiv>
					<Unicode>φαντασίας, περιφερομένου δεῦρο κἀκεῖσε, συνεπε-</Unicode>
				</TextEquiv>
			</TextLine>
			<TextLine id="r126">
				<Coords points="366,2099 1480,2101 1482,2102 1502,2122 1554,2122 1556,2123 1656,2125 1657,2129 1655,2134 1654,2136 1651,2140 1648,2143 1643,2147 1640,2149 1636,2151 1577,2151 1566,2162 314,2161 297,2148 292,2147 250,2146 246,2144 244,2141 243,2139 243,2133 245,2130 248,2126 251,2123 254,2122 264,2121 344,2120 364,2100"/>
				<Word id="r1194">
					<Coords points="366,2100 373,2104 399,2104 415,2120 433,2120 493,2122 495,2123 497,2127 511,2143 512,2147 511,2151 510,2153 507,2157 314,2161 296,2147 291,2146 249,2145 245,2143 243,2139 243,2133 244,2131 246,2128 251,2123 254,2122 264,2121 343,2121"/>
					<TextEquiv>
						<Unicode>στρέφετο,</Unicode>
					</TextEquiv>
				</Word>
				<Word id="r1195">
					<Coords points="646,2100 650,2102 651,2105 654,2111 655,2114 656,2116 657,2135 660,2138 657,2144 654,2148 572,2147 572,2143 573,2140 575,2136 578,2127 579,2123 580,2122 582,2121 624,2121"/>
					<TextEquiv>
						<Unicode>καὶ</Unicode>
					</TextEquiv>
				</Word>
				<Word id="r1196">
					<Coords points="792,2100 815,2120 901,2120 905,2121 909,2124 910,2128 908,2130 906,2131 905,2147 904,2149 901,2151 898,2152 893,2149 743,2147 727,2142 721,2131 720,2129 722,2123 723,2122 725,2121 769,2121"/>
					<TextEquiv>
						<Unicode>πάντες</Unicode>
					</TextEquiv>
				</Word>
				<Word id="r1197">
					<Coords points="996,2101 1025,2121 1034,2124 1035,2125 1035,2129 1031,2131 1030,2146 1028,2150 1025,2152 1022,2152 1019,2150 979,2147 975,2145 972,2140 972,2133 973,2130 974,2129 990,2108"/>
					<TextEquiv>
						<Unicode>ὡς</Unicode>
					</TextEquiv>
				</Word>
				<Word id="r1198">
					<Coords points="1170,2101 1174,2103 1176,2107 1177,2110 1180,2116 1181,2135 1184,2138 1183,2141 1181,2144 1177,2148 1174,2149 1171,2148 1103,2147 1100,2145 1098,2142 1097,2133 1099,2129 1100,2128 1110,2111 1112,2102 1167,2102"/>
					<TextEquiv>
						<Unicode>ἐπὶ</Unicode>
					</TextEquiv>
				</Word>
				<Word id="r1199">
					<Coords points="1296,2101 1320,2122 1390,2125 1389,2130 1388,2132 1386,2135 1378,2143 1372,2146 1369,2148 1360,2149 1353,2150 1351,2158 1349,2160 1347,2161 1335,2149 1245,2149 1245,2123 1247,2122 1273,2122"/>
					<TextEquiv>
						<Unicode>νίκην</Unicode>
					</TextEquiv>
				</Word>
				<Word id="r1200">
					<Coords points="1479,2102 1501,2122 1553,2122 1555,2123 1655,2125 1655,2129 1654,2131 1653,2134 1651,2137 1648,2141 1644,2145 1640,2148 1637,2149 1577,2150 1564,2161 1550,2151 1546,2150 1520,2149 1463,2148 1459,2146 1456,2142 1455,2138 1455,2135 1456,2131 1459,2127 1462,2109 1463,2106 1464,2104 1476,2104"/>
					<TextEquiv>
						<Unicode>ἕτοιμον</Unicode>
					</TextEquiv>
				</Word>
				<TextEquiv>
					<Unicode>στρέφετο, καὶ πάντες ὡς ἐπὶ νίκην ἕτοιμον</Unicode>
				</TextEquiv>
			</TextLine>
			<TextLine id="r127">
				<Coords points="384,2166 1644,2171 1648,2176 1651,2185 1652,2187 1653,2206 1655,2209 1655,2211 1652,2217 1205,2219 1189,2235 1159,2235 1155,2233 274,2229 258,2227 245,2213 244,2207 240,2197 241,2195 243,2192 245,2190 257,2173 259,2167 383,2167"/>
				<Word id="r1201">
					<Coords points="259,2167 387,2168 418,2173 420,2174 435,2189 528,2189 530,2190 549,2210 549,2213 548,2216 412,2220 407,2224 405,2226 399,2227 274,2228 258,2227 245,2213 244,2207 240,2197 241,2195 243,2192 245,2190 258,2173 259,2169"/>
					<TextEquiv>
						<Unicode>ἠρεθίζοντο.</Unicode>
					</TextEquiv>
				</Word>
				<Word id="r1202">
					<Coords points="652,2166 652,2206 650,2212 648,2214 646,2215 643,2216 639,2216 633,2214 630,2210 629,2207 629,2202 631,2196 633,2193 637,2191 640,2189 641,2171 644,2166"/>
					<TextEquiv>
						<Unicode>ὁ</Unicode>
					</TextEquiv>
				</Word>
				<Word id="r1203">
					<Coords points="711,2168 743,2169 744,2173 743,2177 739,2181 734,2182 730,2183 729,2201 728,2206 725,2212 721,2214 717,2215 713,2215 709,2214 706,2212 704,2208 704,2199 707,2194 710,2169"/>
					<TextEquiv>
						<Unicode>δ᾽</Unicode>
					</TextEquiv>
				</Word>
				<Word id="r1204">
					<Coords points="811,2168 813,2169 896,2169 898,2175 901,2181 904,2203 906,2207 905,2209 904,2212 902,2214 899,2216 897,2217 895,2216 802,2215 800,2214 797,2212 796,2210 796,2199 797,2197 807,2187 807,2169 809,2169"/>
					<TextEquiv>
						<Unicode>ἐπεὶ</Unicode>
					</TextEquiv>
				</Word>
				<Word id="r1205">
					<Coords points="1016,2171 1023,2173 1025,2174 1040,2189 1062,2190 1063,2193 1062,2197 1061,2199 1055,2207 1051,2211 1049,2212 1046,2214 1044,2215 1041,2216 1039,2217 962,2216 958,2203 955,2195 957,2191 963,2189 997,2189 1014,2172"/>
					<TextEquiv>
						<Unicode>πᾶν</Unicode>
					</TextEquiv>
				</Word>
				<Word id="r1206">
					<Coords points="1139,2169 1152,2170 1171,2189 1248,2191 1250,2195 1249,2200 1248,2203 1246,2206 1239,2213 1233,2217 1231,2218 1197,2221 1193,2228 1191,2232 1157,2234 1140,2217 1119,2216 1117,2215 1114,2213 1112,2210 1111,2207 1111,2203 1112,2199 1113,2197 1137,2172 1138,2170"/>
					<TextEquiv>
						<Unicode>εἶχεν</Unicode>
					</TextEquiv>
				</Word>
				<Word id="r1207">
					<Coords points="1321,2170 1343,2190 1383,2190 1420,2191 1422,2195 1420,2202 1418,2205 1410,2213 1404,2216 1402,2218 1376,2217 1372,2216 1303,2215 1301,2214 1298,2208 1297,2203 1299,2197 1302,2194 1305,2174 1311,2172"/>
					<TextEquiv>
						<Unicode>ὅσον</Unicode>
					</TextEquiv>
				</Word>
				<Word id="r1208">
					<Coords points="1514,2190 1518,2197 1521,2209 1520,2212 1515,2218 1481,2219 1472,2198 1474,2193 1476,2192 1510,2192"/>
					<TextEquiv>
						<Unicode>τι</Unicode>
					</TextEquiv>
				</Word>
				<Word id="r1209">
					<Coords points="1642,2171 1647,2175 1650,2184 1652,2188 1652,2207 1654,2209 1658,2209 1653,2219 1570,2219 1574,2204 1575,2202 1576,2198 1577,2195 1580,2192 1583,2191 1622,2191"/>
					<TextEquiv>
						<Unicode>καὶ</Unicode>
					</TextEquiv>
				</Word>
				<TextEquiv>
					<Unicode>ἠρεθίζοντο. ὁ δ᾽ ἐπεὶ πᾶν εἶχεν ὅσον τι καὶ</Unicode>
				</TextEquiv>
			</TextLine>
			<TextLine id="r128">
				<Coords points="795,2235 1085,2235 1087,2236 1609,2236 1634,2261 1654,2261 1654,2268 1653,2272 1653,2274 1643,2283 1640,2285 1636,2287 1619,2289 1618,2292 1617,2296 1615,2300 1528,2301 1523,2300 1392,2297 266,2295 252,2284 247,2283 245,2282 241,2276 240,2273 241,2270 242,2266 243,2264 253,2254 253,2237 794,2236"/>
				<Word id="r1210">
					<Coords points="254,2237 368,2240 377,2243 383,2246 393,2256 426,2256 482,2257 487,2259 489,2260 504,2274 508,2281 505,2288 499,2291 268,2293 266,2295 253,2284 245,2282 241,2276 240,2273 241,2271 242,2267 243,2264 253,2254 253,2238"/>
					<TextEquiv>
						<Unicode>ἐβούλετο,</Unicode>
					</TextEquiv>
				</Word>
				<Word id="r1211">
					<Coords points="603,2237 606,2238 626,2257 646,2257 648,2258 649,2260 648,2263 646,2264 645,2279 644,2281 642,2282 639,2283 603,2284 600,2285 594,2285 565,2283 562,2281 560,2279 559,2273 560,2267 561,2264 566,2259 569,2258 576,2257 600,2238"/>
					<TextEquiv>
						<Unicode>οὐκ</Unicode>
					</TextEquiv>
				</Word>
				<Word id="r1212">
					<Coords points="796,2235 800,2237 827,2237 829,2238 851,2257 856,2258 910,2258 913,2259 915,2260 935,2282 934,2286 933,2288 931,2290 926,2293 917,2285 716,2284 713,2283 711,2279 711,2273 712,2270 713,2268 715,2266 716,2264 726,2247 728,2238 730,2237 793,2237"/>
					<TextEquiv>
						<Unicode>ἀνέθετο,</Unicode>
					</TextEquiv>
				</Word>
				<Word id="r1213">
					<Coords points="1059,2235 1084,2235 1087,2236 1088,2238 1089,2241 1086,2247 1084,2249 1074,2251 1073,2273 1072,2277 1070,2279 1065,2283 1063,2284 994,2283 989,2281 987,2278 987,2267 989,2265 992,2261 996,2258 1009,2258 1030,2237 1056,2236 1058,2236"/>
					<TextEquiv>
						<Unicode>οὐδ᾽</Unicode>
					</TextEquiv>
				</Word>
				<Word id="r1214">
					<Coords points="1158,2236 1162,2239 1185,2239 1203,2257 1279,2257 1282,2258 1284,2261 1282,2264 1281,2265 1280,2283 1278,2284 1150,2284 1146,2283 1143,2281 1142,2280 1141,2278 1140,2273 1141,2268 1143,2264 1158,2249"/>
					<TextEquiv>
						<Unicode>εἴασε</Unicode>
					</TextEquiv>
				</Word>
				<Word id="r1215">
					<Coords points="1388,2236 1412,2259 1436,2260 1436,2263 1435,2266 1434,2271 1430,2276 1425,2279 1424,2281 1416,2285 1408,2286 1399,2289 1398,2293 1397,2296 1393,2297 1381,2285 1354,2284 1353,2275 1345,2266 1344,2263 1345,2260 1348,2259 1365,2259"/>
					<TextEquiv>
						<Unicode>τὴν</Unicode>
					</TextEquiv>
				</Word>
				<Word id="r1216">
					<Coords points="1513,2236 1608,2236 1633,2261 1653,2264 1652,2271 1651,2274 1641,2283 1638,2285 1636,2286 1627,2287 1617,2291 1615,2297 1614,2299 1524,2300 1507,2286 1502,2285 1497,2280 1496,2274 1497,2268 1499,2264 1508,2248 1510,2238 1511,2237"/>
					<TextEquiv>
						<Unicode>ὁρμὴν</Unicode>
					</TextEquiv>
				</Word>
				<TextEquiv>
					<Unicode>ἐβούλετο, οὐκ ἀνέθετο, οὐδ᾽ εἴασε τὴν ὁρμὴν</Unicode>
				</TextEquiv>
			</TextLine>
			<TextLine id="r129">
				<Coords points="676,2302 678,2303 1077,2303 1079,2304 1452,2305 1456,2306 1640,2307 1645,2313 1647,2319 1649,2323 1650,2345 1652,2346 1651,2349 1649,2352 1646,2355 1413,2356 1403,2366 1357,2368 423,2365 410,2352 376,2351 249,2350 243,2347 241,2344 241,2337 242,2333 243,2331 244,2330 254,2312 255,2304 674,2303"/>
				<Word id="r1217">
					<Coords points="255,2304 393,2304 399,2307 426,2309 428,2310 443,2325 519,2325 520,2328 538,2347 539,2349 537,2355 533,2359 531,2360 530,2361 427,2362 423,2364 409,2351 375,2350 248,2349 242,2346 241,2344 241,2337 242,2333 243,2331 255,2319"/>
					<TextEquiv>
						<Unicode>ἐκλυθῆναι,</Unicode>
					</TextEquiv>
				</Word>
				<Word id="r1218">
					<Coords points="676,2303 681,2305 682,2310 679,2317 676,2318 670,2319 669,2346 668,2348 667,2351 663,2352 566,2351 563,2349 561,2344 561,2342 562,2339 564,2336 565,2334 577,2314 579,2305 673,2304"/>
					<TextEquiv>
						<Unicode>ἀλλ᾽</Unicode>
					</TextEquiv>
				</Word>
				<Word id="r1219">
					<Coords points="734,2306 762,2326 769,2327 773,2329 774,2331 774,2334 769,2335 767,2354 764,2356 758,2355 734,2352 716,2351 712,2349 711,2346 711,2337 712,2334 728,2314"/>
					<TextEquiv>
						<Unicode>ὡς</Unicode>
					</TextEquiv>
				</Word>
				<Word id="r1220">
					<Coords points="825,2305 847,2326 871,2326 873,2340 876,2343 875,2346 872,2350 868,2352 814,2353 810,2353 807,2352 804,2350 802,2347 801,2345 801,2341 802,2337 803,2335 805,2332 807,2319 809,2308 821,2306 823,2306"/>
					<TextEquiv>
						<Unicode>ἔτι</Unicode>
					</TextEquiv>
				</Word>
				<Word id="r1221">
					<Coords points="922,2304 924,2305 947,2327 968,2327 970,2328 970,2334 966,2342 964,2345 960,2347 957,2350 951,2352 928,2353 927,2353 908,2352 906,2351 905,2349 904,2346 904,2336 905,2333 909,2328 913,2311 915,2311"/>
					<TextEquiv>
						<Unicode>ὢν</Unicode>
					</TextEquiv>
				</Word>
				<Word id="r1222">
					<Coords points="1076,2303 1078,2304 1088,2312 1093,2313 1108,2326 1276,2326 1282,2328 1285,2330 1286,2338 1296,2348 1298,2353 1297,2356 1295,2360 1147,2362 1143,2365 1141,2365 1130,2354 1003,2352 1000,2349 1000,2332 1001,2329 1002,2325 1005,2319 1008,2315 1010,2312 1017,2307 1019,2306 1073,2306"/>
					<TextEquiv>
						<Unicode>θεόληπτος,</Unicode>
					</TextEquiv>
				</Word>
				<Word id="r1223">
					<Coords points="1342,2307 1368,2310 1385,2327 1411,2328 1412,2338 1410,2346 1408,2352 1407,2356 1406,2358 1405,2361 1403,2364 1357,2366 1353,2367 1333,2354 1324,2353 1320,2351 1319,2349 1317,2346 1316,2343 1316,2339 1318,2335 1321,2332 1323,2308 1336,2307 1339,2306"/>
					<TextEquiv>
						<Unicode>ἔφη</Unicode>
					</TextEquiv>
				</Word>
				<Word id="r1224">
					<Coords points="1451,2305 1455,2306 1457,2307 1460,2309 1510,2310 1512,2311 1535,2328 1543,2331 1541,2337 1540,2339 1538,2342 1529,2351 1526,2352 1523,2354 1503,2354 1448,2353 1444,2351 1442,2348 1441,2345 1441,2343 1443,2336 1445,2333 1446,2311 1447,2308 1448,2306 1450,2306"/>
					<TextEquiv>
						<Unicode>δεῖν</Unicode>
					</TextEquiv>
				</Word>
				<Word id="r1225">
					<Coords points="1585,2307 1641,2309 1644,2313 1646,2319 1648,2323 1649,2345 1650,2346 1649,2350 1646,2353 1599,2354 1575,2353 1571,2351 1568,2347 1568,2337 1570,2334 1572,2332 1582,2315 1584,2308"/>
					<TextEquiv>
						<Unicode>ἐπὶ</Unicode>
					</TextEquiv>
				</Word>
				<TextEquiv>
					<Unicode>ἐκλυθῆναι, ἀλλ᾽ ὡς ἔτι ὢν θεόληπτος, ἔφη δεῖν ἐπὶ</Unicode>
				</TextEquiv>
			</TextLine>
			<TextLine id="r130">
				<Coords points="371,2372 1279,2374 1646,2383 1648,2387 1649,2391 1649,2423 1180,2424 1166,2436 1162,2434 712,2433 691,2429 564,2423 249,2419 249,2411 240,2401 239,2398 240,2396 242,2393 244,2392 291,2392 307,2377 309,2376 367,2376"/>
				<Word id="r1226">
					<Coords points="374,2373 381,2375 405,2393 412,2394 413,2395 413,2400 412,2401 411,2418 409,2419 330,2419 250,2420 240,2401 239,2398 240,2396 242,2393 243,2392 292,2392 307,2377 309,2376 367,2376"/>
					<TextEquiv>
						<Unicode>τοῖσδε</Unicode>
					</TextEquiv>
				</Word>
				<Word id="r1227">
					<Coords points="546,2377 550,2378 552,2379 570,2394 574,2395 576,2396 580,2399 580,2401 579,2404 575,2405 574,2422 565,2422 482,2420 482,2412 474,2402 473,2399 474,2397 475,2396 478,2395 480,2394 517,2393 526,2393 541,2378"/>
					<TextEquiv>
						<Unicode>τοῖς</Unicode>
					</TextEquiv>
				</Word>
				<Word id="r1228">
					<Coords points="794,2373 818,2394 860,2394 865,2395 869,2397 870,2402 868,2404 866,2405 865,2421 864,2423 862,2424 861,2425 723,2425 713,2433 703,2433 698,2434 687,2421 650,2420 644,2418 642,2416 641,2411 642,2405 646,2400 648,2398 654,2396 662,2395 669,2394 771,2394"/>
					<TextEquiv>
						<Unicode>σημείοις</Unicode>
					</TextEquiv>
				</Word>
				<Word id="r1229">
					<Coords points="962,2374 1030,2374 1055,2395 1064,2396 1069,2398 1070,2401 1068,2404 1066,2405 1064,2421 1062,2423 1058,2425 1054,2424 934,2421 928,2419 925,2417 924,2415 924,2405 925,2402 927,2400 930,2398 932,2396 935,2395 941,2395"/>
					<TextEquiv>
						<Unicode>εὐθὺς</Unicode>
					</TextEquiv>
				</Word>
				<Word id="r1230">
					<Coords points="1135,2374 1422,2378 1439,2395 1475,2395 1476,2397 1495,2419 1494,2423 1178,2423 1165,2435 1150,2421 1120,2419 1118,2408 1120,2405 1121,2403 1134,2382"/>
					<TextEquiv>
						<Unicode>ἀγωνίσασθαι.</Unicode>
					</TextEquiv>
				</Word>
				<Word id="r1231">
					<Coords points="1639,2376 1644,2374 1652,2390 1650,2425 1587,2422 1568,2423 1571,2415 1572,2412 1574,2408 1576,2400 1578,2397 1580,2396 1628,2396"/>
					<TextEquiv>
						<Unicode>καὶ</Unicode>
					</TextEquiv>
				</Word>
				<TextEquiv>
					<Unicode>τοῖσδε τοῖς σημείοις εὐθὺς ἀγωνίσασθαι. καὶ</Unicode>
				</TextEquiv>
			</TextLine>
			<TextLine id="r37">
				<Coords points="372,2440 375,2440 375,2462 554,2462 554,2444 556,2444 556,2443 617,2443 617,2442 618,2442 618,2441 619,2441 619,2440 621,2440 621,2441 622,2441 622,2449 631,2449 631,2450 633,2450 633,2451 635,2451 635,2452 636,2452 636,2453 637,2453 637,2454 638,2454 638,2455 639,2455 639,2457 640,2457 640,2458 641,2458 641,2460 642,2460 642,2462 680,2462 680,2463 824,2463 824,2446 825,2446 825,2444 826,2444 826,2442 827,2442 827,2441 833,2441 833,2445 935,2445 935,2442 936,2442 936,2441 941,2441 941,2463 1063,2463 1063,2462 1064,2462 1064,2458 1065,2458 1065,2457 1066,2457 1066,2455 1067,2455 1067,2453 1068,2453 1068,2452 1069,2452 1069,2450 1070,2450 1070,2449 1071,2449 1071,2448 1072,2448 1072,2447 1073,2447 1073,2446 1074,2446 1074,2445 1075,2445 1075,2444 1077,2444 1077,2443 1080,2443 1080,2442 1084,2442 1084,2443 1085,2443 1085,2444 1086,2444 1086,2445 1087,2445 1087,2447 1088,2447 1088,2463 1261,2463 1261,2442 1263,2442 1263,2443 1329,2443 1329,2444 1331,2444 1331,2445 1332,2445 1332,2446 1399,2446 1399,2447 1402,2447 1402,2448 1404,2448 1404,2449 1405,2449 1405,2450 1406,2450 1406,2451 1407,2451 1407,2464 1556,2464 1556,2445 1557,2445 1557,2444 1559,2444 1559,2443 1587,2443 1587,2442 1589,2442 1589,2443 1591,2443 1591,2444 1593,2444 1593,2445 1594,2445 1594,2446 1596,2446 1596,2447 1597,2447 1597,2448 1598,2448 1598,2449 1599,2449 1599,2450 1600,2450 1600,2451 1601,2451 1601,2453 1602,2453 1602,2464 1619,2464 1619,2465 1625,2465 1625,2466 1628,2466 1628,2467 1630,2467 1630,2469 1631,2469 1631,2472 1632,2472 1632,2474 1643,2474 1643,2475 1645,2475 1645,2476 1646,2476 1646,2477 1647,2477 1647,2478 1648,2478 1648,2479 1649,2479 1640,2479 1640,2480 1631,2480 1631,2481 1630,2481 1630,2483 1629,2483 1629,2484 1628,2484 1628,2485 1627,2485 1627,2486 1625,2486 1625,2487 1624,2487 1624,2488 1607,2488 1607,2489 1590,2489 1590,2490 1445,2490 1445,2491 1436,2491 1436,2494 1435,2494 1435,2498 1434,2498 1434,2501 1433,2501 1433,2503 1432,2503 1432,2504 1431,2504 1431,2505 1428,2505 1428,2503 1398,2503 1398,2502 1397,2502 1397,2491 1158,2491 1158,2492 1157,2492 1157,2493 1156,2493 1156,2495 1154,2495 1154,2496 1150,2496 1150,2490 749,2490 749,2489 496,2489 496,2490 495,2490 495,2491 493,2491 493,2492 490,2492 490,2489 337,2489 337,2491 336,2491 336,2496 335,2496 335,2498 334,2498 334,2500 331,2500 331,2501 254,2501 254,2502 253,2502 253,2504 250,2504 250,2487 248,2487 248,2486 247,2486 247,2485 246,2485 246,2484 244,2484 244,2483 243,2483 243,2482 242,2482 242,2480 241,2480 241,2479 240,2479 240,2471 241,2471 241,2469 242,2469 242,2468 243,2468 243,2466 244,2466 244,2464 246,2464 246,2463 247,2463 247,2462 250,2462 250,2461 258,2461 258,2460 259,2460 259,2450 260,2450 260,2447 261,2447 261,2446 262,2446 262,2445 263,2445 263,2444 265,2444 265,2445 266,2445 266,2446 368,2446 368,2443 369,2443 369,2441 370,2441 370,2440 372,2440 372,2439"/>
				<Word id="r1232">
					<Coords points="372,2440 396,2462 494,2462 497,2463 500,2465 501,2467 501,2470 497,2471 496,2486 495,2489 492,2490 341,2491 332,2499 330,2500 253,2501 250,2496 242,2480 240,2474 241,2469 243,2466 244,2464 260,2447 263,2444 366,2444"/>
					<TextEquiv>
						<Unicode>φαγόντας</Unicode>
					</TextEquiv>
				</Word>
				<Word id="r1233">
					<Coords points="619,2440 629,2449 633,2451 646,2463 741,2463 772,2464 773,2466 772,2468 770,2474 769,2476 760,2485 757,2487 755,2488 751,2489 748,2488 546,2487 544,2485 542,2482 541,2478 542,2473 544,2469 554,2451 555,2443 616,2443"/>
					<TextEquiv>
						<Unicode>ἐκέλευεν</Unicode>
					</TextEquiv>
				</Word>
				<Word id="r1234">
					<Coords points="827,2441 1083,2442 1104,2463 1139,2463 1159,2484 1159,2487 1158,2490 1155,2493 1153,2494 1147,2492 819,2488 817,2487 816,2486 814,2483 813,2481 812,2478 813,2473 814,2469 824,2452 825,2444 826,2442"/>
					<TextEquiv>
						<Unicode>ὁπλίσασθαι,</Unicode>
					</TextEquiv>
				</Word>
				<Word id="r1235">
					<Coords points="1261,2442 1263,2443 1267,2446 1268,2448 1269,2451 1271,2455 1272,2477 1275,2480 1274,2484 1271,2488 1269,2489 1189,2487 1190,2483 1193,2474 1195,2469 1205,2464 1213,2463 1240,2463"/>
					<TextEquiv>
						<Unicode>καὶ</Unicode>
					</TextEquiv>
				</Word>
				<Word id="r1236">
					<Coords points="1328,2443 1331,2445 1401,2447 1403,2448 1419,2464 1471,2464 1501,2466 1501,2469 1500,2475 1497,2479 1494,2482 1492,2483 1491,2485 1485,2488 1445,2489 1429,2504 1426,2502 1398,2502 1386,2490 1315,2487 1312,2480 1312,2475 1314,2471 1315,2470 1325,2452 1326,2444"/>
					<TextEquiv>
						<Unicode>ἐπῆγεν</Unicode>
					</TextEquiv>
				</Word>
				<Word id="r1237">
					<Coords points="1587,2442 1591,2444 1594,2446 1619,2465 1626,2466 1628,2467 1651,2475 1651,2480 1637,2481 1629,2481 1624,2490 1584,2490 1542,2492 1540,2485 1540,2478 1542,2474 1556,2452 1557,2444 1559,2443 1586,2443"/>
					<TextEquiv>
						<Unicode>ἀδο-</Unicode>
					</TextEquiv>
				</Word>
				<TextEquiv>
					<Unicode>φαγόντας ἐκέλευεν ὁπλίσασθαι, καὶ ἐπῆγεν ἀδο-</Unicode>
				</TextEquiv>
			</TextLine>
			<TextLine id="r38">
				<Coords points="318,2531 318,2532 321,2532 321,2533 323,2533 323,2534 324,2534 324,2535 325,2535 325,2536 326,2536 326,2538 327,2538 327,2558 328,2558 328,2564 327,2564 327,2566 326,2566 326,2567 325,2567 325,2568 324,2568 324,2569 322,2569 322,2570 320,2570 320,2571 319,2571 319,2572 286,2572 286,2575 285,2575 285,2580 284,2580 284,2582 283,2582 283,2583 282,2583 282,2584 278,2584 278,2581 277,2581 277,2571 265,2571 265,2570 244,2570 244,2546 243,2546 244,2546 244,2545 246,2545 246,2544 277,2544 277,2542 305,2542 305,2540 306,2540 306,2537 307,2537 307,2535 308,2535 308,2534 309,2534 309,2533 311,2533 311,2532 313,2532 313,2531"/>
				<Word id="r1238">
					<Coords points="315,2531 315,2532 319,2532 319,2533 321,2533 321,2534 323,2534 323,2535 324,2535 324,2536 325,2536 325,2538 326,2538 329,2565 323,2572 286,2571 286,2572 285,2572 288,2572 283,2586 278,2586 272,2571 241,2571 242,2545 277,2544 277,2542 305,2542 305,2540 306,2540 306,2537 307,2537 307,2535 308,2535 308,2534 309,2534 309,2533 311,2533 311,2532 315,2532"/>
					<TextEquiv>
						<Unicode>178</Unicode>
					</TextEquiv>
				</Word>
				<TextEquiv>
					<Unicode>178</Unicode>
				</TextEquiv>
			</TextLine>
		</TextRegion>
	</Page>
</PcGts>
