1747 2693
130 285 225 315 CAP.

162 325 187 351 V

325 144 619 184 APPIAN'S
668 143 903 184 ROMAN
955 142 1262 195 HISTORY,
1309 142 1484 185 BOOK
1536 142 1601 186 VI

250 265 414 328 κήπως
456 269 562 318 τοῖς
602 264 885 327 πολεμίοις,
919 264 1036 316 τοὺς
1077 263 1168 323 μὲν
1210 263 1401 316 ἱππέας
1443 262 1662 327 Σιλανῷ,

250 339 368 392 τοὺς
423 339 474 388 δὲ
525 339 707 391 πεζοὺς
755 338 958 401 Λαιλίῳ
996 338 1083 387 καὶ
1121 337 1345 401 Μαρκίῳ
1389 338 1663 401 παραδούς·

253 420 330 464 27.
369 415 699 478 Ἀσδρούβας
753 415 803 462 δὲ
843 414 928 461 καὶ
962 412 1165 474 Μάγων
1201 415 1285 462 καὶ
1329 412 1664 462 Μασσανάσ-

251 511 362 550 σης,
385 490 618 541 ἐπιόντος
643 489 817 541 αὐτοῖς
842 491 934 536 τοῦ
959 486 1244 541 Σκιπίωνος
1267 487 1411 552 ἄφνω
1441 487 1665 536 σταδίων

250 567 411 613 ὄντων
436 566 489 614 ἐν
513 562 654 625 μέσῳ
684 562 805 612 δέκα
843 562 1023 623 μόνων,
1054 562 1237 612 ἄσιτον
1265 563 1427 611 οὖσαν
1465 562 1538 612 ἔτι
1576 562 1665 625 τὴν

251 639 505 703 στρατιὰν
533 639 761 699 ὥπλιζον
785 638 913 701 μετὰ
942 638 1173 699 σπουδῆς
1200 639 1285 688 καὶ
1314 639 1542 699 θορύβου
1581 640 1665 687 καὶ

249 716 393 776 βοῆς.
464 713 733 775 γενομένης
793 713 833 762 δ᾽
896 713 1020 775 ὁμοῦ
1082 714 1407 778 πεζομαχίας
1467 734 1523 762 τε
1583 714 1667 761 καὶ

253 787 597 855 ἱππομαχίας,
653 787 701 837 οἱ
759 788 852 849 μὲν
908 787 1086 839 ἱππεῖς
1143 787 1188 836 οἱ
1249 791 1350 836 τῶν
1402 787 1667 850 Ῥωμαίων

251 866 497 928 ἐκράτουν
528 863 626 913 ὑπὸ
667 868 756 926 τῆς
800 864 958 925 αὐτῆς
997 867 1249 928 μηχανῆς,
1280 863 1667 927 ἀμεταστρεπτὶ

252 941 367 991 τοὺς
406 939 653 1003 Νομάδας
691 938 973 994 διώκοντες,
1014 939 1308 1003 ὑποχωρεῖν
1352 938 1666 1001 εἰθισμένους

251 1017 339 1063 καὶ
364 1016 683 1063 ἐπελαύνειν·
758 1015 831 1065 οἷς
856 1014 921 1062 τὰ
948 1013 1160 1062 ἀκόντια
1189 1013 1271 1061 διὰ
1291 1013 1382 1075 τὴν
1408 1013 1662 1075 ἐγγύτητα

252 1084 394 1133 οὐδὲν
421 1084 481 1143 ἦν
509 1084 582 1132 ἔτι
609 1083 861 1147 χρήσιμα·
938 1082 985 1130 οἱ
1010 1082 1153 1143 πεζοὶ
1195 1081 1234 1130 δ᾽
1262 1083 1538 1130 ἐπονοῦντο
1568 1082 1664 1131 ὑπὸ

253 1156 344 1201 τοῦ
374 1152 608 1213 πλήθους
649 1155 748 1200 τῶν
790 1151 1018 1211 Λιβύων,
1062 1151 1147 1200 καὶ
1185 1151 1414 1210 ἡττῶντο
1455 1149 1516 1199 δι᾽
1543 1151 1665 1212 ὅλης

250 1222 457 1285 ἡμέρας.
533 1221 643 1268 οὐδὲ
694 1223 784 1269 τοῦ
822 1217 1110 1271 Σκιπίωνος
1151 1218 1337 1270 αὐτοὺς
1376 1218 1665 1270 ἐπιθέοντός

253 1311 307 1339 τε
357 1291 442 1338 καὶ
502 1292 934 1352 παρακαλοῦντος
993 1287 1330 1350 μετετίθεντο,
1378 1288 1533 1354 μέχρι
1581 1288 1665 1336 τὸν

254 1357 415 1407 ἵππον
464 1354 695 1407 Σκιπίων
745 1360 814 1420 τῷ
863 1356 1010 1406 παιδὶ
1060 1357 1337 1420 παραδούς,
1388 1357 1473 1406 καὶ
1521 1357 1664 1422 παρά

252 1448 387 1477 τινος
413 1425 614 1475 ἀσπίδα
639 1425 840 1483 λαβών,
868 1425 1141 1489 ἐξέδραμεν
1178 1426 1243 1477 ὡς
1283 1426 1392 1491 εἶχε
1432 1427 1584 1485 μόνος
1619 1427 1665 1477 ἐς

253 1494 310 1544 τὸ
326 1496 651 1580 μεταίχμιον,
671 1494 947 1559 κεκραγώς,
962 1495 1328 1555 "ἐπικουρεῖτε,
1349 1494 1386 1541 ὦ
1401 1493 1662 1553 Ῥωμαῖοι,

254 1565 597 1614 κινδυνεύοντι
648 1565 785 1622 ὑμῶν
835 1567 905 1627 τῷ
954 1561 1252 1613 Σκιπίωνι."
1326 1561 1440 1611 τότε
1477 1562 1578 1625 γὰρ
1616 1563 1663 1611 οἱ

251 1636 343 1693 μὲν
392 1633 542 1694 ἐγγὺς
597 1630 809 1694 ὁρῶντες
859 1631 908 1679 οἷ
955 1630 1187 1679 κινδύνου
1246 1630 1469 1693 φέρεται,
1520 1631 1568 1679 οἱ
1616 1631 1664 1680 δὲ

253 1699 425 1764 πόρρω
467 1699 859 1762 πυνθανόμενοι,
902 1699 987 1749 καὶ
1031 1700 1220 1753 πάντες
1261 1700 1444 1761 ὁμοίως
1495 1701 1663 1748 αἰδού-

251 1771 397 1832 μενοί
419 1791 472 1819 τε
498 1771 584 1817 καὶ
625 1770 742 1832 περὶ
770 1773 840 1832 τῷ
881 1772 1159 1832 στρατηγῷ
1200 1767 1431 1824 δεδιότες,
1459 1767 1664 1832 ἐσέδρα-

250 1861 347 1900 μον
373 1841 422 1892 ἐς
448 1841 565 1889 τοὺς
594 1839 874 1897 πολεμίους
912 1836 1019 1898 μετ᾽
1047 1837 1364 1900 ἀλαλαγμοῦ
1401 1838 1487 1885 καὶ
1525 1836 1664 1894 βίας,

250 1907 312 1968 ἣν
340 1908 430 1956 οὐκ
456 1905 744 1968 ἐνεγκόντες
773 1906 817 1954 οἱ
845 1908 1038 1964 Λίβυες
1075 1906 1338 1961 ἐνέδωκαν,
1366 1906 1664 1954 ἐπιλειπού-

253 1998 348 2037 σης
385 1976 568 2028 αὐτοὺς
609 1976 714 2037 ἅμα
755 1979 843 2036 τῆς
885 1973 1140 2037 δυνάμεως
1186 1973 1285 2022 ὑπὸ
1331 1978 1417 2036 τῆς
1458 1973 1661 2024 ἀσιτίας

250 2043 368 2106 περὶ
395 2043 637 2106 ἑσπέραν·
712 2043 799 2091 καὶ
825 2042 991 2095 πολὺς
1029 2043 1199 2090 αὐτῶν
1241 2041 1301 2090 δι᾽
1328 2041 1509 2105 ὀλίγου
1551 2041 1664 2092 τότε

252 2111 406 2174 φόνος
432 2113 675 2174 ἐγίγνετο.
748 2115 899 2160 τοῦτο
925 2110 1017 2173 μὲν
1043 2110 1102 2171 δὴ
1129 2110 1275 2164 τέλος
1312 2111 1373 2170 ἦν
1412 2108 1659 2162 Σκιπίωνι

252 2186 341 2243 τῆς
367 2184 481 2242 περὶ
523 2180 813 2244 Καρμώνην
852 2180 1042 2245 μάχης,
1069 2180 1398 2245 ἐπισφαλοῦς
1439 2180 1487 2231 ἐς
1525 2180 1659 2228 πολὺ

252 2249 537 2308 γενομένης.
612 2248 869 2298 ἀπέθανον
917 2244 956 2295 δ᾽
998 2249 1051 2297 ἐν
1096 2248 1225 2309 αὐτῇ
1269 2245 1536 2310 Ῥωμαίων
1573 2247 1658 2310 μὲν

254 2316 566 2374 ὀκτακόσιοι,
596 2321 697 2366 τῶν
738 2316 788 2364 δὲ
828 2315 1093 2376 πολεμίων
1135 2315 1308 2377 μύριοι
1350 2317 1435 2365 καὶ
1475 2338 1654 2366 πεντα·

250 2388 524 2452 κισχίλιοι.

254 2478 338 2519 180
