1747 2693
128 295 221 325 CAP.

161 335 185 363 V

130 2002 223 2032 CAP.

145 2042 182 2069 VI

321 157 616 199 APPIAN'S
666 158 899 199 ROMAN
948 156 1262 211 HISTORY,
1304 158 1484 200 BOOK
1533 158 1594 198 VI

319 285 393 326 28.
435 280 585 326 Μετὰ
613 280 665 328 δὲ
693 280 831 329 τοῦθ᾽
855 280 901 328 οἱ
918 281 1008 344 μὲν
1040 281 1229 342 Λίβυες
1257 282 1558 346 ὑπεχώρουν
1584 282 1658 329 ἀεὶ

247 347 378 408 μετὰ
439 348 684 409 σπουδῆς,
747 347 770 397 ὁ
833 348 886 398 δὲ
947 347 1177 400 Σκιπίων
1237 351 1413 404 αὐτοῖς
1472 349 1660 407 εἵπετο,

245 417 508 475 βλάπτων
547 438 595 466 τι
645 417 732 465 καὶ
768 420 949 467 λυπῶν
987 418 1167 471 ὁσάκις
1206 419 1525 476 καταλάβοι.
1598 419 1661 471 ὡς

248 483 287 530 δ᾽
317 484 364 531 οἱ
392 484 482 549 μὲν
522 484 710 549 ὀχυρόν
749 507 795 534 τι
833 485 1027 549 χωρίον
1062 486 1388 549 προύλαβον,
1415 487 1536 535 ἔνθα
1573 487 1661 534 καὶ

248 552 383 618 ὕδωρ
430 554 491 614 ἦν
540 554 766 618 ἄφθονον
800 554 889 602 καὶ
938 555 1119 618 ἀγορά,
1154 555 1243 605 καὶ
1279 555 1423 605 οὐδὲν
1458 555 1595 604 ἄλλο
1630 555 1664 616 ἢ

248 626 546 685 πολιορκεῖν
606 623 793 674 αὐτοὺς
854 623 967 681 ἔδει,
1031 623 1298 675 Σκιπίωνα
1361 624 1399 671 δ᾽
1451 624 1662 685 ἤπειγον

251 691 419 753 ἕτεραι
480 694 669 754 χρεῖαι,
734 689 955 740 Σιλανὸν
1025 691 1117 755 μὲν
1176 692 1406 741 ἀπέλιπε
1478 691 1661 740 τούσδε

248 763 577 823 πολιορκεῖν,
607 759 760 813 αὐτὸς
811 759 850 807 δ᾽
902 758 1046 823 ἐπῄει
1087 759 1178 823 τὴν
1222 760 1392 823 ἄλλην
1428 758 1662 824 Ἰβηρίαν

251 827 335 874 καὶ
388 827 631 889 ὑπήγετο.
741 828 956 885 Λιβύων
1005 828 1057 877 δὲ
1118 832 1217 879 τῶν
1279 830 1378 878 ὑπὸ
1441 829 1663 877 Σιλανοῦ

249 896 699 960 πολιορκουμένων
757 898 905 949 αὖθις
956 897 1379 962 ὑποχωρούντων,
1430 897 1521 950 ἕως
1581 897 1663 946 ἐπὶ

251 964 336 1010 τὸν
374 964 607 1028 πορθμὸν
644 964 944 1029 ἀφικόμενοι
978 966 1026 1018 ἐς
1064 965 1286 1030 Γάδειρα
1324 965 1603 1030 ἐπέρασαν,
1641 964 1662 1013 ὁ

252 1031 485 1087 Σιλανός,
538 1034 639 1082 ὅσα
688 1034 901 1083 δυνατὸν
950 1034 1011 1094 ἦν
1059 1035 1303 1101 βλάψας,
1345 1035 1665 1098 ἀνεζεύγνυεν

252 1101 299 1152 ἐς
345 1101 658 1166 Καρχηδόνα
703 1101 833 1166 πρὸς
883 1099 1167 1152 Σκιπίωνα.
1239 1102 1575 1167 Ἀσδρούβαν
1613 1102 1664 1151 δὲ

249 1168 338 1218 τὸν
361 1168 700 1236 Ἀμίλχαρος,
729 1171 846 1236 περὶ
884 1171 970 1221 τὸν
1005 1170 1209 1236 βόρειον
1248 1170 1470 1221 ὠκεανὸν
1508 1192 1665 1236 στρα

251 1236 365 1285 τιὰν
402 1239 476 1285 ἔτι
516 1239 859 1302 συλλέγοντα,
888 1239 910 1288 ὁ
950 1240 1174 1302 ἀδελφὸς
1209 1240 1456 1295 Ἀννίβας
1495 1240 1666 1289 ἐκάλει

253 1305 387 1355 κατὰ
428 1306 663 1369 σπουδὴν
705 1308 754 1360 ἐς
796 1307 888 1369 τὴν
926 1307 1160 1357 Ἰταλίαν
1201 1309 1470 1368 ἐσβαλεῖν.
1548 1308 1572 1355 ὁ
1614 1308 1663 1355 δὲ

254 1374 333 1421 ἵνα
357 1375 514 1423 λάθοι
541 1375 629 1424 τὸν
668 1375 945 1430 Σκιπίωνα,
974 1376 1118 1440 παρὰ
1156 1375 1243 1426 τὸν
1279 1375 1483 1440 βόρειον
1511 1378 1664 1424 ὠκεα

252 1443 334 1491 νὸν
375 1443 466 1505 τὴν
518 1444 759 1505 Πυρήνην
810 1446 857 1498 ἐς
909 1446 1154 1498 Γαλάτας
1197 1445 1519 1509 ὑπερέβαινε,
1558 1444 1665 1509 μεθ᾽

252 1513 320 1559 ὧν
346 1513 698 1575 ἐξενολογήκει
722 1514 1080 1576 Κελτιβήρων.
1156 1514 1240 1562 καὶ
1267 1514 1289 1562 ὁ
1308 1514 1398 1577 μὲν
1419 1514 1664 1578 Ἀσδρού-

251 1583 354 1636 βας
383 1580 477 1629 ὧδε
505 1582 553 1633 ἐς
579 1581 670 1642 τὴν
696 1580 947 1639 Ἰταλίαν,
976 1585 1074 1633 τῶν
1091 1582 1312 1633 Ἰταλῶν
1333 1583 1666 1645 ἀγνοούντων,

249 1647 509 1711 ἠπείγετο.

933 1863 995 1905 VI

321 1988 395 2030 29.
435 1983 649 2032 Λεύκιος
689 1983 727 2030 δ᾽
752 1983 858 2032 ἀπὸ
883 1982 1079 2045 Ῥώμης
1120 1982 1342 2033 ἐπανιὼν
1370 1985 1558 2048 ἔφραζε
1592 1987 1660 2048 τῷ

249 2047 502 2101 Σκιπίωνι
520 2052 595 2100 ὅτι
615 2053 768 2100 αὐτὸν
787 2054 834 2100 οἱ
851 2054 900 2101 ἐν
918 2054 1066 2101 ἄστει
1082 2054 1325 2114 Ῥωμαῖοι
1347 2055 1661 2101 διανοοῦνται

248 2120 544 2184 στρατηγὸν
595 2122 642 2172 ἐς
692 2121 896 2181 Λιβύην
932 2121 1294 2170 ἀποστέλλειν.
1359 2121 1381 2169 ὁ
1427 2123 1475 2169 δὲ
1517 2121 1661 2170 τοῦδε

249 2189 406 2236 αὐτοῦ
425 2189 660 2251 μάλιστα
690 2189 951 2251 ἐπιθυμῶν
991 2190 1045 2238 ἐκ
1070 2193 1293 2247 πολλοῦ,
1322 2190 1408 2239 καὶ
1443 2189 1662 2250 ἐλπίζων

249 2256 343 2303 ὧδε
370 2257 602 2310 ἔσεσθαι,
632 2256 851 2306 Λαίλιον
879 2258 963 2306 ἐπὶ
990 2260 1111 2308 νεῶν
1138 2258 1291 2307 πέντε
1323 2259 1661 2322 προύπεμπεν

248 2326 296 2374 ἐς
324 2326 529 2384 Λιβύην
554 2326 682 2388 πρὸς
715 2326 802 2376 τὸν
840 2326 1099 2388 δυνάστην
1127 2323 1365 2391 Σύφακα,
1395 2328 1581 2392 δωρεάς
1608 2348 1661 2374 τε

248 2395 485 2456 φέροντα,
531 2395 615 2441 καὶ
660 2397 760 2442 τῶν
806 2391 1108 2445 Σκιπιώνων
1148 2395 1438 2457 ὑπόμνησιν
1488 2399 1577 2457 τῆς
1613 2396 1659 2447 ἐς

251 2485 330 2524 182
