1747 2693
132 286 227 316 CAP.

155 327 199 356 VI

326 149 622 190 APPIAN'S
673 149 907 190 ROMAN
957 149 1265 201 HISTORY,
1313 149 1489 190 BOOK
1541 149 1603 191 VI

253 271 407 318 αὐτόν
458 271 680 335 Σύφακα
713 269 910 330 φιλίας,
956 270 1043 321 καὶ
1083 269 1260 331 δέησιν
1294 270 1581 334 Ῥωμαίοις,
1610 270 1671 320 ἂν

253 338 454 391 ἐπίωσι,
475 338 894 399 συλλαμβάνειν.
945 338 969 388 ὁ
988 340 1038 388 δὲ
1061 338 1322 405 ὑπέσχετό
1341 360 1396 388 τε
1414 339 1669 402 ποιήσειν,

253 407 340 454 καὶ
368 407 431 456 τὰ
459 407 593 471 δῶρα
621 408 786 469 ἔλαβε
807 407 895 457 καὶ
916 407 1249 472 ἀντέπεμψεν
1270 408 1435 472 ἕτερα.
1491 406 1671 457 αἰσθό-

252 497 393 538 μενοι
432 476 483 525 δὲ
522 476 716 524 τούτων
755 476 802 524 οἱ
842 476 1207 541 Καρχηδόνιοι,
1246 476 1333 526 καὶ
1371 476 1516 525 αὐτοὶ
1554 476 1674 540 περὶ

254 544 558 630 συμμαχίας
586 544 966 609 ἐπρεσβεύοντο
992 546 1135 609 παρὰ
1163 546 1250 594 τὸν
1276 547 1511 610 Σύφακα.
1586 544 1675 593 καὶ

254 611 277 660 ὁ
306 610 536 662 Σκιπίων
564 613 942 676 πυνθανόμενός
980 634 1050 669 τε,
1078 613 1167 663 καὶ
1201 613 1335 675 μέγα
1371 613 1674 677 ποιούμενος

253 681 338 729 ἐπὶ
366 681 739 747 Καρχηδονίοις
779 684 1113 744 προσλαβεῖν
1140 682 1227 731 καὶ
1256 682 1673 741 βεβαιώσασθαι

254 748 490 814 Σύφακα,
536 750 611 814 ᾔει
662 750 791 814 πρὸς
841 750 996 799 αὐτὸν
1046 750 1131 799 ἐπὶ
1181 753 1303 799 νεῶν
1342 750 1429 799 δύο
1471 752 1565 799 σὺν
1603 755 1674 814 τῷ

252 820 471 883 Λαιλίῳ.

323 892 398 933 30.
443 887 546 936 Καὶ
597 888 737 951 αὐτῷ
790 887 1125 951 καταγομένῳ
1181 887 1226 935 οἱ
1277 887 1526 950 πρέσβεις
1573 891 1674 936 τῶν

255 954 643 1020 Καρχηδονίων,
670 956 744 1005 ἔτι
782 957 920 1009 ὄντες
947 956 1092 1021 παρὰ
1130 960 1199 1021 τῷ
1240 953 1461 1021 Σύφακι,
1490 956 1675 1006 ναυσὶν

253 1025 333 1075 αἷς
394 1025 534 1089 εἶχον
593 1029 815 1086 μακραῖς
875 1025 1211 1082 ἐπανήγοντο,
1274 1024 1523 1077 λαθόντες
1586 1024 1676 1073 τὸν

253 1089 493 1158 Σύφακα.
603 1094 724 1141 ἀλλ᾽
777 1095 799 1142 ὁ
861 1095 952 1156 μὲν
1002 1096 1150 1157 ἱστίῳ
1205 1097 1465 1158 χρώμενος
1516 1092 1671 1158 παρέ-

252 1168 483 1211 πλευσεν
507 1163 692 1211 αὐτοὺς
731 1163 887 1212 ἀδεῶς
923 1162 1013 1210 καὶ
1050 1161 1306 1225 κατήχθη,
1336 1161 1359 1212 ὁ
1398 1161 1449 1210 δὲ
1489 1161 1677 1227 Σύφαξ

253 1229 463 1290 ἐξένιζεν
489 1229 827 1294 ἀμφοτέρους,
854 1230 942 1280 καὶ
982 1234 1051 1294 τῷ
1081 1227 1334 1281 Σκιπίωνι
1372 1230 1672 1294 συνθέμενος

251 1297 358 1366 ἰδίᾳ
397 1298 486 1348 καὶ
528 1298 733 1351 πίστεις
765 1299 1063 1364 παρασχὼν
1100 1299 1391 1362 ἀπέπεμπε,
1432 1299 1518 1349 καὶ
1558 1299 1672 1351 τοὺς

255 1366 643 1432 Καρχηδονίους
670 1368 1032 1433 ἐφεδρεύοντας
1072 1370 1218 1421 αὖθις
1248 1370 1388 1433 αὐτῷ
1416 1372 1670 1433 κατεῖχεν,

254 1437 343 1489 ἕως
372 1437 422 1485 ἐν
446 1435 653 1498 βεβαίῳ
686 1438 776 1498 τῆς
803 1436 1082 1497 θαλάσσης
1121 1435 1320 1498 γένοιτο
1360 1435 1384 1485 ὁ
1425 1435 1669 1486 Σκιπίων.

252 1504 397 1568 παρὰ
443 1504 535 1566 μὲν
575 1504 634 1566 δὴ
675 1509 925 1554 τοσοῦτον
975 1506 1101 1565 ἦλθε
1150 1504 1384 1554 κινδύνου
1423 1504 1669 1562 Σκιπίων,

253 1571 601 1636 καταγόμενός
629 1594 684 1622 τε
710 1573 792 1623 καὶ
822 1573 1013 1622 πλέων·
1054 1571 1262 1636 λέγεται
1290 1571 1331 1621 δ᾽
1359 1573 1409 1622 ἐν
1432 1571 1668 1637 Σύφακος

254 1642 559 1703 ἑστιώμενος
597 1643 1080 1704 συγκατακλιθῆναι
1121 1645 1191 1706 τῷ
1228 1642 1547 1707 Ἀσδρούβᾳ,
1586 1642 1669 1688 καὶ

253 1711 407 1758 αὐτὸν
446 1709 470 1759 ὁ
507 1709 841 1775 Ἀσδρούβας
868 1712 986 1775 περὶ
1013 1714 1228 1761 πολλῶν
1255 1709 1483 1774 ἐρόμενος
1512 1734 1668 1762 κατα-

252 1785 520 1841 πλαγῆναι
559 1784 648 1841 τῆς
687 1779 1012 1841 σεμνότητος,
1043 1780 1128 1829 καὶ
1166 1779 1295 1843 πρὸς
1331 1779 1448 1833 τοὺς
1484 1779 1666 1845 φίλους

252 1847 412 1895 εἰπεῖν
448 1847 528 1896 ὅτι
564 1848 631 1910 μὴ
666 1847 818 1911 μόνον
857 1851 1100 1911 πολεμῶν
1138 1848 1283 1902 οὗτος
1323 1847 1345 1896 ὁ
1375 1848 1500 1913 ἀνὴρ
1526 1848 1668 1896 ἀλλὰ

254 1916 339 1964 καὶ
368 1917 668 1970 ἑστιώμενος
695 1919 918 1980 φοβερὸς
945 1919 1037 1977 εἴη.

324 1990 399 2033 31.
439 1988 520 2048 Τῷ
567 1983 607 2033 δ᾽
649 1986 788 2050 αὐτῷ
834 1984 998 2051 χρόνῳ
1046 1983 1272 2047 Μάγωνί
1314 2007 1439 2036 τινες
1483 1987 1660 2033 Κελτι-

252 2052 430 2115 βήρων
456 2053 542 2102 καὶ
611 2052 832 2116 Ἰβήρων
894 2054 966 2102 ἔτι
1033 2054 1421 2119 ἐμισθοφόρουν,
1486 2054 1553 2103 ὧν
1614 2054 1672 2103 αἱ

253 2120 432 2171 πόλεις
460 2122 508 2175 ἐς
532 2121 814 2184 Ῥωμαίους
840 2121 1206 2184 μετετέθειντο.
1266 2122 1352 2172 καὶ
1378 2121 1401 2171 ὁ
1431 2121 1668 2186 Μάρκιος

252 2191 426 2240 αὐτοῖς
464 2190 758 2254 ἐπιθέμενος
797 2190 998 2256 χιλίους
1034 2190 1126 2254 μὲν
1170 2190 1255 2240 καὶ
1295 2190 1666 2245 πεντακοσίους

254 2256 551 2323 διέφθειρεν,
592 2259 638 2306 οἱ
678 2259 728 2307 δὲ
768 2260 946 2308 λοιποὶ
996 2259 1235 2324 διέφυγον
1276 2259 1430 2308 αὐτὸν
1480 2261 1528 2311 ἐς
1576 2259 1666 2313 τὰς

253 2325 446 2376 πόλεις.
546 2327 744 2392 ἑτέρους
806 2328 858 2376 δὲ
921 2328 1266 2381 ἑπτακοσίους
1329 2329 1519 2381 ἱππέας
1581 2329 1664 2377 καὶ

251 2395 433 2453 πεζοὺς
462 2395 867 2460 ἑξακιοχιλίους,
889 2397 1143 2449 Ἄννωνος
1172 2397 1341 2445 αὐτῶν
1367 2396 1661 2460 ἡγουμένου,

253 2486 338 2539 184
