<?xml version="1.0" encoding="UTF-8"?>
<PcGts xmlns:xsi="http://www.w3.org/2001/XMLSchema-instance" xmlns="http://schema.primaresearch.org/PAGE/gts/pagecontent/2013-07-15" xsi:schemaLocation="http://schema.primaresearch.org/PAGE/gts/pagecontent/2013-07-15 http://schema.primaresearch.org/PAGE/gts/pagecontent/2013-07-15/pagecontent.xsd">
	<Metadata>
		<Creator/>
		<Created>2014-06-10T02:44:52</Created>
		<LastChange>2014-06-10T02:44:52</LastChange>
	</Metadata>
	<Page imageFilename="0202.jpg" imageWidth="1747" imageHeight="2693">
		<TextRegion type="paragraph" id="r1">
			<Coords points="120,271 224,272 231,371 121,360 106,312"/>
			<TextLine id="r37">
				<Coords points="191,286 191,287 207,287 207,288 209,288 209,289 210,289 210,291 211,291 211,301 212,301 212,309 220,309 220,310 221,310 221,311 222,311 222,314 223,314 222,314 222,315 221,315 221,316 220,316 220,317 217,317 217,316 136,316 136,315 134,315 134,314 133,314 133,313 132,313 132,312 131,312 131,311 130,311 130,310 129,310 129,308 128,308 128,307 127,307 127,301 126,301 127,301 127,295 128,295 128,293 129,293 129,291 131,291 131,290 132,290 132,289 133,289 133,288 134,288 134,287 136,287 136,286"/>
				<Word id="r1000">
					<Coords points="136,286 190,286 190,287 206,287 206,288 208,288 208,290 209,290 209,299 206,299 206,300 202,300 202,301 201,301 201,310 220,310 220,312 221,312 221,313 222,313 222,315 221,315 221,316 220,316 220,317 217,317 217,316 215,316 215,315 200,315 200,314 135,314 135,313 133,313 133,312 132,312 132,311 131,311 131,309 130,309 130,308 129,308 129,307 128,307 128,293 129,293 129,291 131,291 131,290 132,290 132,289 133,289 133,288 134,288 134,287 136,287"/>
					<TextEquiv>
						<Unicode>CAP.</Unicode>
					</TextEquiv>
				</Word>
				<TextEquiv>
					<Unicode>CAP.</Unicode>
				</TextEquiv>
			</TextLine>
			<TextLine id="r38">
				<Coords points="191,327 190,327 198,355 184,360 159,352 159,349 158,349 158,346 157,346 157,343 156,343 156,340 155,340 155,337 154,337 154,334 153,334 153,331 152,331 152,330 151,330 151,329 150,329 150,328 149,328 150,328 150,327"/>
				<Word id="r1001">
					<Coords points="150,327 189,327 190,351 186,354 181,353 161,352 159,350 153,332 150,328"/>
					<TextEquiv>
						<Unicode>VI</Unicode>
					</TextEquiv>
				</Word>
				<TextEquiv>
					<Unicode>VI</Unicode>
				</TextEquiv>
			</TextLine>
		</TextRegion>
		<TextRegion type="paragraph" id="r2">
			<Coords points="317,133 244,279 231,2548 1691,2541 1687,116 587,94"/>
			<TextLine id="r101">
				<Coords points="348,147 1601,147 1601,149 1599,150 1610,191 1425,189 1263,191 1262,195 1260,198 1257,200 1251,202 1240,191 351,188 328,187 334,179 336,176 338,170 339,168 340,165 343,159 346,150"/>
				<Word id="r1002">
					<Coords points="348,147 609,147 620,149 621,151 621,181 619,187 350,187 331,184 335,178 338,169 339,167 340,164 343,158 345,152 347,149"/>
					<TextEquiv>
						<Unicode>APPIAN&apos;S</Unicode>
					</TextEquiv>
				</Word>
				<Word id="r1003">
					<Coords points="865,147 903,147 907,148 904,151 902,155 901,187 882,188 672,189 672,148 864,148"/>
					<TextEquiv>
						<Unicode>ROMAN</Unicode>
					</TextEquiv>
				</Word>
				<Word id="r1004">
					<Coords points="1098,147 1098,148 1208,148 1208,147 1242,147 1242,148 1247,148 1246,148 1246,149 1245,149 1245,150 1244,150 1244,151 1243,151 1243,152 1242,152 1242,153 1241,153 1241,154 1240,154 1240,155 1239,155 1239,156 1238,156 1238,158 1237,158 1237,160 1236,160 1236,161 1235,161 1235,162 1234,162 1234,164 1233,164 1233,181 1259,181 1259,182 1261,182 1261,183 1262,183 1262,185 1263,185 1263,190 1262,190 1262,192 1261,192 1261,193 1260,193 1260,195 1259,195 1259,197 1258,197 1258,198 1257,198 1257,199 1253,199 1253,200 1251,200 1252,200 1252,198 1253,198 1253,194 1254,194 1254,191 1255,191 1255,189 1140,189 1140,188 956,188 957,188 957,148 1098,148"/>
					<TextEquiv>
						<Unicode>HISTORY,</Unicode>
					</TextEquiv>
				</Word>
				<Word id="r1007">
					<Coords points="1312,147 1312,148 1452,148 1452,147 1486,147 1486,187 1487,187 1487,189 1310,189 1310,186 1311,186 1311,148 1312,148"/>
					<TextEquiv>
						<Unicode>BOOK</Unicode>
					</TextEquiv>
				</Word>
				<Word id="r1009">
					<Coords points="1541,147 1600,147 1599,188 1598,189 1554,188 1552,184 1551,181 1549,177 1545,165 1544,163 1543,160 1542,158 1541,155 1539,152 1537,148 1540,148"/>
					<TextEquiv>
						<Unicode>VI</Unicode>
					</TextEquiv>
				</Word>
				<TextEquiv>
					<Unicode>APPIAN&apos;S ROMAN HISTORY, BOOK VI</Unicode>
				</TextEquiv>
			</TextLine>
			<TextLine id="r102">
				<Coords points="741,269 1530,269 1532,270 1554,292 1629,292 1667,293 1667,306 1657,315 1651,319 1650,320 1370,322 1364,324 1185,325 1175,335 365,334 353,322 321,321 319,320 255,319 253,318 250,316 249,314 249,304 250,302 252,300 253,297 259,294 262,293 267,292 311,291 355,291 376,270 740,270"/>
				<Word id="r1010">
					<Coords points="376,270 388,280 392,282 404,293 544,293 547,294 548,296 547,300 546,303 544,307 536,315 533,317 530,318 528,319 527,320 382,321 367,334 352,321 320,320 318,319 254,318 250,316 249,314 249,304 250,302 252,300 253,297 259,294 262,293 267,292 311,291 355,291"/>
					<TextEquiv>
						<Unicode>συνήλασεν</Unicode>
					</TextEquiv>
				</Word>
				<Word id="r1011">
					<Coords points="615,271 617,272 640,294 643,296 645,300 644,302 642,304 640,312 639,320 638,322 636,324 632,325 625,321 606,320 604,319 601,318 599,315 597,311 597,306 599,300 600,299 610,282 611,273 612,272"/>
					<TextEquiv>
						<Unicode>ἐς</Unicode>
					</TextEquiv>
				</Word>
				<Word id="r1012">
					<Coords points="742,269 749,274 777,274 780,275 797,292 849,293 851,299 864,312 865,314 866,317 865,320 864,322 858,328 771,331 765,334 751,320 734,319 687,319 685,282 684,279 685,277 733,277"/>
					<TextEquiv>
						<Unicode>λόφον,</Unicode>
					</TextEquiv>
				</Word>
				<Word id="r1013">
					<Coords points="930,271 962,271 965,272 987,292 991,293 1022,293 1022,300 1020,306 1017,310 1014,313 1011,315 1010,316 1007,317 1002,319 943,319 911,316 908,303 909,300 911,297 913,280 915,275 918,273 928,273"/>
					<TextEquiv>
						<Unicode>ὅθεν</Unicode>
					</TextEquiv>
				</Word>
				<Word id="r1014">
					<Coords points="1084,271 1089,274 1255,274 1257,275 1273,291 1365,291 1373,293 1375,295 1377,298 1376,300 1373,303 1371,319 1368,322 1365,323 1363,324 1185,324 1173,334 1157,320 1068,318 1066,317 1064,313 1064,308 1065,304 1066,302 1067,301 1080,280"/>
					<TextEquiv>
						<Unicode>ἀποροῦντες</Unicode>
					</TextEquiv>
				</Word>
				<Word id="r1015">
					<Coords points="1528,269 1530,270 1553,292 1628,292 1666,299 1665,306 1655,315 1652,317 1649,320 1463,320 1461,319 1423,317 1421,314 1420,311 1420,309 1421,305 1422,303 1425,299 1436,282 1437,275 1440,271 1525,271"/>
					<TextEquiv>
						<Unicode>ἁπάντων</Unicode>
					</TextEquiv>
				</Word>
				<TextEquiv>
					<Unicode>συνήλασεν ἐς λόφον, ὅθεν ἀποροῦντες ἁπάντων</Unicode>
				</TextEquiv>
			</TextLine>
			<TextLine id="r103">
				<Coords points="887,337 889,338 1568,340 1571,342 1607,343 1609,344 1627,362 1649,362 1650,365 1666,382 1666,384 1665,387 1629,388 1335,389 1320,404 315,404 301,390 255,388 253,387 250,385 248,382 247,379 247,375 248,373 250,368 252,366 260,351 261,342 262,341 886,338"/>
				<Word id="r1016">
					<Coords points="507,340 529,360 621,360 623,361 626,363 628,366 628,375 627,377 626,381 624,383 623,385 619,387 615,388 424,389 414,399 320,401 315,403 301,389 254,387 250,385 248,382 247,379 247,375 248,373 249,370 251,368 252,366 261,349 262,341 504,341"/>
					<TextEquiv>
						<Unicode>ἐπρεσβεύοντο</Unicode>
					</TextEquiv>
				</Word>
				<Word id="r1017">
					<Coords points="753,339 782,360 790,361 792,362 795,364 797,366 796,369 794,371 792,377 791,385 790,388 787,391 785,392 725,392 713,403 698,388 676,387 672,375 669,369 670,364 673,362 727,360 731,360"/>
					<TextEquiv>
						<Unicode>πρὸς</Unicode>
					</TextEquiv>
				</Word>
				<Word id="r1018">
					<Coords points="887,338 889,339 913,362 933,362 934,365 933,369 931,373 929,376 922,383 919,385 916,386 914,387 913,388 856,387 855,379 846,367 848,362 852,361 862,361 884,339"/>
					<TextEquiv>
						<Unicode>τὸν</Unicode>
					</TextEquiv>
				</Word>
				<Word id="r1019">
					<Coords points="1064,339 1086,360 1212,361 1212,367 1210,373 1208,375 1206,379 1202,382 1199,384 1193,386 1191,387 1090,388 1072,403 1053,387 974,386 976,343 979,342 1060,342"/>
					<TextEquiv>
						<Unicode>Μάρκιον</Unicode>
					</TextEquiv>
				</Word>
				<Word id="r1020">
					<Coords points="1354,340 1358,341 1360,345 1361,348 1364,354 1366,375 1367,380 1364,386 1324,388 1323,393 1322,399 1321,402 1318,403 1303,388 1257,387 1253,375 1250,365 1251,363 1252,362 1255,361 1257,360 1331,360"/>
					<TextEquiv>
						<Unicode>περὶ</Unicode>
					</TextEquiv>
				</Word>
				<Word id="r1021">
					<Coords points="1563,340 1563,341 1568,341 1568,342 1570,342 1570,343 1606,343 1606,344 1608,344 1608,345 1609,345 1609,346 1610,346 1610,347 1611,347 1611,348 1612,348 1612,349 1613,349 1613,350 1614,350 1614,351 1615,351 1615,352 1616,352 1616,353 1617,353 1617,354 1618,354 1618,355 1619,355 1619,356 1620,356 1620,357 1621,357 1621,358 1622,358 1622,359 1623,359 1623,360 1624,360 1624,361 1625,361 1625,362 1648,362 1648,365 1649,365 1649,367 1648,367 1648,370 1647,370 1647,372 1646,372 1646,374 1645,374 1645,376 1644,376 1644,379 1661,379 1661,380 1663,380 1663,381 1664,381 1664,382 1665,382 1664,382 1664,386 1628,386 1628,387 1418,387 1418,386 1416,386 1416,385 1414,385 1414,383 1413,383 1413,382 1412,382 1412,381 1411,381 1411,375 1412,375 1412,371 1413,371 1413,369 1414,369 1414,368 1416,368 1416,367 1417,367 1417,366 1418,366 1418,365 1419,365 1419,364 1422,364 1422,363 1425,363 1425,362 1427,362 1427,361 1540,361 1540,360 1541,360 1541,359 1542,359 1542,358 1543,358 1543,357 1544,357 1544,356 1546,356 1546,355 1547,355 1547,354 1548,354 1548,353 1549,353 1549,352 1550,352 1550,351 1552,351 1552,350 1553,350 1553,349 1554,349 1554,348 1555,348 1555,347 1556,347 1556,346 1558,346 1558,345 1559,345 1559,344 1560,344 1560,343 1561,343 1561,342 1562,342 1562,341 1563,341"/>
					<TextEquiv>
						<Unicode>σπονδῶν.</Unicode>
					</TextEquiv>
				</Word>
				<TextEquiv>
					<Unicode>ἐπρεσβεύοντο πρὸς τὸν Μάρκιον περὶ σπονδῶν.</Unicode>
				</TextEquiv>
			</TextLine>
			<TextLine id="r104">
				<Coords points="263,406 1538,406 1550,416 1556,418 1568,429 1659,429 1663,431 1666,433 1667,437 1665,440 1663,449 1662,457 1659,460 1655,462 1490,462 1479,471 1467,461 255,457 249,454 247,450 247,439 248,437 259,426 259,409 260,408"/>
				<Word id="r1023">
					<Coords points="265,406 270,408 270,436 271,439 271,444 270,449 268,452 264,456 259,457 253,456 249,454 247,450 247,439 248,437 251,433 255,430 258,429 259,409 260,408"/>
					<TextEquiv>
						<Unicode>ὁ</Unicode>
					</TextEquiv>
				</Word>
				<Word id="r1024">
					<Coords points="310,407 335,407 338,408 339,414 338,419 336,421 331,422 327,423 326,442 325,447 324,450 321,454 317,456 310,456 305,455 304,454 302,451 300,447 301,440 303,436 305,411 307,409 309,408"/>
					<TextEquiv>
						<Unicode>δ᾽</Unicode>
					</TextEquiv>
				</Word>
				<Word id="r1025">
					<Coords points="382,408 449,408 459,417 461,418 473,429 595,429 597,431 598,434 597,436 596,439 595,441 592,445 588,449 582,454 580,455 577,456 575,457 409,456 375,455 371,453 368,448 367,444 368,442 370,436 380,426 380,410"/>
					<TextEquiv>
						<Unicode>ἐκέλευεν</Unicode>
					</TextEquiv>
				</Word>
				<Word id="r1026">
					<Coords points="677,408 769,408 795,429 803,430 806,431 809,433 810,436 808,439 806,440 804,457 796,457 765,456 626,455 625,454 623,446 626,437 633,430 635,429 655,429 675,409"/>
					<TextEquiv>
						<Unicode>αὐτοὺς</Unicode>
					</TextEquiv>
				</Word>
				<Word id="r1027">
					<Coords points="845,406 845,407 847,407 847,408 848,408 847,408 847,410 875,410 875,411 877,411 877,412 878,412 878,413 879,413 879,414 880,414 880,415 881,415 881,416 882,416 882,417 883,417 883,418 884,418 884,419 885,419 885,420 886,420 886,421 887,421 887,422 888,422 888,423 889,423 889,424 890,424 890,425 891,425 891,426 892,426 892,427 893,427 893,428 1058,428 1058,429 1060,429 1060,435 1061,435 1061,440 1062,440 1062,445 1063,445 1063,451 1064,451 1063,451 1063,453 1062,453 1062,454 1059,454 1059,455 1057,455 1057,456 903,456 903,455 851,455 851,453 852,453 852,451 853,451 853,450 854,450 854,449 855,449 855,448 856,448 856,447 857,447 857,446 858,446 858,445 859,445 859,444 860,444 860,443 861,443 861,442 862,442 862,440 863,440 863,438 864,438 864,435 865,435 865,431 866,431 866,428 867,428 867,426 868,426 868,424 869,424 869,422 837,422 837,420 836,420 836,419 835,419 835,417 834,417 834,416 833,416 833,414 832,414 832,413 831,413 831,408 830,408 844,408 844,407 845,407"/>
					<TextEquiv>
						<Unicode>Ἄννωνα</Unicode>
					</TextEquiv>
				</Word>
				<Word id="r1029">
					<Coords points="1164,408 1168,409 1169,412 1171,416 1172,419 1173,421 1175,442 1177,448 1174,454 1170,456 1165,456 1129,455 1093,452 1094,448 1095,446 1098,437 1099,433 1108,430 1117,429 1141,429"/>
					<TextEquiv>
						<Unicode>καὶ</Unicode>
					</TextEquiv>
				</Word>
				<Word id="r1030">
					<Coords points="1278,406 1281,408 1307,429 1313,430 1315,431 1318,433 1319,434 1319,439 1317,440 1315,448 1314,457 1308,460 1302,457 1274,456 1213,455 1212,453 1212,445 1204,435 1206,430 1207,429 1254,429"/>
					<TextEquiv>
						<Unicode>τοὺς</Unicode>
					</TextEquiv>
				</Word>
				<Word id="r1031">
					<Coords points="1536,406 1538,407 1548,416 1554,418 1556,419 1567,429 1658,429 1662,431 1665,433 1665,438 1663,440 1661,441 1659,458 1656,460 1488,461 1478,470 1465,458 1354,457 1351,456 1348,454 1347,444 1348,442 1349,439 1353,435 1358,431 1375,430 1397,409 1399,408 1535,407"/>
					<TextEquiv>
						<Unicode>αὐτομόλους</Unicode>
					</TextEquiv>
				</Word>
				<TextEquiv>
					<Unicode>ὁ δ᾽ ἐκέλευεν αὐτοὺς Ἄννωνα καὶ τοὺς αὐτομόλους</Unicode>
				</TextEquiv>
			</TextLine>
			<TextLine id="r105">
				<Coords points="358,474 1654,477 1662,488 1663,491 1664,493 1665,513 1667,516 1665,521 1663,524 1661,525 1534,527 1532,530 1530,535 640,540 635,541 624,530 256,526 254,525 251,523 250,522 248,517 247,513 248,510 250,506 260,496 260,479 262,478 315,477 353,475 357,475"/>
				<Word id="r1032">
					<Coords points="356,475 382,498 479,498 484,501 485,507 481,508 480,525 479,527 474,528 468,526 255,525 253,524 250,522 248,519 247,514 247,512 248,509 249,507 260,496 260,479 262,478 314,477 352,477"/>
					<TextEquiv>
						<Unicode>ἐκδόντας</Unicode>
					</TextEquiv>
				</Word>
				<Word id="r1033">
					<Coords points="577,477 580,478 583,480 647,480 649,481 652,482 653,484 654,496 676,518 677,522 676,526 674,527 672,530 669,532 643,533 641,539 636,540 619,525 530,524 527,523 526,522 525,520 524,517 525,512 527,507 535,499 537,498 554,498"/>
					<TextEquiv>
						<Unicode>αὐτῷ,</Unicode>
					</TextEquiv>
				</Word>
				<Word id="r1034">
					<Coords points="764,475 789,497 827,497 828,500 828,502 826,508 825,517 823,524 821,525 721,524 720,520 712,507 711,505 712,502 714,499 716,498 739,498"/>
					<TextEquiv>
						<Unicode>τότε</Unicode>
					</TextEquiv>
				</Word>
				<Word id="r1035">
					<Coords points="1100,476 1123,496 1145,496 1177,497 1179,498 1180,500 1195,515 1196,519 1194,523 1192,524 1019,525 1008,536 914,537 908,538 896,526 873,525 872,520 865,506 866,502 867,500 868,499 923,497 1008,497 1024,481 1026,480 1029,479 1031,478 1095,478"/>
					<TextEquiv>
						<Unicode>πρεσβεύειν.</Unicode>
					</TextEquiv>
				</Word>
				<Word id="r1036">
					<Coords points="1315,477 1318,481 1316,491 1315,492 1314,517 1312,521 1311,522 1309,525 1276,524 1272,522 1269,516 1269,511 1270,507 1271,505 1274,500 1278,497 1281,496 1292,496"/>
					<TextEquiv>
						<Unicode>οἱ</Unicode>
					</TextEquiv>
				</Word>
				<Word id="r1037">
					<Coords points="1400,477 1423,497 1442,498 1442,502 1441,508 1440,511 1436,516 1432,520 1428,522 1425,524 1422,525 1420,526 1367,526 1355,535 1351,535 1353,529 1355,521 1360,506 1361,501 1363,499 1377,498"/>
					<TextEquiv>
						<Unicode>μὲν</Unicode>
					</TextEquiv>
				</Word>
				<Word id="r1038">
					<Coords points="1488,477 1524,477 1526,480 1528,484 1529,488 1530,490 1534,496 1538,501 1539,506 1539,509 1538,513 1537,516 1536,520 1535,523 1531,529 1530,531 1529,534 1526,535 1516,525 1489,524 1483,521 1482,519 1481,515 1481,509 1483,505 1485,502 1487,478"/>
					<TextEquiv>
						<Unicode>δὴ</Unicode>
					</TextEquiv>
				</Word>
				<Word id="r1039">
					<Coords points="1652,477 1656,480 1659,484 1661,487 1662,490 1664,494 1665,514 1665,516 1664,518 1663,522 1660,525 1579,524 1578,523 1579,519 1581,515 1584,506 1585,502 1587,499 1603,497 1632,497"/>
					<TextEquiv>
						<Unicode>καὶ</Unicode>
					</TextEquiv>
				</Word>
				<TextEquiv>
					<Unicode>ἐκδόντας αὐτῷ, τότε πρεσβεύειν. οἱ μὲν δὴ καὶ</Unicode>
				</TextEquiv>
			</TextLine>
			<TextLine id="r106">
				<Coords points="286,544 1644,546 1645,554 1667,578 1666,581 1647,581 1646,587 1644,589 1643,591 1633,593 1625,594 1593,594 1555,595 1540,610 732,608 719,595 256,594 255,586 246,574 247,570 249,568 257,567"/>
				<Word id="r1040">
					<Coords points="288,545 311,566 333,566 334,568 334,572 333,576 331,580 328,584 320,590 315,592 311,593 255,593 252,582 247,576 246,573 248,569 256,567 264,567"/>
					<TextEquiv>
						<Unicode>τὸν</Unicode>
					</TextEquiv>
				</Word>
				<Word id="r1041">
					<Coords points="392,545 392,548 421,548 421,549 423,549 423,550 424,550 424,551 425,551 425,552 426,552 426,553 427,553 427,554 428,554 428,555 429,555 429,556 430,556 430,557 432,557 432,558 433,558 433,559 434,559 434,560 435,560 435,561 436,561 436,562 437,562 437,563 438,563 438,564 439,564 439,565 440,565 440,566 607,566 607,572 608,572 608,577 609,577 609,582 610,582 610,586 611,586 610,586 610,588 609,588 609,590 606,590 606,591 604,591 604,592 584,592 584,593 450,593 450,592 399,592 399,591 398,591 399,591 399,589 400,589 400,588 401,588 401,587 402,587 402,586 403,586 403,585 404,585 404,584 405,584 405,583 406,583 406,582 407,582 407,581 408,581 408,580 409,580 409,578 410,578 410,574 411,574 411,571 412,571 412,569 413,569 413,566 414,566 414,563 386,563 386,562 379,562 379,558 378,558 378,555 377,555 377,552 376,552 376,549 375,549 377,549 377,548 389,548 389,547 391,547 391,546 392,546"/>
					<TextEquiv>
						<Unicode>Ἄννωνα</Unicode>
					</TextEquiv>
				</Word>
				<Word id="r1043">
					<Coords points="912,545 935,566 956,566 958,568 959,571 958,575 957,578 955,581 948,588 944,591 942,592 939,593 938,594 897,594 883,607 882,608 732,608 715,594 712,593 671,592 667,590 664,586 664,579 666,576 667,573 668,572 673,569 677,568 680,567 745,566 747,565 890,565"/>
					<TextEquiv>
						<Unicode>στρατηγὸν</Unicode>
					</TextEquiv>
				</Word>
				<Word id="r1044">
					<Coords points="1036,546 1057,565 1132,565 1136,586 1134,590 1132,591 1130,593 1043,593 1019,592 1015,590 1013,587 1012,585 1012,578 1013,575 1015,571 1018,568 1020,548 1022,547 1034,547"/>
					<TextEquiv>
						<Unicode>ὄντα</Unicode>
					</TextEquiv>
				</Word>
				<Word id="r1045">
					<Coords points="1292,547 1295,548 1315,566 1338,567 1338,571 1337,575 1336,578 1334,581 1328,587 1325,589 1323,590 1320,592 1317,593 1315,594 1257,594 1240,609 1223,593 1196,592 1194,591 1191,589 1189,586 1189,576 1193,571 1199,567 1215,565 1234,565 1251,548 1291,548"/>
					<TextEquiv>
						<Unicode>σφῶν</Unicode>
					</TextEquiv>
				</Word>
				<Word id="r1046">
					<Coords points="1641,546 1644,551 1666,577 1665,579 1645,580 1643,588 1640,591 1632,592 1626,593 1592,593 1555,594 1538,609 1521,594 1410,593 1405,592 1403,591 1401,588 1400,578 1401,575 1402,573 1403,572 1406,570 1410,568 1416,566 1444,565 1620,565"/>
					<TextEquiv>
						<Unicode>συναρπά-</Unicode>
					</TextEquiv>
				</Word>
				<TextEquiv>
					<Unicode>τὸν Ἄννωνα στρατηγὸν ὄντα σφῶν συναρπά-</Unicode>
				</TextEquiv>
			</TextLine>
			<TextLine id="r107">
				<Coords points="920,612 1630,613 1656,634 1663,635 1665,636 1669,639 1670,641 1669,643 1667,645 1665,653 1664,662 1660,666 1398,667 1395,668 1393,669 1135,677 1132,678 1129,677 437,667 417,665 258,662 252,660 249,658 247,653 247,648 248,645 249,643 251,641 254,639 256,637 260,636 266,635 472,634 495,616 504,613 919,613"/>
				<Word id="r1047">
					<Coords points="267,635 426,635 428,636 431,637 447,654 448,659 447,663 445,666 439,666 417,664 257,661 251,659 249,658 247,653 247,648 248,645 250,641 256,637 260,636 266,636"/>
					<TextEquiv>
						<Unicode>σαντες,</Unicode>
					</TextEquiv>
				</Word>
				<Word id="r1048">
					<Coords points="505,613 528,634 552,634 553,641 557,651 556,653 554,656 549,661 522,661 519,662 518,662 490,661 486,659 483,655 482,652 482,650 483,646 485,644 487,641 490,620 497,617"/>
					<TextEquiv>
						<Unicode>ἔτι</Unicode>
					</TextEquiv>
				</Word>
				<Word id="r1049">
					<Coords points="649,616 653,617 655,618 672,634 695,634 695,644 694,646 694,648 684,657 680,660 676,661 674,662 604,660 604,651 595,640 596,637 598,635 600,634 628,634 645,617"/>
					<TextEquiv>
						<Unicode>τῶν</Unicode>
					</TextEquiv>
				</Word>
				<Word id="r1050">
					<Coords points="920,613 944,634 1022,634 1023,636 1023,642 1022,646 1020,649 1017,654 1013,657 1010,659 1001,662 875,663 863,673 861,672 808,672 798,662 781,661 734,660 732,623 731,621 734,620 736,619 912,619"/>
					<TextEquiv>
						<Unicode>λεγομένων</Unicode>
					</TextEquiv>
				</Word>
				<Word id="r1051">
					<Coords points="1078,613 1226,613 1246,633 1293,633 1323,634 1386,638 1399,654 1400,656 1401,660 1399,665 1397,666 1394,667 1392,668 1242,671 1136,675 1130,677 1115,662 1097,661 1065,660 1064,659 1062,655 1061,652 1062,650 1064,644 1065,642 1076,631 1076,615"/>
					<TextEquiv>
						<Unicode>ἀκροώμενον,</Unicode>
					</TextEquiv>
				</Word>
				<Word id="r1052">
					<Coords points="1502,613 1505,614 1506,616 1508,622 1510,626 1512,632 1513,649 1516,652 1514,656 1508,662 1505,663 1503,662 1430,661 1430,657 1431,655 1433,649 1434,645 1435,642 1436,638 1437,636 1439,635 1478,635"/>
					<TextEquiv>
						<Unicode>καὶ</Unicode>
					</TextEquiv>
				</Word>
				<Word id="r1053">
					<Coords points="1627,613 1656,635 1663,636 1665,637 1669,640 1668,642 1665,645 1663,646 1661,664 1652,664 1562,662 1561,656 1554,644 1553,640 1557,635 1595,634 1605,634"/>
					<TextEquiv>
						<Unicode>τοὺς</Unicode>
					</TextEquiv>
				</Word>
				<TextEquiv>
					<Unicode>σαντες, ἔτι τῶν λεγομένων ἀκροώμενον, καὶ τοὺς</Unicode>
				</TextEquiv>
			</TextLine>
			<TextLine id="r108">
				<Coords points="437,680 1655,681 1656,684 1664,693 1665,696 1666,698 1667,718 1669,720 1668,724 1667,726 1665,729 1640,731 1464,732 1454,741 1449,742 1442,746 1440,747 1245,746 1243,745 378,743 362,731 357,730 253,729 249,727 247,723 247,721 248,715 251,709 252,708 258,704 260,703 279,703 298,684 300,683 433,682 436,681"/>
				<Word id="r1054">
					<Coords points="437,681 449,689 455,690 457,691 469,702 538,702 560,703 563,704 566,706 567,708 567,712 564,713 563,727 562,731 559,734 389,734 380,742 378,743 361,730 356,729 252,728 248,726 247,723 247,721 248,715 251,709 252,708 258,704 260,703 279,703 298,684 300,683 435,682"/>
					<TextEquiv>
						<Unicode>αὐτομόλους</Unicode>
					</TextEquiv>
				</Word>
				<Word id="r1055">
					<Coords points="739,681 765,682 767,683 786,702 923,703 924,709 923,711 915,712 907,714 906,716 903,720 899,724 895,727 889,730 888,731 705,731 691,743 677,731 658,730 617,729 614,718 610,713 611,709 614,704 703,703 718,702"/>
					<TextEquiv>
						<Unicode>παρέδοσαν·</Unicode>
					</TextEquiv>
				</Word>
				<Word id="r1056">
					<Coords points="985,681 990,682 990,720 989,723 987,727 982,730 978,731 974,730 968,724 967,718 968,713 969,711 971,708 972,707 977,704 979,703 979,684 980,683"/>
					<TextEquiv>
						<Unicode>ὁ</Unicode>
					</TextEquiv>
				</Word>
				<Word id="r1057">
					<Coords points="1050,681 1084,682 1086,686 1089,695 1090,697 1092,703 1093,705 1093,707 1091,708 1090,729 1086,730 1082,730 1048,729 1046,728 1042,722 1042,714 1043,711 1045,709 1046,706 1047,683 1048,682"/>
					<TextEquiv>
						<Unicode>δὲ</Unicode>
					</TextEquiv>
				</Word>
				<Word id="r1058">
					<Coords points="1237,681 1262,701 1266,702 1379,703 1383,706 1385,709 1385,712 1381,713 1380,728 1378,732 1374,734 1259,735 1246,746 1229,730 1153,729 1144,728 1146,684 1150,683 1235,682"/>
					<TextEquiv>
						<Unicode>Μάρκιος</Unicode>
					</TextEquiv>
				</Word>
				<Word id="r1059">
					<Coords points="1461,681 1463,682 1484,702 1538,702 1542,722 1540,725 1537,727 1537,729 1518,729 1515,730 1463,731 1450,741 1443,744 1439,746 1436,745 1435,716 1434,710 1445,693 1446,685 1457,685"/>
					<TextEquiv>
						<Unicode>ᾔτει</Unicode>
					</TextEquiv>
				</Word>
				<Word id="r1060">
					<Coords points="1654,681 1655,684 1663,692 1664,695 1666,699 1667,719 1667,722 1666,725 1664,728 1643,729 1639,730 1616,730 1582,729 1582,724 1583,722 1587,710 1588,706 1590,704 1606,702 1633,702"/>
					<TextEquiv>
						<Unicode>καὶ</Unicode>
					</TextEquiv>
				</Word>
				<TextEquiv>
					<Unicode>αὐτομόλους παρέδοσαν· ὁ δὲ Μάρκιος ᾔτει καὶ</Unicode>
				</TextEquiv>
			</TextLine>
			<TextLine id="r109">
				<Coords points="291,749 1518,749 1527,757 1530,758 1534,761 1545,771 1667,771 1669,772 1669,777 1668,783 1667,785 1666,788 1664,790 1657,796 1649,800 464,810 461,812 452,815 420,817 402,799 257,798 256,791 248,782 247,778 248,774 250,772 252,771 269,771"/>
				<Word id="r1061">
					<Coords points="293,749 296,750 297,752 298,755 301,761 303,767 308,779 311,788 311,791 309,795 305,797 256,797 256,791 248,782 247,779 248,775 250,772 252,771 269,771"/>
					<TextEquiv>
						<Unicode>τὰ</Unicode>
					</TextEquiv>
				</Word>
				<Word id="r1062">
					<Coords points="528,749 540,758 545,760 557,771 675,771 677,773 695,794 694,796 692,799 474,799 462,810 457,812 451,815 422,815 419,816 401,798 362,797 361,795 361,784 363,780 365,778 366,776 370,773 379,772 407,751 527,750"/>
					<TextEquiv>
						<Unicode>αἰχμάλωτα.</Unicode>
					</TextEquiv>
				</Word>
				<Word id="r1063">
					<Coords points="901,749 926,773 954,774 954,781 949,791 943,795 938,798 935,799 933,800 849,803 839,802 772,798 771,798 769,762 768,758 770,757 860,755 863,753 866,752 897,752"/>
					<TextEquiv>
						<Unicode>λαβὼν</Unicode>
					</TextEquiv>
				</Word>
				<Word id="r1064">
					<Coords points="1037,749 1039,750 1041,754 1045,760 1047,764 1048,772 1048,796 1044,798 1009,798 1006,797 1002,795 1000,792 999,789 999,784 1000,781 1002,778 1005,751 1035,750"/>
					<TextEquiv>
						<Unicode>δὲ</Unicode>
					</TextEquiv>
				</Word>
				<Word id="r1065">
					<Coords points="1163,749 1167,753 1169,757 1170,760 1171,762 1172,765 1173,767 1175,786 1176,790 1173,796 1171,798 1090,798 1089,796 1093,784 1094,780 1096,774 1097,772 1113,771 1140,771"/>
					<TextEquiv>
						<Unicode>καὶ</Unicode>
					</TextEquiv>
				</Word>
				<Word id="r1066">
					<Coords points="1301,753 1306,754 1328,771 1340,772 1347,773 1378,773 1396,791 1396,799 1395,801 1388,801 1371,799 1224,798 1224,791 1216,782 1215,778 1216,774 1217,773 1219,772 1261,771 1272,770 1280,770 1296,754"/>
					<TextEquiv>
						<Unicode>ταῦτα,</Unicode>
					</TextEquiv>
				</Word>
				<Word id="r1067">
					<Coords points="1517,749 1519,750 1528,758 1530,759 1534,762 1544,771 1666,771 1668,774 1667,780 1666,784 1665,787 1662,790 1655,796 1649,799 1648,800 1628,799 1479,798 1442,796 1440,794 1438,790 1437,786 1438,782 1439,779 1440,777 1450,759 1452,750 1516,750"/>
					<TextEquiv>
						<Unicode>ἐκέλευεν</Unicode>
					</TextEquiv>
				</Word>
				<TextEquiv>
					<Unicode>τὰ αἰχμάλωτα. λαβὼν δὲ καὶ ταῦτα, ἐκέλευεν</Unicode>
				</TextEquiv>
			</TextLine>
			<TextLine id="r110">
				<Coords points="612,817 1646,819 1647,823 1669,847 1665,850 1664,866 1662,869 1659,871 1190,872 1181,881 836,882 832,883 733,882 722,871 250,866 248,865 247,863 246,860 246,853 249,847 252,844 256,841 259,839 277,839 298,818 611,818"/>
				<Word id="r1068">
					<Coords points="298,818 392,818 394,819 421,840 429,841 432,843 433,846 431,849 429,857 428,866 249,865 248,864 247,862 246,857 247,852 250,846 253,843 257,840 259,839 277,839"/>
					<TextEquiv>
						<Unicode>αὐτοὺς</Unicode>
					</TextEquiv>
				</Word>
				<Word id="r1069">
					<Coords points="613,818 637,839 660,840 660,847 659,850 657,853 652,859 646,863 644,865 641,866 585,867 479,866 479,857 470,846 471,843 474,840 589,840"/>
					<TextEquiv>
						<Unicode>τακτὸν</Unicode>
					</TextEquiv>
				</Word>
				<Word id="r1070">
					<Coords points="715,818 830,818 851,839 940,839 941,841 941,848 940,851 936,857 930,863 926,865 923,867 919,869 849,869 836,881 835,882 733,882 709,866 698,858 699,852 701,848 713,836 713,820"/>
					<TextEquiv>
						<Unicode>ἀργύριον</Unicode>
					</TextEquiv>
				</Word>
				<Word id="r1071">
					<Coords points="1271,822 1275,823 1278,825 1300,841 1308,845 1307,849 1304,855 1297,862 1294,864 1290,866 1287,867 1285,868 1193,868 1179,881 1166,868 986,865 986,861 989,852 990,847 992,841 1009,840 1250,839 1267,823"/>
					<TextEquiv>
						<Unicode>κατενεγκεῖν</Unicode>
					</TextEquiv>
				</Word>
				<Word id="r1072">
					<Coords points="1374,819 1398,840 1577,840 1579,841 1582,843 1582,850 1579,851 1578,867 1576,869 1574,870 1566,869 1391,867 1353,865 1350,864 1348,861 1347,858 1347,855 1349,849 1351,846 1355,842 1357,823 1361,821 1370,821"/>
					<TextEquiv>
						<Unicode>ἅπαντας</Unicode>
					</TextEquiv>
				</Word>
				<Word id="r1073">
					<Coords points="1643,819 1646,822 1668,846 1666,848 1663,849 1662,867 1660,869 1656,871 1652,869 1632,868 1627,867 1625,866 1624,864 1622,861 1621,856 1622,852 1623,850 1625,847 1626,840 1627,828 1634,821"/>
					<TextEquiv>
						<Unicode>ἔς</Unicode>
					</TextEquiv>
				</Word>
				<TextEquiv>
					<Unicode>αὐτοὺς τακτὸν ἀργύριον κατενεγκεῖν ἅπαντας ἔς</Unicode>
				</TextEquiv>
			</TextLine>
			<TextLine id="r111">
				<Coords points="801,884 803,885 1477,886 1478,888 1551,888 1554,890 1593,892 1610,909 1637,909 1642,910 1659,920 1668,922 1666,925 1664,926 1642,926 1641,930 1640,936 1639,938 1638,943 1637,946 1635,948 1587,951 702,953 700,954 669,954 652,937 258,936 256,935 255,933 255,927 246,916 247,912 249,910 257,909 264,908 287,907 381,907 398,891 400,890 798,886"/>
				<Word id="r1074">
					<Coords points="289,907 292,908 294,915 296,925 295,929 293,932 290,934 287,935 257,935 256,934 255,929 246,916 247,913 252,910 260,909 264,908 287,908"/>
					<TextEquiv>
						<Unicode>τι</Unicode>
					</TextEquiv>
				</Word>
				<Word id="r1075">
					<Coords points="402,890 407,891 410,893 411,896 412,902 414,909 414,911 413,919 412,921 411,925 408,928 406,931 404,933 401,934 396,935 366,935 334,934 333,925 325,915 326,911 328,909 367,908 381,908 398,891"/>
					<TextEquiv>
						<Unicode>τοῦ</Unicode>
					</TextEquiv>
				</Word>
				<Word id="r1076">
					<Coords points="528,889 572,889 591,908 631,909 631,913 630,919 629,921 628,925 626,928 625,930 620,934 619,935 458,935 455,923 452,913 454,910 508,909"/>
					<TextEquiv>
						<Unicode>πεδίου</Unicode>
					</TextEquiv>
				</Word>
				<Word id="r1077">
					<Coords points="801,885 803,886 825,907 874,907 876,908 877,911 878,913 877,915 875,916 861,917 858,923 855,928 850,932 847,933 843,935 791,936 771,937 756,952 701,952 669,953 669,916 671,914 673,911 676,909 704,908 776,908 798,886"/>
					<TextEquiv>
						<Unicode>χωρίον·</Unicode>
					</TextEquiv>
				</Word>
				<Word id="r1078">
					<Coords points="964,887 970,892 971,900 976,914 975,920 974,923 973,925 969,931 966,934 964,935 963,936 927,935 922,933 919,927 919,921 920,918 922,914 924,911 930,909 941,908"/>
					<TextEquiv>
						<Unicode>οὐ</Unicode>
					</TextEquiv>
				</Word>
				<Word id="r1079">
					<Coords points="1063,886 1086,907 1107,907 1111,910 1113,914 1113,924 1112,928 1109,932 1105,934 1093,936 1091,939 1090,942 1089,949 1088,951 1084,951 1027,949 1026,937 1014,922 1013,918 1015,912 1016,911 1020,909 1038,909"/>
					<TextEquiv>
						<Unicode>γὰρ</Unicode>
					</TextEquiv>
				</Word>
				<Word id="r1080">
					<Coords points="1279,886 1284,888 1307,890 1319,893 1321,894 1335,908 1389,910 1390,915 1388,921 1386,924 1380,930 1376,933 1370,936 1318,936 1308,945 1305,946 1303,947 1224,948 1192,950 1187,951 1163,935 1154,932 1153,930 1152,926 1155,917 1168,897 1170,888 1275,888"/>
					<TextEquiv>
						<Unicode>ἁρμόζειν</Unicode>
					</TextEquiv>
				</Word>
				<Word id="r1081">
					<Coords points="1474,886 1479,890 1481,896 1484,902 1485,905 1489,916 1492,925 1492,928 1491,930 1489,933 1486,935 1437,935 1437,929 1428,917 1429,912 1431,910 1433,909 1449,909"/>
					<TextEquiv>
						<Unicode>τὰ</Unicode>
					</TextEquiv>
				</Word>
				<Word id="r1082">
					<Coords points="1548,888 1551,889 1555,892 1592,892 1609,909 1636,909 1641,910 1643,911 1655,920 1661,921 1665,922 1665,924 1641,926 1639,930 1638,936 1637,938 1636,943 1635,947 1587,949 1580,951 1565,936 1538,935 1536,934 1535,931 1533,915 1532,913 1542,897 1545,889"/>
					<TextEquiv>
						<Unicode>ὑψη-</Unicode>
					</TextEquiv>
				</Word>
				<TextEquiv>
					<Unicode>τι τοῦ πεδίου χωρίον· οὐ γὰρ ἁρμόζειν τὰ ὑψη-</Unicode>
				</TextEquiv>
			</TextLine>
			<TextLine id="r112">
				<Coords points="304,954 308,956 1529,955 1533,954 1561,956 1635,958 1656,977 1661,978 1667,982 1668,986 1665,989 1663,990 1661,1007 1658,1009 1656,1010 713,1018 707,1020 370,1019 356,1005 248,1004 246,967 247,962 294,962"/>
				<Word id="r1083">
					<Coords points="304,955 306,956 327,976 430,976 434,997 432,1000 430,1002 424,1004 386,1004 375,1015 374,1018 370,1019 355,1004 248,1004 247,968 247,964 296,962"/>
					<TextEquiv>
						<Unicode>λότερα</Unicode>
					</TextEquiv>
				</Word>
				<Word id="r1084">
					<Coords points="546,960 551,961 553,962 571,977 574,978 576,979 579,982 580,985 577,987 575,995 573,1005 567,1008 563,1007 541,1004 483,1003 483,995 474,985 476,979 477,978 479,977 525,977 541,961"/>
					<TextEquiv>
						<Unicode>τοῖς</Unicode>
					</TextEquiv>
				</Word>
				<Word id="r1085">
					<Coords points="933,958 938,960 955,976 1000,976 1031,977 1032,980 1047,996 1048,999 1047,1002 1046,1004 725,1005 711,1018 708,1019 693,1005 634,1004 634,1000 635,982 637,978 639,977 836,976 849,963 924,962 927,960"/>
					<TextEquiv>
						<Unicode>παρακαλοῦσιν.</Unicode>
					</TextEquiv>
				</Word>
				<Word id="r1086">
					<Coords points="1332,956 1354,977 1467,977 1469,980 1470,985 1467,991 1465,994 1463,995 1462,997 1461,998 1455,1002 1449,1005 1265,1009 1258,1013 1250,1005 1123,1003 1122,1001 1124,997 1128,985 1129,981 1138,977 1146,976 1261,976 1277,960 1281,958 1284,957 1330,957"/>
					<TextEquiv>
						<Unicode>καταβάντων</Unicode>
					</TextEquiv>
				</Word>
				<Word id="r1087">
					<Coords points="1532,955 1536,956 1560,956 1562,957 1564,961 1566,966 1567,969 1568,974 1569,978 1570,979 1570,983 1567,1003 1530,1004 1526,1003 1523,1002 1521,1001 1519,997 1520,987 1522,982 1524,959 1525,957 1527,956"/>
					<TextEquiv>
						<Unicode>δὲ</Unicode>
					</TextEquiv>
				</Word>
				<Word id="r1088">
					<Coords points="1633,958 1635,959 1654,977 1658,978 1661,979 1664,981 1667,984 1663,989 1661,994 1660,1003 1658,1008 1655,1009 1650,1008 1627,1005 1625,1004 1622,1002 1620,998 1620,989 1621,986 1622,985 1632,967 1633,959"/>
					<TextEquiv>
						<Unicode>ἐς</Unicode>
					</TextEquiv>
				</Word>
				<TextEquiv>
					<Unicode>λότερα τοῖς παρακαλοῦσιν. καταβάντων δὲ ἐς</Unicode>
				</TextEquiv>
			</TextLine>
			<TextLine id="r113">
				<Coords points="459,1021 462,1023 1663,1026 1664,1028 1665,1032 1666,1034 1667,1037 1668,1039 1667,1043 1664,1044 1663,1066 1662,1069 1660,1072 1657,1073 1589,1077 1584,1080 1387,1083 1383,1085 803,1086 801,1087 597,1089 593,1090 577,1074 257,1072 256,1069 256,1064 247,1052 248,1048 250,1047 266,1046 288,1024 457,1023"/>
				<Word id="r1089">
					<Coords points="289,1024 293,1027 295,1030 296,1033 297,1040 298,1046 303,1050 304,1052 305,1056 304,1060 303,1063 300,1067 297,1070 291,1072 257,1071 256,1066 250,1056 247,1052 248,1049 249,1047 265,1047"/>
					<TextEquiv>
						<Unicode>τὸ</Unicode>
					</TextEquiv>
				</Word>
				<Word id="r1090">
					<Coords points="459,1022 485,1047 518,1047 519,1050 519,1054 517,1059 513,1064 511,1065 510,1067 506,1070 502,1072 501,1073 349,1068 344,1058 343,1055 344,1051 345,1048 346,1047 367,1046 400,1046 422,1024 456,1024"/>
					<TextEquiv>
						<Unicode>πεδίον</Unicode>
					</TextEquiv>
				</Word>
				<Word id="r1091">
					<Coords points="578,1025 581,1027 607,1027 627,1047 647,1047 650,1049 652,1050 667,1066 668,1070 667,1074 666,1076 662,1080 653,1081 646,1082 645,1084 643,1085 597,1087 593,1089 570,1073 562,1072 558,1069 556,1065 556,1060 557,1058 561,1052 562,1039 563,1029 569,1028 576,1026"/>
					<TextEquiv>
						<Unicode>ἔφη,</Unicode>
					</TextEquiv>
				</Word>
				<Word id="r1092">
					<Coords points="778,1024 778,1025 780,1025 780,1026 781,1026 781,1027 789,1027 789,1028 797,1028 797,1029 805,1029 805,1030 809,1030 809,1031 813,1031 813,1032 816,1032 816,1033 817,1033 817,1034 818,1034 818,1035 819,1035 819,1036 820,1036 820,1037 821,1037 821,1038 822,1038 822,1039 823,1039 823,1040 824,1040 824,1041 825,1041 825,1042 826,1042 826,1043 827,1043 827,1044 828,1044 828,1045 829,1045 829,1046 830,1046 830,1047 867,1047 867,1052 868,1052 868,1057 869,1057 869,1062 870,1062 870,1066 871,1066 870,1066 870,1069 869,1069 869,1070 868,1070 868,1071 867,1071 867,1072 866,1072 866,1073 865,1073 865,1074 815,1074 815,1075 814,1075 814,1076 813,1076 813,1077 812,1077 812,1078 811,1078 811,1079 809,1079 809,1080 808,1080 808,1081 807,1081 807,1082 806,1082 806,1083 805,1083 805,1084 804,1084 804,1085 801,1085 801,1086 796,1086 796,1087 796,1086 794,1086 794,1085 793,1085 793,1084 792,1084 792,1083 790,1083 790,1082 789,1082 789,1081 788,1081 788,1080 787,1080 787,1079 785,1079 785,1078 784,1078 784,1077 783,1077 783,1076 781,1076 781,1075 780,1075 780,1074 779,1074 779,1073 778,1073 778,1072 755,1072 755,1071 753,1071 753,1070 751,1070 751,1069 750,1069 750,1059 749,1059 750,1059 750,1057 751,1057 751,1055 752,1055 752,1053 753,1053 753,1050 721,1050 721,1049 702,1049 702,1048 700,1048 700,1039 699,1039 700,1039 700,1037 701,1037 701,1036 702,1036 702,1035 703,1035 703,1034 707,1034 707,1033 760,1033 760,1028 761,1028 761,1026 775,1026 775,1025 778,1025"/>
					<TextEquiv>
						<Unicode>&quot;ἄξια</Unicode>
					</TextEquiv>
				</Word>
				<Word id="r1094">
					<Coords points="958,1025 980,1045 996,1045 998,1046 998,1057 996,1059 993,1063 988,1067 985,1069 984,1071 982,1072 979,1073 977,1074 922,1074 909,1085 908,1079 909,1077 910,1074 911,1069 912,1067 913,1061 914,1057 915,1055 916,1050 918,1046 936,1045"/>
					<TextEquiv>
						<Unicode>μὲν</Unicode>
					</TextEquiv>
				</Word>
				<Word id="r1095">
					<Coords points="1059,1025 1168,1025 1188,1045 1263,1045 1263,1055 1257,1067 1252,1069 1249,1070 1223,1071 1077,1072 1041,1070 1039,1066 1039,1056 1041,1046 1043,1043 1045,1039 1051,1030 1056,1026 1058,1026"/>
					<TextEquiv>
						<Unicode>θανάτου</Unicode>
					</TextEquiv>
				</Word>
				<Word id="r1096">
					<Coords points="1305,1026 1446,1026 1465,1045 1573,1045 1575,1046 1577,1050 1591,1067 1591,1070 1590,1075 1587,1077 1585,1078 1583,1080 1387,1081 1384,1083 1382,1084 1381,1085 1369,1073 1306,1071 1301,1069 1298,1065 1298,1056 1299,1053 1301,1050 1303,1028"/>
					<TextEquiv>
						<Unicode>δεδράκατε,</Unicode>
					</TextEquiv>
				</Word>
				<Word id="r1097">
					<Coords points="1660,1026 1663,1027 1666,1036 1667,1038 1666,1041 1662,1042 1661,1066 1660,1070 1658,1072 1656,1073 1627,1073 1624,1071 1622,1068 1621,1059 1623,1054 1627,1050 1631,1047 1634,1046 1636,1046 1651,1032"/>
					<TextEquiv>
						<Unicode>οἳ</Unicode>
					</TextEquiv>
				</Word>
				<TextEquiv>
					<Unicode>τὸ πεδίον ἔφη, &quot;ἄξια μὲν θανάτου δεδράκατε, οἳ</Unicode>
				</TextEquiv>
			</TextLine>
			<TextLine id="r114">
				<Coords points="293,1091 1513,1091 1515,1092 1517,1095 1629,1097 1631,1098 1649,1116 1668,1116 1669,1119 1669,1122 1668,1125 1666,1128 1665,1130 1659,1136 1657,1137 1655,1139 1651,1141 1648,1142 1419,1143 1405,1157 477,1158 464,1145 257,1141 256,1134 247,1124 246,1121 247,1117 249,1115 254,1114 264,1113 291,1092"/>
				<Word id="r1098">
					<Coords points="293,1091 295,1092 323,1115 331,1116 334,1117 336,1118 337,1121 335,1123 332,1124 331,1141 256,1140 256,1134 247,1124 246,1122 247,1118 251,1115 261,1114 291,1092"/>
					<TextEquiv>
						<Unicode>τὰς</Unicode>
					</TextEquiv>
				</Word>
				<Word id="r1099">
					<Coords points="526,1092 528,1093 545,1093 551,1097 555,1100 569,1114 614,1114 618,1117 619,1124 617,1125 616,1132 615,1141 612,1144 610,1145 609,1146 490,1146 477,1157 461,1142 371,1141 364,1120 365,1118 366,1117 370,1115 503,1113 522,1094"/>
					<TextEquiv>
						<Unicode>πατρίδας</Unicode>
					</TextEquiv>
				</Word>
				<Word id="r1100">
					<Coords points="680,1093 701,1113 856,1114 859,1115 862,1117 862,1122 860,1124 858,1132 857,1141 853,1145 851,1146 727,1146 716,1157 682,1157 666,1142 659,1135 658,1130 659,1125 660,1123 664,1119 665,1096 677,1095"/>
					<TextEquiv>
						<Unicode>ἔχοντες</Unicode>
					</TextEquiv>
				</Word>
				<Word id="r1101">
					<Coords points="919,1093 979,1093 979,1094 981,1094 981,1095 983,1095 983,1096 985,1096 985,1098 986,1098 986,1103 985,1103 985,1105 984,1105 984,1108 981,1108 981,1109 962,1109 962,1111 963,1111 963,1115 964,1115 964,1117 965,1117 965,1118 966,1118 966,1119 967,1119 967,1120 968,1120 968,1122 969,1122 969,1123 970,1123 970,1126 971,1126 971,1129 970,1129 970,1131 969,1131 969,1133 968,1133 968,1135 967,1135 967,1137 966,1137 966,1138 965,1138 965,1139 962,1139 962,1140 960,1140 960,1141 953,1141 953,1142 951,1142 951,1143 950,1143 950,1147 949,1147 949,1153 948,1153 948,1156 945,1156 945,1157 945,1156 944,1156 944,1155 943,1155 943,1154 942,1154 942,1153 941,1153 941,1152 940,1152 940,1151 939,1151 939,1150 938,1150 938,1149 937,1149 937,1148 936,1148 936,1147 935,1147 935,1146 934,1146 934,1145 933,1145 933,1144 932,1144 932,1143 931,1143 931,1142 930,1142 930,1141 910,1141 910,1140 908,1140 908,1139 906,1139 906,1138 905,1138 905,1129 904,1129 904,1120 903,1120 904,1120 904,1118 905,1118 905,1116 906,1116 906,1114 907,1114 907,1112 908,1112 908,1110 909,1110 909,1108 910,1108 910,1106 911,1106 911,1104 912,1104 912,1103 913,1103 913,1096 915,1096 915,1095 916,1095 916,1094 919,1094"/>
					<TextEquiv>
						<Unicode>ὑφ᾽</Unicode>
					</TextEquiv>
				</Word>
				<Word id="r1103">
					<Coords points="1034,1093 1038,1094 1041,1096 1100,1096 1104,1098 1125,1114 1133,1118 1147,1135 1148,1138 1146,1144 1142,1148 1059,1148 1049,1156 1038,1153 1030,1151 1018,1133 1014,1123 1015,1120 1016,1118 1028,1102 1029,1096"/>
					<TextEquiv>
						<Unicode>ἡμῖν,</Unicode>
					</TextEquiv>
				</Word>
				<Word id="r1104">
					<Coords points="1220,1091 1223,1093 1347,1093 1371,1114 1376,1115 1377,1118 1376,1121 1375,1138 1374,1140 1372,1141 1371,1142 1179,1140 1175,1138 1173,1135 1172,1133 1172,1125 1174,1122 1175,1120 1204,1093"/>
					<TextEquiv>
						<Unicode>εἵλεσθε</Unicode>
					</TextEquiv>
				</Word>
				<Word id="r1105">
					<Coords points="1512,1091 1515,1093 1517,1096 1518,1099 1520,1104 1521,1107 1522,1109 1525,1113 1529,1128 1531,1131 1531,1134 1529,1137 1526,1141 1419,1142 1403,1157 1401,1153 1402,1149 1403,1147 1405,1141 1406,1137 1407,1134 1409,1126 1412,1117 1413,1116 1450,1115 1453,1114 1488,1114 1510,1092"/>
					<TextEquiv>
						<Unicode>μετὰ</Unicode>
					</TextEquiv>
				</Word>
				<Word id="r1106">
					<Coords points="1622,1097 1629,1098 1648,1116 1667,1116 1667,1122 1666,1126 1664,1128 1661,1133 1652,1139 1650,1140 1647,1141 1606,1141 1578,1140 1577,1139 1576,1135 1568,1123 1569,1119 1571,1116 1599,1115"/>
					<TextEquiv>
						<Unicode>τῶν</Unicode>
					</TextEquiv>
				</Word>
				<TextEquiv>
					<Unicode>τὰς πατρίδας ἔχοντες ὑφ᾽ ἡμῖν, εἵλεσθε μετὰ τῶν</Unicode>
				</TextEquiv>
			</TextLine>
			<TextLine id="r115">
				<Coords points="566,1160 1554,1162 1557,1164 1616,1166 1619,1167 1621,1168 1642,1184 1650,1188 1664,1205 1665,1208 1664,1211 1663,1213 1659,1217 1657,1218 1656,1219 1571,1221 1567,1223 303,1225 300,1226 272,1226 254,1209 251,1208 248,1204 247,1201 246,1197 247,1194 249,1190 251,1187 261,1177 261,1161 565,1161"/>
				<Word id="r1107">
					<Coords points="261,1161 261,1162 339,1162 339,1163 400,1163 400,1164 403,1164 403,1165 406,1165 406,1166 408,1166 408,1167 409,1167 409,1168 410,1168 410,1169 411,1169 411,1170 412,1170 412,1171 413,1171 413,1172 414,1172 414,1173 415,1173 415,1174 416,1174 416,1175 417,1175 417,1176 418,1176 418,1177 419,1177 419,1178 420,1178 420,1179 421,1179 421,1180 422,1180 422,1181 423,1181 423,1182 424,1182 424,1183 447,1183 447,1186 448,1186 447,1186 447,1189 446,1189 446,1192 445,1192 445,1195 444,1195 444,1197 443,1197 443,1198 441,1198 441,1199 440,1199 440,1201 438,1201 438,1202 437,1202 437,1203 436,1203 436,1204 435,1204 435,1205 434,1205 434,1206 433,1206 433,1207 430,1207 430,1208 428,1208 428,1209 427,1209 427,1210 362,1210 362,1211 361,1211 361,1212 360,1212 360,1213 359,1213 359,1214 358,1214 358,1215 357,1215 357,1216 356,1216 356,1217 354,1217 354,1218 353,1218 353,1219 352,1219 352,1220 351,1220 351,1221 350,1221 350,1222 349,1222 349,1223 348,1223 348,1224 272,1224 272,1225 272,1224 270,1224 270,1223 269,1223 269,1222 268,1222 268,1221 267,1221 267,1220 266,1220 266,1219 265,1219 265,1218 264,1218 264,1217 263,1217 263,1216 262,1216 262,1215 261,1215 261,1214 260,1214 260,1213 259,1213 259,1212 258,1212 258,1211 257,1211 257,1210 256,1210 256,1209 254,1209 254,1208 252,1208 252,1207 251,1207 251,1206 250,1206 250,1205 249,1205 249,1204 248,1204 248,1201 247,1201 247,1195 248,1195 248,1192 249,1192 249,1190 250,1190 250,1188 251,1188 251,1187 252,1187 252,1186 253,1186 253,1185 254,1185 254,1184 255,1184 255,1183 256,1183 256,1182 257,1182 257,1181 258,1181 258,1180 259,1180 259,1179 260,1179 260,1178 261,1178"/>
					<TextEquiv>
						<Unicode>ἐχθρῶν</Unicode>
					</TextEquiv>
				</Word>
				<Word id="r1109">
					<Coords points="511,1161 572,1161 573,1163 572,1172 567,1175 562,1181 561,1188 549,1191 547,1210 528,1210 503,1208 499,1206 497,1203 496,1200 496,1194 497,1191 498,1189 499,1188 508,1171 509,1162 510,1162"/>
					<TextEquiv>
						<Unicode>ἐπ᾽</Unicode>
					</TextEquiv>
				</Word>
				<Word id="r1110">
					<Coords points="741,1161 772,1183 781,1184 784,1186 785,1187 785,1193 781,1195 779,1212 776,1214 769,1213 673,1210 671,1209 631,1208 628,1206 627,1198 628,1194 630,1192 633,1187 637,1184 651,1183 656,1183 677,1162 738,1162"/>
					<TextEquiv>
						<Unicode>αὐτὰς</Unicode>
					</TextEquiv>
				</Word>
				<Word id="r1111">
					<Coords points="1059,1162 1081,1182 1103,1182 1151,1183 1153,1187 1151,1191 1149,1192 1137,1194 1135,1196 1131,1201 1126,1206 1123,1207 1119,1209 1116,1210 924,1211 909,1224 894,1210 847,1209 842,1208 839,1206 837,1202 837,1200 838,1193 840,1191 842,1188 844,1186 847,1185 849,1184 858,1183 1037,1182 1056,1163"/>
					<TextEquiv>
						<Unicode>στρατεύειν·</Unicode>
					</TextEquiv>
				</Word>
				<Word id="r1112">
					<Coords points="1218,1162 1279,1162 1282,1164 1284,1165 1301,1182 1386,1182 1389,1197 1390,1201 1387,1207 1383,1209 1342,1210 1341,1213 1339,1217 1338,1221 1335,1223 1319,1210 1244,1209 1219,1208 1217,1207 1214,1205 1212,1199 1212,1194 1213,1191 1215,1188 1217,1163"/>
					<TextEquiv>
						<Unicode>δίδωμι</Unicode>
					</TextEquiv>
				</Word>
				<Word id="r1113">
					<Coords points="1449,1162 1481,1162 1481,1168 1480,1173 1479,1174 1476,1175 1468,1176 1467,1199 1466,1202 1464,1205 1463,1206 1459,1208 1456,1209 1449,1209 1445,1207 1444,1206 1443,1203 1442,1201 1441,1197 1442,1193 1443,1190 1448,1185 1448,1164"/>
					<TextEquiv>
						<Unicode>δ᾽</Unicode>
					</TextEquiv>
				</Word>
				<Word id="r1114">
					<Coords points="1550,1162 1554,1163 1558,1166 1615,1166 1618,1167 1622,1169 1642,1186 1646,1187 1648,1188 1650,1190 1663,1204 1664,1207 1663,1210 1662,1212 1655,1219 1569,1220 1566,1222 1563,1223 1549,1211 1544,1210 1540,1209 1534,1187 1544,1171"/>
					<TextEquiv>
						<Unicode>ὑμῖν,</Unicode>
					</TextEquiv>
				</Word>
				<TextEquiv>
					<Unicode>ἐχθρῶν ἐπ᾽ αὐτὰς στρατεύειν· δίδωμι δ᾽ ὑμῖν,</Unicode>
				</TextEquiv>
			</TextLine>
			<TextLine id="r116">
				<Coords points="1301,1228 1416,1228 1431,1229 1498,1231 1504,1233 1523,1252 1642,1252 1657,1260 1665,1261 1667,1263 1665,1267 1646,1267 1645,1272 1644,1274 1643,1277 1640,1278 1543,1280 1528,1294 1520,1287 257,1277 256,1276 255,1272 247,1260 246,1257 247,1254 250,1251 270,1251 292,1229 1300,1229"/>
				<Word id="r1115">
					<Coords points="293,1229 295,1230 297,1233 298,1235 299,1238 302,1244 303,1247 308,1258 311,1267 311,1270 308,1276 307,1277 256,1276 255,1269 247,1260 246,1258 247,1255 250,1251 270,1251"/>
					<TextEquiv>
						<Unicode>τὰ</Unicode>
					</TextEquiv>
				</Word>
				<Word id="r1116">
					<Coords points="373,1229 382,1237 426,1237 431,1238 444,1251 487,1251 490,1267 491,1271 490,1273 488,1276 423,1277 355,1276 353,1274 351,1271 350,1266 351,1260 353,1256 356,1253 356,1236 357,1234 360,1233 368,1233"/>
					<TextEquiv>
						<Unicode>ὅπλα</Unicode>
					</TextEquiv>
				</Word>
				<Word id="r1117">
					<Coords points="694,1231 699,1233 744,1233 748,1235 764,1251 835,1252 836,1258 850,1272 851,1276 850,1280 532,1278 531,1276 532,1272 533,1270 535,1264 536,1260 537,1258 538,1255 539,1253 540,1252 668,1252 689,1232"/>
					<TextEquiv>
						<Unicode>καταθεῖσιν,</Unicode>
					</TextEquiv>
				</Word>
				<Word id="r1118">
					<Coords points="1051,1229 1074,1250 1108,1250 1143,1251 1144,1255 1142,1261 1138,1267 1133,1272 1129,1274 1126,1276 1120,1278 924,1278 886,1277 883,1276 881,1273 881,1265 883,1262 884,1260 896,1240 897,1231 898,1230 1049,1230"/>
					<TextEquiv>
						<Unicode>ἀπαθέσιν</Unicode>
					</TextEquiv>
				</Word>
				<Word id="r1119">
					<Coords points="1301,1228 1415,1228 1430,1229 1433,1231 1434,1234 1434,1237 1433,1239 1430,1243 1417,1246 1404,1259 1403,1276 1402,1278 1400,1279 1224,1278 1185,1276 1184,1275 1182,1269 1183,1264 1184,1261 1186,1258 1197,1239 1199,1230 1299,1230"/>
					<TextEquiv>
						<Unicode>ἀπιέναι.&quot;</Unicode>
					</TextEquiv>
				</Word>
				<Word id="r1120">
					<Coords points="1495,1231 1499,1232 1502,1233 1522,1252 1641,1252 1646,1256 1656,1260 1665,1262 1665,1264 1664,1266 1644,1266 1643,1272 1642,1274 1641,1277 1639,1278 1590,1278 1542,1279 1527,1293 1512,1279 1484,1278 1480,1276 1479,1274 1478,1271 1478,1267 1479,1263 1481,1261 1482,1259 1494,1247"/>
					<TextEquiv>
						<Unicode>ἀγανα-</Unicode>
					</TextEquiv>
				</Word>
				<TextEquiv>
					<Unicode>τὰ ὅπλα καταθεῖσιν, ἀπαθέσιν ἀπιέναι.&quot; ἀγανα-</Unicode>
				</TextEquiv>
			</TextLine>
			<TextLine id="r117">
				<Coords points="626,1296 1465,1299 1471,1301 1490,1320 1601,1320 1640,1321 1655,1329 1665,1332 1664,1335 1645,1335 1644,1339 1641,1345 1597,1348 1580,1363 1577,1361 331,1359 319,1347 248,1346 247,1344 248,1342 250,1336 252,1328 253,1325 257,1320 394,1319 414,1299 601,1298 625,1297"/>
				<Word id="r1121">
					<Coords points="415,1299 437,1319 552,1320 553,1324 552,1330 550,1332 549,1335 545,1339 541,1342 539,1343 537,1345 534,1346 345,1347 333,1358 331,1359 318,1346 247,1345 247,1343 248,1341 250,1335 252,1327 255,1323 257,1320 393,1320"/>
					<TextEquiv>
						<Unicode>κτησάντων</Unicode>
					</TextEquiv>
				</Word>
				<Word id="r1122">
					<Coords points="628,1297 633,1300 634,1304 633,1308 630,1311 628,1312 623,1313 619,1314 618,1332 617,1335 614,1342 610,1345 608,1346 602,1346 596,1344 594,1341 592,1335 592,1333 593,1329 594,1327 596,1324 598,1301 600,1299 624,1298"/>
					<TextEquiv>
						<Unicode>δ᾽</Unicode>
					</TextEquiv>
				</Word>
				<Word id="r1123">
					<Coords points="781,1298 811,1320 819,1322 823,1327 821,1329 818,1330 817,1346 816,1349 813,1350 806,1349 707,1347 683,1346 679,1344 677,1341 677,1330 678,1328 686,1320 688,1319 695,1319 714,1300 754,1299 779,1299"/>
					<TextEquiv>
						<Unicode>εὐθὺς</Unicode>
					</TextEquiv>
				</Word>
				<Word id="r1124">
					<Coords points="882,1297 891,1303 982,1303 985,1305 986,1307 988,1321 989,1329 988,1333 984,1341 981,1344 978,1346 977,1347 907,1347 893,1359 875,1347 868,1346 865,1342 864,1336 865,1330 876,1308 877,1299"/>
					<TextEquiv>
						<Unicode>ὁμοῦ</Unicode>
					</TextEquiv>
				</Word>
				<Word id="r1125">
					<Coords points="1104,1298 1104,1299 1106,1299 1106,1300 1107,1300 1107,1301 1108,1301 1108,1302 1109,1302 1109,1303 1110,1303 1110,1304 1111,1304 1111,1305 1112,1305 1112,1306 1114,1306 1114,1307 1115,1307 1115,1308 1116,1308 1116,1309 1117,1309 1117,1310 1118,1310 1118,1311 1119,1311 1119,1312 1120,1312 1120,1313 1122,1313 1122,1314 1123,1314 1123,1315 1124,1315 1124,1316 1125,1316 1125,1317 1126,1317 1126,1318 1127,1318 1127,1319 1203,1319 1203,1320 1239,1320 1239,1321 1241,1321 1241,1326 1240,1326 1240,1331 1239,1331 1239,1332 1238,1332 1238,1333 1237,1333 1237,1334 1236,1334 1236,1337 1254,1337 1254,1338 1256,1338 1256,1339 1258,1339 1258,1343 1259,1343 1258,1343 1258,1347 1257,1347 1257,1349 1256,1349 1256,1351 1255,1351 1255,1352 1254,1352 1254,1353 1253,1353 1253,1354 1249,1354 1249,1355 1249,1354 1247,1354 1247,1353 1246,1353 1247,1353 1247,1352 1248,1352 1248,1348 1249,1348 1249,1346 1037,1346 1037,1347 1037,1343 1036,1343 1036,1339 1035,1339 1035,1335 1034,1335 1034,1333 1033,1333 1033,1332 1032,1332 1032,1331 1031,1331 1031,1327 1030,1327 1031,1327 1031,1325 1032,1325 1032,1323 1033,1323 1033,1322 1050,1322 1050,1321 1067,1321 1067,1320 1082,1320 1082,1319 1083,1319 1083,1318 1084,1318 1084,1317 1085,1317 1085,1316 1086,1316 1086,1315 1087,1315 1087,1314 1088,1314 1088,1313 1089,1313 1089,1312 1090,1312 1090,1311 1091,1311 1091,1310 1092,1310 1092,1309 1094,1309 1094,1308 1095,1308 1095,1307 1096,1307 1096,1306 1097,1306 1097,1305 1098,1305 1098,1304 1099,1304 1099,1303 1100,1303 1100,1302 1101,1302 1101,1301 1102,1301 1102,1300 1103,1300 1103,1299 1104,1299"/>
					<TextEquiv>
						<Unicode>πάντων,</Unicode>
					</TextEquiv>
				</Word>
				<Word id="r1127">
					<Coords points="1383,1299 1387,1300 1388,1303 1391,1309 1392,1312 1393,1314 1395,1334 1396,1339 1395,1342 1393,1345 1389,1347 1384,1347 1311,1345 1312,1341 1313,1338 1314,1336 1315,1332 1318,1323 1319,1321 1336,1319 1361,1319"/>
					<TextEquiv>
						<Unicode>καὶ</Unicode>
					</TextEquiv>
				</Word>
				<Word id="r1128">
					<Coords points="1463,1299 1469,1301 1489,1320 1600,1320 1639,1321 1644,1325 1654,1329 1658,1330 1661,1331 1663,1332 1663,1334 1643,1334 1642,1339 1640,1343 1633,1345 1625,1346 1599,1346 1596,1347 1594,1348 1579,1362 1566,1349 1483,1348 1481,1347 1450,1346 1447,1344 1446,1334 1448,1330 1450,1328 1451,1326 1461,1316 1461,1300"/>
					<TextEquiv>
						<Unicode>ἀνακρα-</Unicode>
					</TextEquiv>
				</Word>
				<TextEquiv>
					<Unicode>κτησάντων δ᾽ εὐθὺς ὁμοῦ πάντων, καὶ ἀνακρα-</Unicode>
				</TextEquiv>
			</TextLine>
			<TextLine id="r118">
				<Coords points="301,1365 1488,1365 1512,1389 1642,1389 1663,1396 1667,1407 1664,1413 1659,1416 1520,1417 1507,1430 1451,1430 1372,1432 1367,1433 1363,1433 1337,1431 258,1428 257,1416 246,1404 245,1402 244,1397 245,1393 250,1388 278,1388"/>
				<Word id="r1129">
					<Coords points="303,1365 327,1387 443,1388 444,1390 444,1394 443,1398 441,1402 433,1410 429,1413 425,1415 276,1415 260,1428 257,1421 246,1404 245,1402 244,1398 245,1394 250,1388 278,1388"/>
					<TextEquiv>
						<Unicode>γόντων</Unicode>
					</TextEquiv>
				</Word>
				<Word id="r1130">
					<Coords points="515,1368 537,1388 562,1389 562,1394 560,1409 557,1412 554,1414 474,1413 471,1409 471,1400 473,1395 476,1391 479,1389 492,1389"/>
					<TextEquiv>
						<Unicode>οὐκ</Unicode>
					</TextEquiv>
				</Word>
				<Word id="r1131">
					<Coords points="759,1366 762,1368 896,1368 898,1369 918,1389 953,1396 955,1405 954,1411 950,1413 932,1414 929,1415 912,1416 764,1417 750,1429 735,1416 593,1415 590,1413 588,1407 589,1400 592,1397 594,1394 603,1385 603,1369 605,1368 758,1367"/>
					<TextEquiv>
						<Unicode>ἀποθήσεσθαι</Unicode>
					</TextEquiv>
				</Word>
				<Word id="r1132">
					<Coords points="1032,1365 1036,1370 1039,1376 1041,1382 1042,1384 1047,1395 1051,1406 1049,1410 1046,1412 1042,1414 995,1414 994,1405 986,1394 987,1390 989,1389 1007,1389"/>
					<TextEquiv>
						<Unicode>τὰ</Unicode>
					</TextEquiv>
				</Word>
				<Word id="r1133">
					<Coords points="1099,1366 1108,1374 1153,1374 1157,1375 1159,1376 1171,1388 1213,1388 1215,1389 1233,1409 1234,1413 1233,1417 1227,1422 1221,1419 1083,1414 1079,1412 1077,1409 1076,1404 1076,1401 1077,1397 1080,1393 1082,1374 1084,1371 1095,1370"/>
					<TextEquiv>
						<Unicode>ὅπλα,</Unicode>
					</TextEquiv>
				</Word>
				<Word id="r1134">
					<Coords points="1331,1366 1353,1387 1402,1387 1406,1389 1407,1402 1406,1406 1405,1409 1404,1414 1403,1417 1402,1419 1400,1427 1397,1428 1361,1431 1261,1428 1261,1423 1262,1420 1263,1418 1265,1408 1266,1406 1268,1398 1270,1392 1272,1388 1274,1387 1308,1387 1327,1368"/>
					<TextEquiv>
						<Unicode>μάχη</Unicode>
					</TextEquiv>
				</Word>
				<Word id="r1135">
					<Coords points="1486,1365 1511,1389 1641,1389 1645,1392 1659,1395 1662,1399 1665,1406 1665,1407 1662,1413 1660,1414 1658,1416 1520,1416 1507,1429 1447,1429 1447,1417 1437,1406 1436,1404 1435,1398 1436,1393 1440,1390 1442,1389 1460,1389 1483,1366"/>
					<TextEquiv>
						<Unicode>γίγνεται</Unicode>
					</TextEquiv>
				</Word>
				<TextEquiv>
					<Unicode>γόντων οὐκ ἀποθήσεσθαι τὰ ὅπλα, μάχη γίγνεται</Unicode>
				</TextEquiv>
			</TextLine>
			<TextLine id="r119">
				<Coords points="466,1434 468,1435 1550,1436 1572,1458 1614,1458 1651,1459 1652,1463 1664,1478 1665,1483 1664,1488 1663,1490 1661,1492 1561,1493 1552,1500 315,1498 301,1484 246,1483 245,1479 247,1475 249,1469 250,1467 253,1458 255,1457 294,1456 443,1456"/>
				<Word id="r1136">
					<Coords points="466,1435 468,1436 469,1461 484,1476 484,1478 483,1483 420,1484 406,1498 315,1498 300,1483 245,1482 245,1479 247,1475 249,1469 250,1467 253,1458 255,1457 294,1456 444,1456"/>
					<TextEquiv>
						<Unicode>καρτερά.</Unicode>
					</TextEquiv>
				</Word>
				<Word id="r1137">
					<Coords points="641,1436 643,1437 644,1440 646,1444 647,1447 648,1449 650,1452 651,1472 653,1475 651,1479 644,1484 641,1483 567,1482 567,1480 568,1477 569,1475 570,1469 572,1465 573,1461 575,1458 618,1457 638,1437"/>
					<TextEquiv>
						<Unicode>καὶ</Unicode>
					</TextEquiv>
				</Word>
				<Word id="r1138">
					<Coords points="743,1436 746,1438 748,1440 752,1448 753,1457 757,1460 759,1464 759,1469 758,1473 757,1476 755,1480 751,1482 712,1482 712,1473 704,1464 703,1462 705,1458 708,1457 721,1457"/>
					<TextEquiv>
						<Unicode>τὸ</Unicode>
					</TextEquiv>
				</Word>
				<Word id="r1139">
					<Coords points="857,1436 881,1457 898,1457 898,1465 896,1471 894,1473 886,1480 883,1482 880,1483 863,1485 827,1485 811,1498 808,1495 810,1489 811,1485 813,1479 814,1475 815,1473 816,1468 818,1460 819,1459 827,1458"/>
					<TextEquiv>
						<Unicode>μὲν</Unicode>
					</TextEquiv>
				</Word>
				<Word id="r1140">
					<Coords points="975,1436 996,1456 1109,1457 1109,1465 1107,1471 1105,1475 1101,1479 1098,1481 1095,1482 999,1484 983,1498 965,1496 952,1477 947,1466 948,1463 950,1460 957,1449 958,1443 964,1440 972,1437"/>
					<TextEquiv>
						<Unicode>ἥμισυ</Unicode>
					</TextEquiv>
				</Word>
				<Word id="r1141">
					<Coords points="1214,1438 1237,1456 1259,1457 1261,1462 1260,1466 1259,1468 1256,1472 1249,1479 1246,1481 1243,1482 1241,1484 1170,1484 1169,1480 1160,1464 1161,1459 1162,1458 1164,1457 1190,1457 1207,1440"/>
					<TextEquiv>
						<Unicode>τῶν</Unicode>
					</TextEquiv>
				</Word>
				<Word id="r1142">
					<Coords points="1547,1436 1571,1458 1613,1458 1650,1459 1652,1467 1664,1481 1663,1486 1662,1489 1660,1492 1555,1495 1533,1497 1476,1496 1465,1485 1314,1483 1310,1482 1311,1481 1311,1439 1312,1438 1544,1438"/>
					<TextEquiv>
						<Unicode>Κελτιβήρων,</Unicode>
					</TextEquiv>
				</Word>
				<TextEquiv>
					<Unicode>καρτερά. καὶ τὸ μὲν ἥμισυ τῶν Κελτιβήρων,</Unicode>
				</TextEquiv>
			</TextLine>
			<TextLine id="r120">
				<Coords points="407,1502 1626,1505 1628,1508 1653,1527 1661,1528 1664,1530 1666,1532 1666,1537 1664,1538 1662,1555 1660,1557 1658,1558 1657,1559 1595,1559 1585,1569 497,1569 480,1552 253,1551 249,1539 247,1528 248,1526 252,1524 314,1524 326,1512 356,1511 398,1511"/>
				<Word id="r1143">
					<Coords points="408,1503 412,1506 414,1510 415,1513 416,1515 417,1518 418,1520 423,1531 427,1542 426,1545 421,1551 253,1546 248,1535 247,1530 248,1526 249,1525 251,1524 314,1524 326,1512 356,1511 398,1511"/>
					<TextEquiv>
						<Unicode>πολλὰ</Unicode>
					</TextEquiv>
				</Word>
				<Word id="r1144">
					<Coords points="477,1503 482,1504 635,1504 656,1525 769,1525 771,1526 772,1531 783,1545 784,1550 783,1555 781,1556 780,1559 776,1560 502,1564 496,1568 475,1551 467,1546 466,1542 467,1536 469,1531 471,1529 471,1507 472,1505"/>
					<TextEquiv>
						<Unicode>δρασάντων,</Unicode>
					</TextEquiv>
				</Word>
				<Word id="r1145">
					<Coords points="1008,1504 1032,1525 1084,1525 1087,1526 1089,1527 1106,1545 1107,1549 1106,1553 1105,1555 1101,1559 1092,1560 1083,1562 1080,1565 1068,1554 863,1552 828,1549 829,1545 830,1542 832,1537 834,1529 837,1526 839,1525 984,1525"/>
					<TextEquiv>
						<Unicode>κατεκόπη,</Unicode>
					</TextEquiv>
				</Word>
				<Word id="r1146">
					<Coords points="1195,1504 1199,1506 1202,1512 1204,1518 1206,1528 1210,1531 1211,1537 1210,1542 1209,1545 1207,1548 1204,1551 1199,1553 1195,1554 1194,1553 1162,1552 1161,1544 1153,1533 1154,1528 1156,1527 1170,1526"/>
					<TextEquiv>
						<Unicode>τὸ</Unicode>
					</TextEquiv>
				</Word>
				<Word id="r1147">
					<Coords points="1258,1505 1290,1505 1289,1515 1285,1517 1278,1518 1277,1540 1276,1543 1274,1546 1272,1550 1268,1551 1258,1551 1255,1549 1253,1546 1252,1543 1252,1538 1253,1534 1254,1532 1256,1530 1257,1506"/>
					<TextEquiv>
						<Unicode>δ᾽</Unicode>
					</TextEquiv>
				</Word>
				<Word id="r1148">
					<Coords points="1357,1506 1377,1525 1489,1525 1491,1527 1492,1530 1491,1534 1490,1537 1486,1545 1483,1548 1481,1549 1478,1551 1477,1552 1439,1552 1382,1553 1365,1568 1362,1566 1346,1565 1333,1544 1330,1533 1331,1530 1338,1518 1339,1512 1341,1510 1348,1509"/>
					<TextEquiv>
						<Unicode>ἥμισυ</Unicode>
					</TextEquiv>
				</Word>
				<Word id="r1149">
					<Coords points="1624,1505 1654,1528 1661,1529 1665,1534 1661,1537 1660,1556 1657,1557 1595,1558 1583,1568 1569,1555 1547,1554 1546,1549 1540,1537 1539,1534 1540,1532 1541,1529 1543,1528 1595,1527 1599,1526 1602,1526"/>
					<TextEquiv>
						<Unicode>πρὸς</Unicode>
					</TextEquiv>
				</Word>
				<TextEquiv>
					<Unicode>πολλὰ δρασάντων, κατεκόπη, τὸ δ᾽ ἥμισυ πρὸς</Unicode>
				</TextEquiv>
			</TextLine>
			<TextLine id="r121">
				<Coords points="671,1571 1641,1573 1678,1614 1661,1625 1642,1607 1642,1609 1640,1617 1637,1619 1635,1622 1534,1623 1519,1637 1517,1638 1514,1636 360,1635 345,1620 247,1619 246,1577 246,1575 248,1574 670,1572"/>
				<Word id="r1150">
					<Coords points="248,1574 341,1574 361,1594 480,1594 483,1609 484,1612 482,1616 481,1619 478,1620 376,1621 362,1634 360,1635 344,1619 247,1619 246,1577 246,1575"/>
					<TextEquiv>
						<Unicode>Μάγωνα</Unicode>
					</TextEquiv>
				</Word>
				<Word id="r1151">
					<Coords points="671,1572 671,1573 673,1573 673,1574 674,1574 674,1575 709,1575 709,1576 711,1576 711,1577 713,1577 713,1578 714,1578 714,1579 715,1579 715,1580 717,1580 717,1581 718,1581 718,1582 719,1582 719,1583 721,1583 721,1584 722,1584 722,1585 723,1585 723,1586 725,1586 725,1587 726,1587 726,1588 727,1588 727,1589 729,1589 729,1590 730,1590 730,1591 731,1591 731,1592 733,1592 733,1593 734,1593 734,1594 735,1594 735,1595 742,1595 742,1596 744,1596 744,1597 745,1597 745,1601 746,1601 745,1601 745,1607 744,1607 744,1610 743,1610 743,1613 761,1613 761,1618 759,1618 759,1619 758,1619 758,1620 757,1620 757,1621 756,1621 756,1622 740,1622 740,1626 739,1626 739,1629 738,1629 738,1631 736,1631 736,1632 735,1632 735,1633 735,1632 733,1632 733,1631 732,1631 732,1630 731,1630 731,1629 730,1629 730,1628 729,1628 729,1627 728,1627 728,1626 727,1626 727,1625 726,1625 726,1624 725,1624 725,1623 724,1623 724,1622 723,1622 723,1621 583,1621 583,1620 581,1620 581,1619 532,1619 532,1618 529,1618 529,1616 528,1616 528,1615 527,1615 527,1613 526,1613 526,1607 527,1607 527,1604 528,1604 528,1602 529,1602 529,1600 530,1600 530,1598 531,1598 531,1586 532,1586 532,1575 533,1575 533,1573 671,1573"/>
					<TextEquiv>
						<Unicode>διεσώθη.</Unicode>
					</TextEquiv>
				</Word>
				<Word id="r1152">
					<Coords points="852,1572 856,1573 856,1599 857,1602 857,1609 856,1613 854,1617 850,1619 842,1619 838,1617 836,1604 837,1601 842,1596 846,1594 847,1575 848,1574"/>
					<TextEquiv>
						<Unicode>ὁ</Unicode>
					</TextEquiv>
				</Word>
				<Word id="r1153">
					<Coords points="904,1572 931,1572 932,1574 933,1577 931,1584 920,1587 919,1610 918,1613 915,1617 910,1620 904,1620 900,1619 898,1618 896,1615 895,1613 895,1607 896,1604 898,1600 900,1574 902,1574"/>
					<TextEquiv>
						<Unicode>δ᾽</Unicode>
					</TextEquiv>
				</Word>
				<Word id="r1154">
					<Coords points="1007,1572 1031,1593 1090,1594 1092,1608 1095,1611 1092,1616 1090,1618 1086,1620 1085,1621 1058,1621 1031,1622 1016,1635 991,1620 982,1619 981,1617 980,1607 981,1603 983,1601 984,1599 992,1591 997,1574"/>
					<TextEquiv>
						<Unicode>ἄρτι</Unicode>
					</TextEquiv>
				</Word>
				<Word id="r1155">
					<Coords points="1184,1573 1207,1594 1225,1594 1225,1601 1224,1604 1223,1606 1223,1608 1214,1616 1211,1618 1203,1622 1150,1622 1137,1634 1135,1635 1134,1633 1136,1625 1138,1619 1139,1615 1141,1609 1142,1605 1143,1599 1144,1596 1145,1595 1154,1594"/>
					<TextEquiv>
						<Unicode>μὲν</Unicode>
					</TextEquiv>
				</Word>
				<Word id="r1156">
					<Coords points="1281,1573 1286,1574 1308,1595 1310,1596 1313,1598 1314,1601 1310,1604 1308,1605 1306,1623 1300,1625 1296,1623 1272,1619 1268,1617 1266,1613 1266,1605 1268,1600 1277,1582 1278,1574"/>
					<TextEquiv>
						<Unicode>ἐς</Unicode>
					</TextEquiv>
				</Word>
				<Word id="r1157">
					<Coords points="1392,1573 1396,1575 1397,1578 1398,1580 1400,1583 1401,1585 1403,1597 1407,1600 1408,1605 1407,1611 1405,1615 1399,1622 1361,1621 1360,1614 1351,1602 1352,1597 1353,1596 1355,1595 1368,1595"/>
					<TextEquiv>
						<Unicode>τὸ</Unicode>
					</TextEquiv>
				</Word>
				<Word id="r1158">
					<Coords points="1638,1573 1641,1578 1665,1607 1664,1609 1640,1609 1638,1617 1634,1621 1533,1622 1516,1637 1500,1622 1455,1621 1449,1619 1447,1616 1446,1606 1447,1604 1449,1601 1453,1599 1455,1597 1457,1596 1467,1595 1615,1594"/>
					<TextEquiv>
						<Unicode>στρατό-</Unicode>
					</TextEquiv>
				</Word>
				<TextEquiv>
					<Unicode>Μάγωνα διεσώθη. ὁ δ᾽ ἄρτι μὲν ἐς τὸ στρατό-</Unicode>
				</TextEquiv>
			</TextLine>
			<TextLine id="r122">
				<Coords points="326,1640 1504,1642 1526,1664 1559,1664 1660,1666 1663,1681 1664,1685 1661,1689 1640,1692 1505,1693 1494,1703 1493,1704 1449,1703 1448,1703 1439,1694 251,1689 250,1684 244,1673 243,1670 244,1667 245,1665 246,1664 250,1662 302,1662 324,1641"/>
				<Word id="r1159">
					<Coords points="327,1641 331,1642 336,1646 353,1662 398,1662 398,1668 397,1673 395,1677 392,1680 385,1686 383,1687 380,1688 379,1689 251,1685 244,1673 243,1670 244,1668 245,1665 246,1664 250,1662 303,1662"/>
					<TextEquiv>
						<Unicode>πεδον</Unicode>
					</TextEquiv>
				</Word>
				<Word id="r1160">
					<Coords points="467,1641 471,1643 474,1649 475,1653 476,1663 480,1666 482,1669 482,1679 481,1681 478,1686 436,1688 436,1682 427,1672 426,1669 428,1665 429,1664 437,1663"/>
					<TextEquiv>
						<Unicode>τὸ</Unicode>
					</TextEquiv>
				</Word>
				<Word id="r1161">
					<Coords points="519,1641 519,1642 520,1642 520,1643 521,1643 521,1644 547,1644 547,1645 548,1645 548,1646 549,1646 549,1647 550,1647 550,1648 551,1648 551,1649 552,1649 552,1650 553,1650 553,1651 554,1651 554,1652 555,1652 555,1653 556,1653 556,1654 557,1654 557,1655 558,1655 558,1656 559,1656 559,1657 560,1657 560,1658 561,1658 561,1659 562,1659 562,1660 563,1660 563,1661 564,1661 564,1662 750,1662 750,1663 753,1663 753,1664 755,1664 755,1666 756,1666 756,1667 757,1667 757,1670 754,1670 754,1671 753,1671 753,1687 752,1687 752,1690 752,1689 639,1689 639,1688 526,1688 526,1687 525,1687 526,1687 526,1685 527,1685 527,1684 528,1684 528,1683 529,1683 529,1682 530,1682 530,1681 531,1681 531,1680 532,1680 532,1679 533,1679 533,1678 534,1678 534,1677 535,1677 535,1676 536,1676 536,1673 537,1673 537,1669 538,1669 538,1666 539,1666 539,1664 540,1664 540,1661 541,1661 541,1658 504,1658 504,1649 503,1649 503,1645 516,1645 516,1644 517,1644 517,1643 518,1643 518,1642 519,1642"/>
					<TextEquiv>
						<Unicode>Ἄννωνος</Unicode>
					</TextEquiv>
				</Word>
				<Word id="r1163">
					<Coords points="1110,1642 1132,1662 1190,1669 1192,1679 1192,1682 1191,1683 1190,1685 1188,1687 1185,1689 1183,1690 816,1690 777,1688 778,1686 779,1683 780,1679 785,1664 787,1663 802,1662 1007,1662 1020,1649 1101,1649"/>
					<TextEquiv>
						<Unicode>κατεπεπλεύκει</Unicode>
					</TextEquiv>
				</Word>
				<Word id="r1164">
					<Coords points="1354,1642 1379,1664 1396,1664 1396,1669 1395,1674 1392,1677 1390,1681 1388,1683 1379,1689 1375,1690 1215,1689 1214,1664 1257,1663 1267,1662 1331,1662"/>
					<TextEquiv>
						<Unicode>ναυσὶν</Unicode>
					</TextEquiv>
				</Word>
				<Word id="r1165">
					<Coords points="1431,1642 1503,1642 1525,1664 1558,1664 1659,1666 1660,1681 1663,1683 1660,1688 1653,1689 1644,1690 1639,1691 1504,1692 1493,1703 1448,1702 1447,1702 1430,1690 1423,1689 1421,1688 1419,1685 1418,1679 1419,1672 1426,1657 1427,1647 1428,1644 1429,1644"/>
					<TextEquiv>
						<Unicode>ἑξήκοντα</Unicode>
					</TextEquiv>
				</Word>
				<TextEquiv>
					<Unicode>πεδον τὸ Ἄννωνος κατεπεπλεύκει ναυσὶν ἑξήκοντα</Unicode>
				</TextEquiv>
			</TextLine>
			<TextLine id="r123">
				<Coords points="798,1709 1527,1710 1633,1712 1639,1713 1661,1734 1664,1735 1666,1736 1667,1740 1664,1743 1662,1744 1661,1762 1658,1763 1656,1764 1490,1765 1480,1775 1419,1775 1415,1774 243,1769 242,1764 244,1758 245,1756 247,1748 248,1745 249,1741 250,1739 251,1735 253,1732 255,1730 412,1730 428,1714 430,1713 626,1712 628,1711 654,1710 797,1710"/>
				<Word id="r1166">
					<Coords points="433,1713 437,1714 458,1731 462,1732 466,1734 467,1736 481,1752 482,1755 481,1758 479,1762 476,1765 242,1768 242,1764 244,1758 245,1756 247,1748 248,1745 249,1741 250,1739 251,1735 253,1731 255,1730 412,1730 428,1714"/>
					<TextEquiv>
						<Unicode>μακραῖς,</Unicode>
					</TextEquiv>
				</Word>
				<Word id="r1167">
					<Coords points="656,1710 680,1732 709,1733 709,1740 708,1743 706,1746 702,1751 697,1754 695,1756 691,1757 575,1758 546,1759 532,1770 531,1768 532,1762 533,1758 535,1752 537,1748 539,1738 540,1735 541,1733 543,1732 593,1731 607,1731 624,1714 627,1712 629,1711 654,1711"/>
					<TextEquiv>
						<Unicode>μαθὼν</Unicode>
					</TextEquiv>
				</Word>
				<Word id="r1168">
					<Coords points="798,1710 801,1711 803,1715 805,1721 807,1724 810,1736 808,1738 807,1757 805,1758 769,1758 765,1757 761,1754 761,1742 763,1739 764,1736 765,1712 767,1711 795,1711"/>
					<TextEquiv>
						<Unicode>δὲ</Unicode>
					</TextEquiv>
				</Word>
				<Word id="r1169">
					<Coords points="903,1710 927,1732 951,1732 953,1736 952,1741 951,1744 948,1748 943,1753 938,1757 935,1758 933,1759 916,1761 915,1763 914,1767 910,1771 897,1760 871,1759 870,1756 861,1743 860,1739 861,1736 862,1734 864,1733 878,1733"/>
					<TextEquiv>
						<Unicode>τὴν</Unicode>
					</TextEquiv>
				</Word>
				<Word id="r1170">
					<Coords points="1010,1710 1010,1711 1012,1711 1012,1712 1013,1712 1013,1713 1039,1713 1039,1714 1041,1714 1041,1715 1042,1715 1042,1716 1043,1716 1043,1717 1044,1717 1044,1718 1045,1718 1045,1719 1046,1719 1046,1720 1047,1720 1047,1721 1048,1721 1048,1722 1049,1722 1049,1723 1050,1723 1050,1724 1051,1724 1051,1725 1052,1725 1052,1726 1053,1726 1053,1727 1054,1727 1054,1728 1055,1728 1055,1729 1056,1729 1056,1730 1057,1730 1057,1731 1058,1731 1058,1732 1245,1732 1245,1734 1246,1734 1246,1735 1247,1735 1247,1736 1248,1736 1248,1740 1246,1740 1246,1741 1245,1741 1245,1745 1244,1745 1244,1749 1243,1749 1243,1758 1242,1758 1242,1759 1241,1759 1241,1760 1240,1760 1240,1761 1236,1761 1236,1762 1236,1761 1234,1761 1234,1760 1232,1760 1232,1759 1231,1759 1231,1758 1124,1758 1124,1757 1017,1757 1017,1756 1016,1756 1017,1756 1017,1754 1018,1754 1018,1753 1019,1753 1019,1752 1020,1752 1020,1751 1021,1751 1021,1750 1022,1750 1022,1749 1023,1749 1023,1748 1024,1748 1024,1747 1025,1747 1025,1746 1026,1746 1026,1745 1027,1745 1027,1742 1028,1742 1028,1739 1029,1739 1029,1737 1030,1737 1030,1734 1031,1734 1031,1731 1032,1731 1032,1728 1000,1728 1000,1725 999,1725 999,1723 998,1723 998,1721 997,1721 997,1719 996,1719 996,1717 995,1717 995,1715 994,1715 1001,1715 1001,1714 1004,1714 1004,1713 1006,1713 1006,1712 1008,1712 1008,1711 1010,1711"/>
					<TextEquiv>
						<Unicode>Ἄννωνος</Unicode>
					</TextEquiv>
				</Word>
				<Word id="r1172">
					<Coords points="1523,1710 1548,1732 1571,1732 1571,1743 1568,1747 1566,1750 1564,1752 1560,1754 1557,1756 1553,1758 1495,1759 1480,1774 1368,1773 1353,1758 1304,1757 1302,1756 1300,1754 1299,1752 1298,1748 1299,1744 1300,1742 1301,1739 1302,1738 1306,1735 1308,1734 1313,1733 1320,1732 1323,1731 1411,1731 1427,1715 1516,1715"/>
					<TextEquiv>
						<Unicode>συμφορὰν</Unicode>
					</TextEquiv>
				</Word>
				<Word id="r1173">
					<Coords points="1635,1713 1639,1714 1662,1735 1664,1736 1666,1738 1662,1743 1660,1744 1659,1762 1653,1764 1649,1761 1626,1760 1622,1758 1620,1755 1619,1753 1618,1750 1618,1748 1619,1743 1620,1740 1621,1739 1631,1721"/>
					<TextEquiv>
						<Unicode>ἐς</Unicode>
					</TextEquiv>
				</Word>
				<TextEquiv>
					<Unicode>μακραῖς, μαθὼν δὲ τὴν Ἄννωνος συμφορὰν ἐς</Unicode>
				</TextEquiv>
			</TextLine>
			<TextLine id="r124">
				<Coords points="319,1777 1358,1779 1363,1781 1394,1783 1396,1784 1411,1799 1586,1799 1590,1800 1640,1801 1650,1809 1658,1810 1664,1812 1659,1815 1648,1816 1640,1822 1638,1827 1635,1828 1586,1829 1569,1845 1567,1845 1565,1844 404,1842 388,1826 248,1825 247,1782 246,1779 318,1778"/>
				<Word id="r1174">
					<Coords points="318,1778 342,1778 342,1779 344,1779 344,1780 346,1780 346,1781 348,1781 348,1782 349,1782 349,1783 350,1783 350,1784 351,1784 351,1785 352,1785 352,1786 353,1786 353,1787 354,1787 354,1788 355,1788 355,1789 356,1789 356,1790 357,1790 357,1791 358,1791 358,1792 359,1792 359,1793 360,1793 360,1794 361,1794 361,1795 362,1795 362,1796 363,1796 363,1797 364,1797 364,1798 395,1798 395,1799 469,1800 466,1809 467,1809 467,1811 468,1811 468,1813 469,1813 469,1815 470,1815 470,1817 471,1817 470,1817 470,1819 469,1819 469,1821 468,1821 468,1822 467,1822 467,1823 466,1823 466,1824 465,1824 465,1825 464,1825 464,1826 463,1826 463,1827 420,1827 420,1828 419,1828 419,1829 418,1829 418,1830 417,1830 417,1831 416,1831 416,1832 415,1832 415,1833 414,1833 414,1834 412,1834 412,1835 411,1835 411,1836 410,1836 410,1837 409,1837 409,1838 408,1838 408,1839 407,1839 407,1840 406,1840 406,1841 405,1841 405,1842 405,1841 403,1841 403,1840 402,1840 402,1839 401,1839 401,1838 400,1838 400,1837 399,1837 399,1836 398,1836 398,1835 397,1835 397,1834 396,1834 396,1833 395,1833 395,1832 394,1832 394,1831 393,1831 393,1830 392,1830 392,1829 391,1829 391,1828 390,1828 390,1827 389,1827 389,1826 388,1826 388,1825 387,1825 387,1824 269,1824 269,1825 248,1825 248,1782 247,1782 247,1779 318,1779"/>
					<TextEquiv>
						<Unicode>Γάδειρα</Unicode>
					</TextEquiv>
				</Word>
				<Word id="r1176">
					<Coords points="533,1778 594,1778 602,1786 650,1786 652,1787 665,1800 719,1800 739,1824 737,1830 733,1834 730,1835 720,1827 533,1826 529,1824 527,1822 526,1820 525,1815 526,1809 528,1806 530,1804 530,1781"/>
					<TextEquiv>
						<Unicode>διέπλει,</Unicode>
					</TextEquiv>
				</Word>
				<Word id="r1177">
					<Coords points="863,1779 866,1781 868,1784 869,1787 872,1793 874,1814 877,1817 874,1823 870,1828 829,1828 827,1827 792,1823 793,1818 794,1816 795,1813 796,1809 797,1806 798,1804 808,1801 816,1800 841,1800"/>
					<TextEquiv>
						<Unicode>καὶ</Unicode>
					</TextEquiv>
				</Word>
				<Word id="r1178">
					<Coords points="1056,1782 1059,1783 1063,1785 1064,1787 1065,1794 1071,1806 1072,1811 1071,1816 1069,1820 1064,1825 1058,1826 1054,1833 1051,1842 1050,1843 996,1843 980,1827 939,1827 937,1790 936,1786 1050,1784 1055,1783"/>
					<TextEquiv>
						<Unicode>λιμῷ</Unicode>
					</TextEquiv>
				</Word>
				<Word id="r1179">
					<Coords points="1356,1779 1359,1780 1361,1781 1364,1783 1393,1783 1395,1784 1412,1801 1436,1801 1437,1805 1436,1810 1435,1813 1433,1816 1431,1817 1430,1820 1426,1823 1422,1825 1419,1826 1417,1827 1394,1828 1124,1827 1122,1826 1122,1823 1123,1821 1124,1817 1125,1815 1127,1809 1128,1803 1129,1801 1145,1800 1333,1800 1351,1782 1354,1780"/>
					<TextEquiv>
						<Unicode>κακοπαθῶν</Unicode>
					</TextEquiv>
				</Word>
				<Word id="r1180">
					<Coords points="1584,1799 1590,1801 1639,1801 1641,1802 1653,1810 1659,1811 1662,1812 1661,1812 1659,1814 1647,1815 1637,1826 1634,1827 1585,1828 1567,1844 1550,1829 1503,1828 1500,1816 1497,1808 1499,1803 1503,1801 1556,1800 1583,1800"/>
					<TextEquiv>
						<Unicode>περιε-</Unicode>
					</TextEquiv>
				</Word>
				<TextEquiv>
					<Unicode>Γάδειρα διέπλει, καὶ λιμῷ κακοπαθῶν περιε-</Unicode>
				</TextEquiv>
			</TextLine>
			<TextLine id="r125">
				<Coords points="513,1845 516,1846 627,1846 636,1855 674,1855 677,1856 679,1857 690,1868 762,1868 764,1873 776,1887 777,1891 775,1896 583,1897 568,1911 565,1907 556,1897 399,1896 370,1895 253,1894 248,1892 245,1888 246,1879 247,1876 250,1872 255,1869 258,1868 263,1867 315,1867 336,1846 511,1846"/>
				<Word id="r1181">
					<Coords points="338,1846 362,1867 427,1867 431,1874 433,1883 434,1886 433,1888 426,1895 424,1896 369,1894 252,1893 249,1892 247,1891 245,1888 246,1883 247,1877 248,1875 252,1871 254,1870 257,1869 261,1868 264,1867 315,1867"/>
					<TextEquiv>
						<Unicode>σκόπει</Unicode>
					</TextEquiv>
				</Word>
				<Word id="r1182">
					<Coords points="513,1846 516,1847 518,1851 519,1854 522,1860 526,1872 528,1885 527,1887 526,1891 524,1894 521,1895 481,1895 480,1887 471,1875 474,1869 482,1868"/>
					<TextEquiv>
						<Unicode>τὸ</Unicode>
					</TextEquiv>
				</Word>
				<Word id="r1183">
					<Coords points="626,1846 635,1855 673,1855 676,1856 678,1857 689,1868 761,1868 762,1870 763,1873 764,1875 775,1886 776,1889 774,1895 582,1896 567,1910 565,1907 567,1901 569,1899 570,1892 572,1886 573,1881 574,1877 576,1875 577,1870 601,1870 624,1847"/>
					<TextEquiv>
						<Unicode>μέλλον.</Unicode>
					</TextEquiv>
				</Word>
				<TextEquiv>
					<Unicode>σκόπει τὸ μέλλον.</Unicode>
				</TextEquiv>
			</TextLine>
			<TextLine id="r126">
				<Coords points="1411,1911 1416,1915 1661,1917 1664,1919 1665,1922 1665,1927 1663,1931 1652,1933 1651,1952 1650,1957 1647,1962 1642,1965 1593,1967 1590,1969 1345,1970 1343,1971 1298,1975 1098,1979 1096,1980 1094,1979 682,1979 668,1965 383,1963 321,1961 318,1959 316,1950 318,1949 318,1927 319,1925 323,1921 327,1920 522,1915 1407,1914"/>
				<Word id="r1184">
					<Coords points="329,1920 332,1921 367,1921 373,1925 374,1927 375,1935 391,1960 387,1963 383,1962 320,1960 318,1959 316,1954 316,1950 318,1949 318,1927 319,1925 323,1921 327,1921"/>
					<TextEquiv>
						<Unicode>32.</Unicode>
					</TextEquiv>
				</Word>
				<Word id="r1185">
					<Coords points="526,1915 529,1916 530,1918 531,1921 533,1925 535,1931 537,1951 538,1957 536,1959 534,1962 525,1963 432,1963 439,1918 448,1917 522,1917"/>
					<TextEquiv>
						<Unicode>Καὶ</Unicode>
					</TextEquiv>
				</Word>
				<Word id="r1186">
					<Coords points="621,1916 663,1916 684,1937 771,1937 772,1939 772,1945 771,1950 769,1952 768,1954 767,1955 764,1957 762,1960 759,1962 753,1964 751,1965 698,1966 683,1978 667,1964 577,1962 576,1962 576,1917 620,1917"/>
					<TextEquiv>
						<Unicode>Μάγων</Unicode>
					</TextEquiv>
				</Word>
				<Word id="r1187">
					<Coords points="858,1915 880,1936 900,1936 901,1940 900,1945 899,1947 898,1950 889,1959 885,1962 881,1964 880,1965 825,1965 810,1978 808,1973 810,1967 811,1963 812,1960 813,1956 814,1953 817,1941 818,1939 819,1938 828,1937"/>
					<TextEquiv>
						<Unicode>μὲν</Unicode>
					</TextEquiv>
				</Word>
				<Word id="r1188">
					<Coords points="1009,1915 1013,1918 1014,1921 1016,1925 1018,1933 1020,1951 1023,1954 1020,1960 1015,1965 967,1964 943,1963 940,1961 937,1955 937,1950 940,1944 945,1938 949,1919 951,1917 1006,1916"/>
					<TextEquiv>
						<Unicode>ἐπὶ</Unicode>
					</TextEquiv>
				</Word>
				<Word id="r1189">
					<Coords points="1078,1916 1184,1916 1205,1937 1238,1937 1240,1938 1243,1940 1244,1942 1244,1946 1239,1947 1238,1966 1235,1967 1156,1968 1146,1978 1097,1978 1095,1979 1073,1964 1064,1963 1062,1961 1061,1958 1060,1954 1061,1950 1064,1945 1065,1943 1075,1925 1076,1917"/>
					<TextEquiv>
						<Unicode>ἀργίας</Unicode>
					</TextEquiv>
				</Word>
				<Word id="r1190">
					<Coords points="1294,1916 1298,1917 1325,1936 1336,1941 1348,1956 1349,1959 1350,1961 1349,1964 1347,1968 1344,1969 1342,1970 1298,1971 1297,1973 1294,1975 1279,1957 1275,1946 1276,1943 1284,1928 1285,1920 1289,1917"/>
					<TextEquiv>
						<Unicode>ἦν,</Unicode>
					</TextEquiv>
				</Word>
				<Word id="r1191">
					<Coords points="1411,1912 1417,1917 1561,1917 1585,1937 1591,1938 1594,1939 1599,1943 1600,1945 1599,1947 1595,1949 1594,1964 1593,1966 1591,1967 1586,1969 1583,1968 1411,1966 1380,1964 1382,1920 1402,1918"/>
					<TextEquiv>
						<Unicode>Σιλανὸς</Unicode>
					</TextEquiv>
				</Word>
				<Word id="r1192">
					<Coords points="1634,1917 1660,1917 1663,1919 1663,1927 1662,1929 1656,1931 1650,1932 1649,1952 1648,1958 1646,1960 1645,1962 1643,1963 1636,1965 1629,1963 1627,1960 1626,1953 1628,1946 1630,1943 1631,1942 1631,1919 1632,1918"/>
					<TextEquiv>
						<Unicode>δ᾽</Unicode>
					</TextEquiv>
				</Word>
				<TextEquiv>
					<Unicode>32. Καὶ Μάγων μὲν ἐπὶ ἀργίας ἦν, Σιλανὸς δ᾽</Unicode>
				</TextEquiv>
			</TextLine>
			<TextLine id="r127">
				<Coords points="1087,1982 1091,1985 1487,1985 1509,2007 1661,2008 1664,2024 1665,2028 1663,2031 1660,2033 1658,2034 1336,2035 1334,2037 624,2038 615,2046 613,2044 612,2034 333,2032 331,2031 247,2029 245,2026 245,2018 247,2016 249,2013 250,2011 260,1994 261,1985 262,1983 1085,1983"/>
				<Word id="r1193">
					<Coords points="263,1983 345,1983 353,1991 462,1991 465,1992 469,1994 481,2006 547,2007 550,2009 551,2011 552,2015 552,2019 551,2022 548,2028 544,2030 510,2031 507,2033 504,2032 332,2031 330,2030 246,2028 245,2026 245,2018 249,2012 250,2011 261,1992"/>
					<TextEquiv>
						<Unicode>ἀπέσταλτο</Unicode>
					</TextEquiv>
				</Word>
				<Word id="r1194">
					<Coords points="661,1984 686,2007 704,2008 704,2012 703,2015 701,2020 698,2024 696,2027 693,2028 691,2030 688,2031 686,2032 683,2033 626,2034 614,2045 613,2042 615,2036 616,2031 617,2028 618,2026 619,2022 620,2019 621,2017 623,2009 631,2006"/>
					<TextEquiv>
						<Unicode>μὲν</Unicode>
					</TextEquiv>
				</Word>
				<Word id="r1195">
					<Coords points="838,1983 842,1985 843,1988 844,1990 846,1993 847,1996 849,2003 852,2010 854,2012 854,2025 851,2030 845,2033 791,2033 759,2032 757,2030 756,2021 753,2010 754,2009 763,1994 766,1986 768,1985 836,1985"/>
					<TextEquiv>
						<Unicode>ὑπὸ</Unicode>
					</TextEquiv>
				</Word>
				<Word id="r1196">
					<Coords points="983,1987 993,1998 996,2010 995,2015 994,2019 992,2022 991,2024 988,2028 985,2031 982,2033 913,2033 913,2026 904,2014 905,2010 907,2008 909,2007 946,2006 958,2006 977,1988"/>
					<TextEquiv>
						<Unicode>τοῦ</Unicode>
					</TextEquiv>
				</Word>
				<Word id="r1197">
					<Coords points="1086,1983 1090,1985 1218,1985 1243,2005 1250,2006 1335,2006 1339,2008 1342,2010 1343,2012 1343,2015 1339,2017 1338,2032 1337,2034 1330,2037 1327,2036 1087,2034 1056,2032 1055,1989 1056,1987 1075,1986 1082,1986"/>
					<TextEquiv>
						<Unicode>Σκιπίωνος</Unicode>
					</TextEquiv>
				</Word>
				<Word id="r1198">
					<Coords points="1484,1985 1509,2008 1660,2008 1662,2023 1663,2029 1661,2031 1658,2033 1657,2034 1405,2033 1405,1988 1407,1987 1481,1987"/>
					<TextEquiv>
						<Unicode>Κάστακα</Unicode>
					</TextEquiv>
				</Word>
				<TextEquiv>
					<Unicode>ἀπέσταλτο μὲν ὑπὸ τοῦ Σκιπίωνος Κάστακα</Unicode>
				</TextEquiv>
			</TextLine>
			<TextLine id="r128">
				<Coords points="309,2051 1298,2051 1300,2052 1322,2053 1430,2054 1433,2055 1620,2056 1626,2058 1644,2076 1664,2076 1666,2080 1665,2085 1664,2088 1661,2092 1655,2098 1653,2099 1651,2101 1648,2102 1644,2103 1505,2104 1497,2114 1494,2117 1491,2118 489,2118 473,2102 451,2101 299,2100 248,2108 252,2095 246,2084 245,2081 246,2078 254,2074 260,2073 287,2073"/>
				<Word id="r1199">
					<Coords points="310,2051 321,2060 325,2061 339,2073 402,2074 403,2076 403,2079 402,2082 401,2084 400,2088 397,2091 394,2093 393,2095 390,2096 386,2100 253,2100 246,2084 245,2082 246,2079 247,2077 253,2074 259,2073 287,2073"/>
					<TextEquiv>
						<Unicode>πόλιν</Unicode>
					</TextEquiv>
				</Word>
				<Word id="r1200">
					<Coords points="751,2052 753,2053 821,2053 824,2054 844,2074 879,2074 899,2096 899,2099 898,2104 896,2107 893,2108 492,2116 489,2117 473,2101 451,2096 445,2083 446,2079 448,2076 450,2075 502,2074 505,2073 729,2073"/>
					<TextEquiv>
						<Unicode>προσαγαγέσθαι,</Unicode>
					</TextEquiv>
				</Word>
				<Word id="r1201">
					<Coords points="1191,2056 1196,2057 1198,2058 1222,2074 1231,2075 1233,2076 1236,2080 1233,2084 1231,2085 1229,2103 1091,2105 1078,2116 1062,2102 949,2101 948,2097 942,2086 941,2083 942,2079 947,2076 952,2075 995,2074 1000,2074 1014,2060 1184,2058 1187,2057"/>
					<TextEquiv>
						<Unicode>πολεμικῶς</Unicode>
					</TextEquiv>
				</Word>
				<Word id="r1202">
					<Coords points="1296,2051 1300,2053 1321,2053 1324,2055 1326,2059 1326,2061 1325,2063 1324,2066 1321,2067 1310,2068 1309,2091 1305,2097 1303,2099 1300,2100 1293,2100 1290,2099 1288,2098 1286,2096 1285,2090 1286,2083 1288,2080 1290,2078 1290,2056 1292,2053 1295,2052"/>
					<TextEquiv>
						<Unicode>δ᾽</Unicode>
					</TextEquiv>
				</Word>
				<Word id="r1203">
					<Coords points="1428,2054 1431,2055 1435,2057 1504,2057 1507,2059 1508,2061 1512,2077 1515,2082 1515,2088 1514,2091 1512,2095 1510,2098 1506,2100 1496,2101 1494,2115 1488,2117 1474,2103 1381,2102 1377,2100 1376,2097 1376,2089 1377,2086 1378,2084 1380,2082 1381,2079 1387,2075 1401,2074 1407,2074 1426,2055"/>
					<TextEquiv>
						<Unicode>αὐτῷ</Unicode>
					</TextEquiv>
				</Word>
				<Word id="r1204">
					<Coords points="1618,2057 1624,2058 1644,2077 1664,2077 1665,2079 1663,2087 1660,2091 1653,2098 1649,2101 1645,2102 1643,2103 1576,2102 1575,2095 1566,2083 1567,2078 1568,2077 1572,2076 1575,2075 1597,2075"/>
					<TextEquiv>
						<Unicode>τῶν</Unicode>
					</TextEquiv>
				</Word>
				<TextEquiv>
					<Unicode>πόλιν προσαγαγέσθαι, πολεμικῶς δ᾽ αὐτῷ τῶν</Unicode>
				</TextEquiv>
			</TextLine>
			<TextLine id="r129">
				<Coords points="527,2120 1596,2125 1598,2126 1616,2144 1618,2145 1658,2145 1661,2147 1663,2148 1664,2150 1665,2155 1664,2161 1663,2163 1659,2164 1657,2169 1651,2171 1390,2174 1384,2177 675,2186 673,2187 669,2188 643,2189 625,2171 273,2169 238,2176 241,2122 280,2123 289,2122 525,2122"/>
				<Word id="r1205">
					<Coords points="528,2121 552,2143 600,2144 600,2151 599,2153 598,2156 596,2159 593,2163 589,2165 583,2167 582,2169 247,2168 246,2167 246,2123 288,2122 525,2122"/>
					<TextEquiv>
						<Unicode>Καστακαίων</Unicode>
					</TextEquiv>
				</Word>
				<Word id="r1206">
					<Coords points="702,2121 731,2143 737,2144 841,2145 842,2149 841,2153 840,2155 836,2159 835,2161 833,2163 830,2165 828,2167 826,2168 820,2170 691,2171 676,2185 670,2187 668,2188 642,2188 619,2164 618,2157 619,2151 621,2148 631,2138 631,2122 700,2122"/>
					<TextEquiv>
						<Unicode>ἐχόντων</Unicode>
					</TextEquiv>
				</Word>
				<Word id="r1207">
					<Coords points="1259,2124 1287,2125 1289,2126 1305,2142 1350,2142 1375,2143 1377,2144 1378,2149 1393,2167 1390,2173 1384,2176 1383,2177 1072,2178 1067,2180 942,2181 939,2182 927,2170 865,2165 859,2150 860,2145 861,2144 876,2143 1241,2142"/>
					<TextEquiv>
						<Unicode>παρεστρατοπέδευε,</Unicode>
					</TextEquiv>
				</Word>
				<Word id="r1208">
					<Coords points="1484,2125 1488,2126 1491,2132 1493,2138 1495,2158 1495,2166 1492,2169 1490,2170 1466,2170 1411,2169 1411,2165 1414,2156 1415,2154 1418,2145 1422,2143 1464,2143"/>
					<TextEquiv>
						<Unicode>καὶ</Unicode>
					</TextEquiv>
				</Word>
				<Word id="r1209">
					<Coords points="1593,2125 1596,2126 1616,2145 1657,2145 1660,2147 1662,2148 1663,2150 1663,2155 1662,2161 1660,2163 1657,2165 1656,2168 1650,2170 1524,2170 1523,2166 1515,2151 1516,2146 1518,2144 1535,2143 1570,2143 1589,2126"/>
					<TextEquiv>
						<Unicode>τοῦτο</Unicode>
					</TextEquiv>
				</Word>
				<TextEquiv>
					<Unicode>Καστακαίων ἐχόντων παρεστρατοπέδευε, καὶ τοῦτο</Unicode>
				</TextEquiv>
			</TextLine>
			<TextLine id="r130">
				<Coords points="584,2188 586,2189 1455,2189 1458,2191 1459,2193 1460,2197 1462,2203 1464,2206 1466,2210 1597,2211 1599,2212 1638,2213 1682,2227 1662,2241 1641,2234 1639,2237 1636,2239 1590,2240 1582,2250 1581,2253 1580,2255 271,2252 254,2237 251,2236 246,2229 245,2225 247,2219 249,2216 258,2199 260,2190 583,2189"/>
				<Word id="r1210">
					<Coords points="260,2190 339,2190 359,2210 424,2210 426,2211 427,2213 427,2215 426,2217 425,2218 424,2236 421,2237 342,2238 330,2250 274,2251 271,2252 255,2237 252,2236 248,2232 246,2229 245,2226 247,2220 249,2216 259,2200 260,2194"/>
					<TextEquiv>
						<Unicode>ἐμήνυε</Unicode>
					</TextEquiv>
				</Word>
				<Word id="r1211">
					<Coords points="516,2192 521,2193 524,2195 525,2199 526,2202 525,2227 522,2233 516,2236 506,2237 505,2251 495,2252 482,2239 465,2238 464,2231 456,2222 455,2218 456,2214 460,2212 491,2212 511,2193"/>
					<TextEquiv>
						<Unicode>τῷ</Unicode>
					</TextEquiv>
				</Word>
				<Word id="r1212">
					<Coords points="584,2189 714,2189 736,2211 802,2211 803,2214 822,2235 821,2238 819,2239 585,2238 554,2237 553,2194 560,2193 574,2192"/>
					<TextEquiv>
						<Unicode>Σκιπίωνι.</Unicode>
					</TextEquiv>
				</Word>
				<Word id="r1213">
					<Coords points="894,2189 898,2191 898,2229 897,2233 896,2235 893,2237 888,2239 883,2238 880,2237 878,2234 877,2231 876,2227 878,2219 882,2215 888,2212 888,2195 889,2191 890,2190"/>
					<TextEquiv>
						<Unicode>ὁ</Unicode>
					</TextEquiv>
				</Word>
				<Word id="r1214">
					<Coords points="940,2189 942,2190 970,2190 974,2198 975,2201 977,2208 978,2212 979,2213 979,2217 978,2218 977,2236 973,2238 970,2238 936,2237 934,2236 932,2234 931,2232 929,2226 931,2220 932,2218 934,2216 935,2193 936,2190 938,2190"/>
					<TextEquiv>
						<Unicode>δὲ</Unicode>
					</TextEquiv>
				</Word>
				<Word id="r1215">
					<Coords points="1173,2189 1179,2194 1247,2194 1264,2211 1319,2211 1323,2212 1327,2215 1328,2220 1324,2221 1322,2240 1318,2242 1251,2243 1237,2254 1234,2253 1049,2253 1035,2239 1014,2238 1010,2226 1006,2220 1006,2218 1007,2215 1011,2211 1150,2211 1171,2190"/>
					<TextEquiv>
						<Unicode>προπέμψας</Unicode>
					</TextEquiv>
				</Word>
				<Word id="r1216">
					<Coords points="1454,2189 1457,2191 1458,2193 1459,2197 1460,2200 1463,2206 1467,2211 1471,2228 1473,2231 1467,2239 1370,2238 1369,2234 1361,2222 1360,2219 1361,2216 1362,2214 1363,2213 1399,2212 1402,2211 1432,2211"/>
					<TextEquiv>
						<Unicode>τινὰ</Unicode>
					</TextEquiv>
				</Word>
				<Word id="r1217">
					<Coords points="1505,2211 1596,2211 1598,2212 1637,2213 1639,2214 1653,2223 1661,2224 1663,2225 1654,2228 1642,2233 1639,2235 1636,2238 1594,2239 1578,2254 1564,2240 1545,2239 1506,2238 1502,2226 1499,2222 1500,2213 1504,2212"/>
					<TextEquiv>
						<Unicode>παρα-</Unicode>
					</TextEquiv>
				</Word>
				<TextEquiv>
					<Unicode>ἐμήνυε τῷ Σκιπίωνι. ὁ δὲ προπέμψας τινὰ παρα-</Unicode>
				</TextEquiv>
			</TextLine>
			<TextLine id="r131">
				<Coords points="388,2256 390,2257 1643,2259 1643,2263 1676,2296 1654,2304 1640,2308 1313,2309 1299,2322 1298,2323 637,2323 633,2322 393,2320 379,2306 253,2304 249,2302 247,2298 247,2291 248,2289 250,2286 255,2281 261,2279 308,2278 364,2278 385,2257"/>
				<Word id="r1218">
					<Coords points="387,2257 390,2258 413,2280 435,2280 436,2284 435,2288 432,2294 426,2300 422,2303 419,2305 417,2306 408,2307 400,2309 397,2318 394,2320 378,2305 252,2303 248,2301 247,2298 247,2291 248,2289 250,2286 255,2281 261,2279 308,2278 364,2278"/>
					<TextEquiv>
						<Unicode>σκευὴν</Unicode>
					</TextEquiv>
				</Word>
				<Word id="r1219">
					<Coords points="718,2258 742,2280 773,2280 778,2282 781,2284 783,2287 781,2290 778,2291 777,2305 775,2309 772,2311 770,2312 647,2313 636,2322 620,2308 497,2307 480,2306 477,2294 474,2288 474,2286 476,2282 478,2280 482,2279 533,2279 547,2266 549,2265 709,2265"/>
					<TextEquiv>
						<Unicode>πολιορκίας</Unicode>
					</TextEquiv>
				</Word>
				<Word id="r1220">
					<Coords points="869,2258 883,2259 904,2280 1023,2281 1024,2283 1024,2285 1023,2289 1008,2290 1007,2293 1006,2298 1004,2301 1001,2305 994,2307 888,2308 842,2307 839,2306 837,2304 835,2301 834,2296 835,2292 838,2286 840,2284 865,2260"/>
					<TextEquiv>
						<Unicode>εἵπετο·</Unicode>
					</TextEquiv>
				</Word>
				<Word id="r1221">
					<Coords points="1155,2259 1158,2260 1159,2262 1160,2265 1164,2273 1166,2293 1168,2298 1166,2302 1165,2303 1162,2307 1117,2307 1079,2306 1079,2303 1084,2288 1085,2284 1087,2281 1133,2280"/>
					<TextEquiv>
						<Unicode>καὶ</Unicode>
					</TextEquiv>
				</Word>
				<Word id="r1222">
					<Coords points="1367,2259 1442,2259 1464,2281 1515,2281 1517,2283 1518,2286 1517,2289 1516,2291 1515,2294 1511,2299 1507,2303 1503,2306 1501,2307 1500,2308 1312,2308 1297,2322 1281,2307 1239,2306 1226,2305 1222,2294 1220,2284 1222,2282 1224,2281 1311,2279 1347,2279"/>
					<TextEquiv>
						<Unicode>παροδεύων</Unicode>
					</TextEquiv>
				</Word>
				<Word id="r1223">
					<Coords points="1641,2259 1642,2263 1643,2272 1663,2293 1660,2295 1641,2296 1640,2307 1639,2308 1572,2307 1569,2306 1568,2304 1567,2291 1569,2288 1570,2286 1579,2269 1580,2261 1638,2261"/>
					<TextEquiv>
						<Unicode>ἐνέ-</Unicode>
					</TextEquiv>
				</Word>
				<TextEquiv>
					<Unicode>σκευὴν πολιορκίας εἵπετο· καὶ παροδεύων ἐνέ-</Unicode>
				</TextEquiv>
			</TextLine>
			<TextLine id="r132">
				<Coords points="560,2325 1529,2327 1531,2328 1630,2331 1633,2333 1650,2350 1666,2350 1667,2354 1666,2358 1665,2361 1663,2364 1656,2371 1651,2375 1647,2377 1628,2377 1627,2388 1626,2390 720,2390 675,2391 668,2388 245,2384 245,2377 246,2373 248,2367 249,2362 251,2356 253,2351 254,2345 255,2342 256,2340 258,2337 261,2334 263,2330 271,2326 559,2326"/>
				<Word id="r1224">
					<Coords points="272,2326 278,2327 282,2330 330,2332 332,2333 335,2335 337,2336 348,2347 413,2348 413,2357 410,2360 406,2366 400,2370 394,2373 259,2374 247,2384 245,2377 246,2373 248,2367 249,2362 253,2350 254,2345 255,2342 256,2340 258,2337 261,2334 263,2330 266,2328 268,2327 271,2327"/>
					<TextEquiv>
						<Unicode>βαλεν</Unicode>
					</TextEquiv>
				</Word>
				<Word id="r1225">
					<Coords points="478,2326 480,2327 504,2349 506,2350 509,2354 507,2357 505,2365 504,2374 502,2375 499,2376 496,2376 474,2374 468,2373 465,2371 462,2367 462,2358 464,2354 473,2337 474,2328 475,2327"/>
					<TextEquiv>
						<Unicode>ἐς</Unicode>
					</TextEquiv>
				</Word>
				<Word id="r1226">
					<Coords points="558,2326 758,2326 783,2348 787,2349 820,2349 823,2353 822,2359 821,2362 817,2366 815,2369 812,2371 807,2374 804,2376 799,2377 733,2378 721,2389 719,2390 672,2390 658,2376 605,2375 576,2375 576,2358 559,2336 558,2330"/>
					<TextEquiv>
						<Unicode>Ἰλυργίαν</Unicode>
					</TextEquiv>
				</Word>
				<Word id="r1227">
					<Coords points="935,2326 946,2334 950,2335 953,2336 956,2338 966,2347 993,2347 1027,2348 1028,2350 1029,2353 1042,2366 1043,2368 1044,2373 1043,2377 1037,2383 1034,2383 1029,2380 878,2372 872,2361 871,2357 872,2353 874,2351 876,2350 900,2349 911,2349"/>
					<TextEquiv>
						<Unicode>πόλιν,</Unicode>
					</TextEquiv>
				</Word>
				<Word id="r1228">
					<Coords points="1110,2327 1113,2329 1115,2332 1119,2340 1120,2345 1123,2352 1124,2357 1123,2363 1121,2371 1119,2377 1118,2382 1113,2388 1111,2387 1097,2366 1094,2355 1095,2352 1100,2342 1102,2334 1107,2328"/>
					<TextEquiv>
						<Unicode>ἣ</Unicode>
					</TextEquiv>
				</Word>
				<Word id="r1229">
					<Coords points="1179,2327 1372,2327 1393,2348 1440,2348 1442,2349 1442,2358 1441,2360 1440,2363 1436,2368 1431,2372 1428,2373 1426,2375 1421,2376 1294,2377 1280,2389 1265,2376 1242,2375 1195,2375 1195,2358 1176,2338 1175,2334 1176,2331"/>
					<TextEquiv>
						<Unicode>Ῥωμαίων</Unicode>
					</TextEquiv>
				</Word>
				<Word id="r1230">
					<Coords points="1527,2327 1531,2329 1559,2349 1568,2350 1568,2357 1567,2359 1566,2362 1565,2363 1561,2368 1558,2371 1555,2373 1547,2377 1495,2377 1480,2389 1478,2386 1479,2383 1480,2379 1482,2373 1484,2365 1487,2356 1488,2352 1497,2349"/>
					<TextEquiv>
						<Unicode>μὲν</Unicode>
					</TextEquiv>
				</Word>
				<Word id="r1231">
					<Coords points="1623,2331 1630,2332 1649,2350 1665,2350 1665,2354 1663,2362 1652,2373 1648,2375 1627,2377 1625,2388 1621,2388 1609,2369 1605,2358 1606,2355 1614,2341 1615,2334"/>
					<TextEquiv>
						<Unicode>ἦν</Unicode>
					</TextEquiv>
				</Word>
				<TextEquiv>
					<Unicode>βαλεν ἐς Ἰλυργίαν πόλιν, ἣ Ῥωμαίων μὲν ἦν</Unicode>
				</TextEquiv>
			</TextLine>
			<TextLine id="r39">
				<Coords points="1027,2392 1029,2392 1029,2393 1030,2393 1030,2394 1031,2394 1031,2397 1032,2397 1032,2400 1033,2400 1033,2403 1034,2403 1034,2416 1143,2416 1143,2410 1144,2410 1144,2408 1145,2408 1145,2405 1146,2405 1146,2403 1147,2403 1147,2399 1148,2399 1148,2397 1149,2397 1149,2395 1150,2395 1150,2394 1155,2394 1155,2395 1156,2395 1156,2397 1157,2397 1157,2417 1330,2417 1330,2397 1331,2397 1331,2396 1333,2396 1333,2395 1333,2396 1336,2396 1336,2397 1338,2397 1338,2398 1339,2398 1339,2400 1340,2400 1340,2416 1497,2416 1497,2414 1498,2414 1498,2412 1499,2412 1499,2410 1500,2410 1500,2408 1501,2408 1501,2407 1502,2407 1502,2405 1503,2405 1503,2404 1504,2404 1504,2402 1506,2402 1506,2401 1507,2401 1507,2400 1508,2400 1508,2398 1510,2398 1510,2397 1512,2397 1512,2396 1515,2396 1515,2395 1546,2395 1546,2394 1548,2394 1548,2395 1549,2395 1549,2418 1654,2418 1654,2419 1658,2419 1658,2420 1660,2420 1660,2421 1661,2421 1661,2422 1663,2422 1663,2424 1664,2424 1664,2426 1665,2426 1664,2426 1664,2427 1663,2427 1663,2428 1662,2428 1662,2429 1660,2429 1660,2436 1659,2436 1659,2445 1658,2445 1658,2446 1657,2446 1657,2447 1656,2447 1656,2449 1654,2449 1654,2450 1653,2450 1653,2451 1650,2451 1650,2450 1649,2450 1649,2447 1554,2447 1554,2446 1440,2446 1440,2447 1439,2447 1439,2456 1438,2456 1438,2458 1437,2458 1437,2459 1436,2459 1436,2460 1435,2460 1435,2461 1434,2461 1434,2460 1433,2460 1433,2446 1276,2446 1276,2447 1275,2447 1275,2448 1274,2448 1274,2449 1273,2449 1273,2450 1272,2450 1272,2451 1271,2451 1271,2452 1266,2452 1266,2451 1265,2451 1265,2446 1119,2446 1119,2447 1031,2447 1031,2448 1030,2448 1030,2447 883,2447 883,2457 882,2457 882,2458 881,2458 881,2459 880,2459 880,2460 878,2460 878,2459 877,2459 877,2446 764,2446 764,2447 763,2447 763,2457 762,2457 762,2460 761,2460 761,2461 758,2461 758,2460 757,2460 757,2459 756,2459 756,2444 637,2444 637,2445 632,2445 632,2444 628,2444 628,2443 501,2443 501,2444 499,2444 499,2445 371,2445 371,2446 370,2446 370,2449 369,2449 369,2453 368,2453 368,2455 262,2455 262,2458 261,2458 261,2459 258,2459 258,2442 257,2442 257,2441 254,2441 254,2440 252,2440 252,2439 251,2439 251,2438 250,2438 250,2437 249,2437 249,2435 248,2435 248,2434 247,2434 247,2424 248,2424 248,2422 249,2422 249,2420 250,2420 250,2419 252,2419 252,2418 253,2418 253,2417 255,2417 255,2416 258,2416 258,2415 264,2415 264,2414 266,2414 266,2410 267,2410 267,2401 268,2401 268,2400 269,2400 269,2399 278,2399 278,2398 301,2398 301,2397 302,2397 302,2395 304,2395 304,2394 306,2394 306,2393 307,2393 307,2392 307,2394 308,2394 308,2401 317,2401 317,2402 319,2402 319,2404 321,2404 321,2405 322,2405 322,2406 323,2406 323,2407 324,2407 324,2408 325,2408 325,2409 326,2409 326,2411 327,2411 327,2413 328,2413 328,2416 529,2416 529,2395 530,2395 530,2394 531,2394 531,2393 533,2393 533,2394 632,2394 632,2395 633,2395 633,2397 634,2397 634,2398 635,2398 635,2399 636,2399 636,2402 637,2402 637,2404 638,2404 638,2406 639,2406 639,2408 640,2408 640,2410 641,2410 641,2417 804,2417 804,2407 805,2407 805,2404 806,2404 806,2401 807,2401 807,2399 808,2399 808,2398 809,2398 809,2397 810,2397 810,2396 813,2396 813,2417 997,2417 997,2399 998,2399 998,2398 1019,2398 1019,2397 1026,2397 1026,2396 1027,2396 1027,2391"/>
				<Word id="r1232">
					<Coords points="306,2393 315,2401 317,2402 332,2416 374,2417 376,2420 376,2428 375,2430 374,2433 372,2441 371,2444 369,2447 367,2453 262,2456 258,2451 249,2435 247,2428 248,2422 249,2420 267,2401 269,2399 300,2397 303,2394 305,2394"/>
					<TextEquiv>
						<Unicode>φίλη</Unicode>
					</TextEquiv>
				</Word>
				<Word id="r1233">
					<Coords points="531,2393 534,2394 536,2395 539,2404 543,2412 547,2423 550,2432 550,2436 548,2440 500,2442 498,2443 418,2443 417,2439 420,2430 421,2428 422,2424 423,2421 424,2419 426,2417 508,2416"/>
					<TextEquiv>
						<Unicode>κατὰ</Unicode>
					</TextEquiv>
				</Word>
				<Word id="r1234">
					<Coords points="630,2394 655,2418 676,2418 677,2422 676,2426 675,2429 673,2433 665,2439 664,2441 662,2442 661,2443 631,2443 627,2442 598,2438 590,2425 589,2423 591,2419 606,2418"/>
					<TextEquiv>
						<Unicode>τὸν</Unicode>
					</TextEquiv>
				</Word>
				<Word id="r1235">
					<Coords points="811,2396 833,2417 927,2417 965,2418 966,2420 966,2428 964,2430 958,2438 955,2441 951,2443 948,2444 946,2445 892,2446 879,2459 760,2459 758,2460 741,2443 721,2439 715,2425 718,2419 720,2418 736,2417 789,2417"/>
					<TextEquiv>
						<Unicode>πρότερον</Unicode>
					</TextEquiv>
				</Word>
				<Word id="r1236">
					<Coords points="1027,2392 1030,2394 1154,2394 1177,2417 1258,2417 1259,2420 1275,2436 1277,2441 1268,2451 1262,2447 1028,2445 998,2444 997,2401 997,2398 1018,2397 1022,2397"/>
					<TextEquiv>
						<Unicode>Σκιπίωνα,</Unicode>
					</TextEquiv>
				</Word>
				<Word id="r1237">
					<Coords points="1546,2394 1571,2418 1653,2418 1657,2419 1660,2421 1662,2422 1663,2425 1660,2428 1658,2436 1655,2447 1653,2449 1444,2450 1434,2460 1419,2445 1348,2444 1317,2443 1315,2442 1314,2440 1314,2431 1315,2428 1317,2426 1318,2424 1330,2404 1331,2396 1545,2395"/>
					<TextEquiv>
						<Unicode>ἀναιρεθέντος</Unicode>
					</TextEquiv>
				</Word>
				<TextEquiv>
					<Unicode>φίλη κατὰ τὸν πρότερον Σκιπίωνα, ἀναιρεθέντος</Unicode>
				</TextEquiv>
			</TextLine>
			<TextLine id="r40">
				<Coords points="296,2484 296,2485 335,2485 335,2487 336,2487 336,2506 337,2506 337,2511 338,2511 338,2516 337,2516 337,2518 336,2518 336,2519 335,2519 335,2520 334,2520 334,2521 333,2521 333,2522 332,2522 332,2523 331,2523 331,2524 329,2524 329,2525 328,2525 328,2526 254,2526 254,2525 252,2525 252,2498 258,2498 258,2497 281,2497 281,2491 282,2491 282,2489 283,2489 283,2488 284,2488 284,2487 285,2487 285,2486 286,2486 286,2485 288,2485 288,2484"/>
				<Word id="r1238">
					<Coords points="291,2484 296,2485 334,2485 335,2487 335,2505 336,2510 336,2515 333,2520 328,2524 252,2524 254,2498 258,2497 274,2497 286,2485"/>
					<TextEquiv>
						<Unicode>186</Unicode>
					</TextEquiv>
				</Word>
				<TextEquiv>
					<Unicode>186</Unicode>
				</TextEquiv>
			</TextLine>
		</TextRegion>
	</Page>
</PcGts>
