1747 2693
137 301 232 331 CAP.

160 341 200 367 VI

332 161 628 202 APPIAN'S
676 162 911 202 ROMAN
962 162 1269 213 HISTORY,
1316 164 1492 205 BOOK
1543 164 1606 206 VI

258 285 299 332 δ'
325 285 518 333 ἐκείνου
557 284 730 349 κρύφα
766 284 1104 346 μετετέθειτο,
1132 286 1221 333 καὶ
1260 287 1514 350 στρατιὰν
1552 288 1673 335 ὑπο-

256 362 502 427 δεξαμένη
544 362 812 426 Ῥωμαίων
861 363 927 415 ὡς
975 362 1048 411 ἔτι
1102 363 1248 426 φίλη,
1300 363 1673 430 Καρχηδονίοις

257 442 559 505 ἐξεδεδώκει.
635 441 702 490 ὧν
742 440 900 505 χάριν
935 439 958 489 ὁ
991 438 1224 491 Σκιπίων
1260 440 1357 490 σὺν
1396 441 1519 505 ὀργῇ
1561 442 1673 492 τέσ-

258 541 449 585 σαρσιν
503 519 655 584 ὥραις
713 520 905 582 ἐξεῖλεν
955 520 1130 581 αὐτήν,
1183 520 1391 583 τρωθεὶς
1448 521 1540 584 μὲν
1589 520 1674 571 τὸν

257 599 469 665 αὐχένα,
492 602 580 660 τῆς
607 598 656 646 δὲ
672 598 847 663 μάχης
869 599 961 647 οὐκ
981 599 1234 663 ἀνασχὼν
1261 599 1352 651 ἕως
1374 599 1673 662 ἐκράτησεν.

258 677 343 727 καὶ
369 680 397 740 ἡ
426 677 650 740 στρατιὰ
695 675 755 725 δι᾽
795 676 967 733 αὐτὸν,
999 677 1197 731 οὐδενὸς
1228 677 1674 734 ἐπικελεύσαντος,

257 757 573 820 ὑπεριδοῦσα
616 760 706 818 τῆς
751 757 1006 820 ἁρπαγῆς,
1059 756 1284 807 ἔκτεινον
1334 757 1541 821 ὁμαλῶς
1589 759 1675 807 καὶ

254 833 440 884 παιδία
468 834 557 884 καὶ
594 838 860 896 γυναῖκας,
886 834 1043 899 μέχρι
1082 836 1170 885 καὶ
1197 836 1290 895 τὴν
1318 837 1474 886 πόλιν
1500 838 1677 889 αὐτοῖς

255 912 715 977 ἐπικατέσκαψαν.
790 912 1098 977 ἀφικόμενος
1137 912 1176 962 δ᾽
1205 914 1253 968 ἐς
1280 914 1372 977 τὴν
1412 915 1676 965 Κάστακα

257 993 280 1040 ὁ
309 989 538 1042 Σκιπίων
565 992 653 1041 τὸν
677 992 768 1054 μὲν
796 992 1023 1056 στρατὸν
1061 993 1110 1046 ἐς
1137 992 1255 1056 τρία
1283 992 1447 1043 διεῖλε
1474 994 1563 1043 καὶ
1589 994 1676 1056 τὴν

257 1072 414 1119 πόλιν
464 1072 715 1136 ἐφρούρει,
766 1072 940 1137 μάχης
985 1072 1037 1120 δὲ
1087 1073 1178 1120 οὐκ
1216 1074 1362 1137 ἦρχε,
1402 1073 1567 1125 διδοὺς
1604 1073 1676 1121 ἔτι

257 1155 362 1202 τοῖς
408 1149 772 1203 Καστακαίοις
820 1154 1164 1214 μεταγνῶναι.
1219 1152 1307 1200 καὶ
1350 1152 1448 1213 γὰρ
1497 1152 1679 1214 ἤκουεν

257 1230 445 1278 αὐτοὺς
471 1230 603 1278 οὕτω
634 1232 853 1293 φρονεῖν.
929 1233 975 1278 οἱ
1014 1233 1063 1278 δὲ
1093 1234 1199 1283 τοῖς
1226 1235 1512 1296 φρουροῦσι
1539 1236 1678 1297 σφᾶς

258 1306 495 1372 ἐμποδὼν
532 1309 676 1356 οὖσιν
715 1306 1003 1370 ἐπιθέμενοι
1041 1309 1129 1357 καὶ
1170 1309 1543 1369 κρατήσαντες,
1582 1311 1676 1358 ἐνε-

257 1387 499 1452 χείρισαν
554 1387 645 1450 τὴν
694 1387 852 1436 πόλιν
904 1390 974 1452 τῷ
1028 1388 1295 1436 Σκιπίωνι.
1371 1389 1459 1437 καὶ
1508 1389 1677 1439 τοῖσδε

256 1466 348 1527 μὲν
374 1465 604 1527 φρουρὰν
643 1464 668 1515 ὁ
708 1462 938 1516 Σκιπίων
977 1465 1252 1527 ἐπέστησε,
1282 1466 1368 1516 καὶ
1406 1466 1499 1527 τὴν
1524 1470 1678 1517 πόλιν

257 1547 545 1612 ἐπέτρεψεν
595 1547 665 1597 ἑνὶ
715 1551 816 1596 τῶν
866 1548 1224 1597 Καστακαίων
1262 1549 1348 1596 ἐπὶ
1387 1549 1535 1611 δόξης
1572 1549 1677 1597 ὄντι

257 1623 473 1687 ἀγαθῆς·
547 1623 703 1675 αὐτὸς
765 1623 805 1671 δ᾽
867 1624 916 1675 ἐς
989 1622 1308 1688 Καρχηδόνα
1368 1624 1676 1686 ἀνεζεύγνυε,

258 1697 481 1748 Σιλανὸν
507 1698 594 1748 καὶ
628 1698 861 1764 Μάρκιον
898 1699 1240 1764 περιπέμψας
1279 1700 1363 1748 ἐπὶ
1402 1701 1489 1750 τὸν
1522 1701 1677 1764 πορθ-

257 1772 369 1834 μόν,
412 1773 564 1836 δῃοῦν
605 1773 707 1821 ὅσα
751 1772 1002 1822 δύναιντο.

325 1853 400 1894 33.
440 1847 687 1896 Ἀσταπὰ
746 1847 786 1896 δ᾽
836 1848 898 1910 ἦν
958 1849 1114 1901 πόλις
1164 1850 1540 1913 Καρχηδονίοις
1601 1852 1677 1898 ἀεὶ

253 1922 540 1987 ἐμμείνασα
585 1922 808 1987 ὁμαλῶς·
853 1923 900 1972 οἳ
949 1922 1066 1973 τότε
1116 1927 1205 1973 τοῦ
1257 1922 1499 1989 Μαρκίου
1539 1930 1678 1990 σφᾶς

254 1998 681 2065 περικαθημένου,
748 1998 1230 2062 συγγιγνώσκοντες
1294 1999 1372 2048 ὅτι
1432 1999 1675 2064 Ῥωμαῖοι

253 2075 509 2135 λαβόντες
536 2073 722 2127 αὐτοὺς
749 2073 1226 2136 ἀνδραποδιοῦνται,
1255 2073 1348 2136 τὴν
1374 2073 1676 2138 περιουσίαν

257 2153 404 2215 σφῶν
431 2153 479 2201 ἐς
505 2149 598 2212 τὴν
639 2149 833 2215 ἀγορὰν
875 2149 1211 2212 συνήνεγκαν,
1241 2149 1331 2199 καὶ
1370 2149 1503 2215 ξύλα
1537 2173 1675 2215 περι-

256 2228 424 2279 θέντες
465 2229 596 2292 αὐτῇ
640 2228 705 2277 τὰ
745 2228 900 2277 τέκνα
943 2228 1030 2277 καὶ
1075 2228 1139 2276 τὰ
1181 2227 1369 2290 γύναια
1405 2227 1674 2290 ἐπέβησαν

255 2303 341 2352 ἐπὶ
385 2303 477 2366 τὴν
519 2305 663 2366 ὕλην.
753 2304 1075 2366 πεντήκοντα
1127 2303 1178 2352 δὲ
1227 2306 1376 2368 σφῶν
1426 2303 1673 2368 ὥρκωσαν

255 2380 370 2431 τοὺς
397 2378 655 2443 ἀρίστους,
683 2379 808 2428 ὅταν
834 2381 862 2441 ἡ
891 2378 1045 2432 πόλις
1066 2378 1367 2440 ἁλίσκηται,
1395 2378 1458 2426 τὰ
1484 2378 1669 2443 γύναια

261 2491 342 2532 188
