1747 2693
150 314 246 344 CAP.

173 354 216 382 VI

140 1678 237 1711 CAP.

155 1719 214 1748 VII

349 178 642 220 APPIAN'S
694 179 924 220 ROMAN
976 180 1280 234 HISTORY,
1329 183 1506 226 BOOK
1553 184 1616 227 VI

271 299 358 347 καί
406 299 523 348 τοὺς
571 299 763 352 παῖδας
803 300 1003 351 ἀνελεῖν
1045 302 1132 353 καὶ
1171 302 1228 353 τὸ
1272 308 1376 366 πῦρ
1418 304 1559 371 ἅψαι
1595 311 1678 355 καὶ

271 368 483 418 ἑαυτοὺς
502 368 952 432 ἐπικατασφάξαι.
992 371 1040 419 οἱ
1061 372 1152 432 μὲν
1171 372 1228 434 δὴ
1249 374 1510 438 μάρτυρας
1527 376 1680 424 τῶνδε

267 436 609 498 ποιησάμενοι
628 436 745 490 τοὺς
762 438 922 493 θεούς,
942 438 1216 502 ἐξέδραμον
1233 442 1320 491 ἐπὶ
1336 442 1424 492 τὸν
1443 443 1680 507 Μάρκιον

267 504 367 569 οὐχ
411 504 737 571 ὑφορώμενον
777 506 934 563 οὐδέν,
973 507 1089 556 ὅθεν
1132 509 1292 559 αὐτοῦ
1335 509 1452 564 τοὺς
1487 512 1682 576 ψιλοὺς

267 573 353 620 καὶ
379 575 495 621 τοὺς
522 573 713 625 ἱππέας
737 574 1041 639 ἐτρέψαντο.
1116 575 1470 642 ὁπλισαμένης
1505 580 1556 630 δὲ
1593 586 1682 642 τῆς

266 644 561 705 φάλαγγος,
601 641 664 690 τὰ
708 641 801 706 μὲν
844 646 943 693 τῶν
983 645 1325 696 Ἀσταπαίων
1373 648 1434 709 ἦν
1476 648 1679 710 ἄριστα,

266 710 324 772 ἐξ
382 709 727 773 ἀπογνώσεως
773 710 1093 776 μαχομένων,
1141 714 1387 777 Ῥωμαῖοι
1448 717 1488 764 δ᾽
1548 717 1677 780 ὅμως

266 778 516 842 ἐκράτουν
553 779 721 828 αὐτῶν
760 780 847 828 διὰ
883 780 941 829 τὸ
981 783 1197 842 πλῆθος·
1239 785 1296 831 οὐ
1322 783 1422 847 γὰρ
1449 783 1509 847 δὴ
1536 793 1598 852 τῇ
1623 809 1680 849 γε

266 847 420 910 ἀρετῇ
447 846 654 911 χείρους
678 848 816 906 ἦσαν
842 848 889 897 οἱ
914 849 1250 901 Ἀσταπαῖοι.
1322 852 1590 904 πεσόντων
1629 856 1678 906 δὲ

263 915 525 968 ἁπάντων,
578 917 624 964 οἱ
672 918 995 979 πεντήκοντα
1042 920 1134 972 τὰς
1181 925 1428 980 γυναῖκας
1472 924 1558 973 καὶ
1616 924 1677 973 τὰ

263 982 446 1031 παιδία
474 982 827 1050 κατέσφαξαν,
851 986 937 1036 καὶ
958 986 1014 1035 τὸ
1037 991 1140 1052 πῦρ
1161 987 1444 1054 ἐγείραντες
1472 992 1680 1043 ἑαυτοὺς

261 1051 569 1117 ἐπέρριψαν,
637 1053 826 1117 ἀκερδῆ
890 1058 995 1107 τοῖς
1054 1058 1321 1119 πολεμίοις
1383 1059 1474 1120 τὴν
1536 1059 1677 1122 νίκην

259 1121 603 1183 ἐργασάμενοι.
715 1124 739 1171 ὁ
791 1124 843 1172 δὲ
892 1125 1132 1187 Μάρκιος
1181 1128 1273 1187 τὴν
1333 1129 1520 1190 ἀρετὴν
1578 1134 1678 1179 τῶν

259 1188 599 1238 Ἀσταπαίων
648 1194 1007 1256 καταπλαγεὶς
1056 1195 1148 1241 οὐκ
1197 1195 1468 1261 ἐνύβρισεν
1516 1199 1566 1250 ἐς
1614 1199 1677 1247 τὰ

255 1256 505 1306 οἰκόπεδα
537 1259 719 1308 αὐτῶν.

910 1543 1007 1588 VII

330 1669 407 1712 34.
445 1665 595 1712 Μετὰ
622 1666 675 1713 δὲ
701 1667 839 1714 τοῦθ᾽
869 1667 891 1715 ὁ
918 1667 1008 1730 μὲν
1034 1668 1264 1720 Σκιπίων
1298 1673 1347 1726 ἐς
1383 1674 1675 1738 ἀρρωστίαν

258 1731 483 1788 ἐνέπεσε,
512 1734 598 1783 καὶ
637 1734 659 1783 ὁ
700 1737 938 1799 Μάρκιος
976 1738 1114 1802 αὐτῷ
1154 1738 1323 1804 διῴκει
1360 1742 1418 1791 τὸ
1456 1743 1675 1807 στρατό-

256 1800 429 1850 πεδον·
481 1802 596 1850 ὅσοι
648 1802 699 1851 δὲ
748 1807 850 1853 τῶν
911 1810 1247 1870 στρατιωτῶν
1310 1808 1395 1860 ὑπ᾽
1445 1810 1674 1865 ἀσωτίας

257 1869 599 1919 ἀναλώκεσαν
644 1871 708 1919 τὰ
749 1876 1121 1937 πεπορισμένα,
1149 1877 1421 1940 ἡγούμενοι
1448 1882 1548 1928 τῶν
1584 1881 1673 1943 μὲν

254 1937 426 1987 πόνων
452 1939 593 1988 οὐδὲν
621 1939 765 2004 ἄξιον
791 1943 1055 2005 ηὑρῆσθαι
1082 1945 1226 2006 παρὰ
1253 1945 1308 1995 τὸ
1336 1948 1491 2008 μηδὲν
1519 1948 1669 2015 ἔχειν,

255 2006 653 2071 σφετερίζεσθαι
693 2008 732 2057 δ᾽
773 2010 942 2060 αὐτῶν
985 2011 1051 2061 τὰ
1094 2014 1219 2075 ἔργα
1261 2016 1348 2064 καὶ
1391 2017 1484 2077 τὴν
1521 2015 1672 2081 δόξαν

254 2074 535 2134 Σκιπίωνα,
575 2077 865 2143 ἀφίσταντο
904 2079 1008 2129 ἀπὸ
1058 2085 1150 2131 τοῦ
1193 2084 1435 2144 Μαρκίου
1472 2087 1559 2135 καὶ
1595 2088 1672 2151 ἐφ᾽

255 2145 448 2193 ἑαυτῶν
509 2146 965 2209 ἐστρατοπέδευον.
1039 2150 1095 2199 ἔκ
1155 2172 1210 2199 τε
1270 2155 1371 2201 τῶν
1417 2153 1670 2216 φρουρίων

254 2213 430 2264 αὐτοῖς
470 2216 665 2264 πολλοὶ
709 2218 1037 2282 συνέτρεχον,
1083 2219 1169 2267 καὶ
1215 2220 1361 2283 παρὰ
1416 2222 1672 2284 Μάγωνός

254 2300 385 2334 τινες
429 2281 672 2346 ἀργύριον
711 2285 952 2346 φέροντες
999 2287 1205 2335 ἔπειθον
1256 2289 1441 2342 αὐτοὺς
1479 2292 1528 2342 ἐς
1579 2291 1665 2341 τὸν

254 2348 495 2409 Μάγωνα
541 2354 878 2413 μεταθέσθαι.
969 2356 1017 2403 οἱ
1077 2357 1129 2405 δὲ
1189 2358 1246 2405 τὸ
1289 2358 1380 2419 μὲν
1430 2359 1670 2423 ἀργύριον

253 2416 464 2475 ἔλαβον,
507 2421 832 2483 στρατηγοὺς
882 2421 922 2468 δ᾽
966 2422 1069 2471 ἀπὸ
1121 2427 1268 2489 σφῶν
1316 2427 1545 2488 ἑλόμενοι
1586 2429 1666 2477 καὶ

258 2520 342 2561 190
