1747 2693
122 309 219 339 CAP.

137 350 194 375 VII

317 173 610 213 APPIAN'S
662 174 897 214 ROMAN
950 175 1255 228 HISTORY,
1303 176 1478 220 BOOK
1532 179 1594 221 VI

242 296 571 363 ταξιάρχους,
611 297 698 346 καὶ
736 296 913 346 τἆλλα
949 297 1395 360 διακοσμηθέντες,
1433 301 1512 363 ἐφ᾽
1551 303 1661 351 ἑαυ-

243 381 343 425 τῶν
377 381 665 426 ἐτάσσοντο
705 379 791 427 καὶ
831 382 1131 442 συνώμνυον
1159 382 1431 439 ἀλλήλοις.
1503 384 1662 433 πυθό-

241 481 388 523 μενος
416 459 455 508 δ᾽
483 459 506 508 ὁ
536 459 766 509 Σκιπίων
807 461 1126 511 ἐπέστελλεν
1167 463 1217 511 ἐν
1256 463 1394 528 μέρει
1430 465 1523 528 μὲν
1559 472 1662 519 τοῖς

244 541 600 608 ἀφεστηκόσιν
671 544 752 591 ὅτι
813 541 894 591 διὰ
957 543 1050 602 τὴν
1112 542 1265 594 νόσον
1326 547 1511 599 αὐτοὺς
1573 550 1661 598 οὐκ

244 624 530 689 ἀμείψαιτό
596 646 694 681 πω,
747 625 799 674 ἐν
846 626 985 688 μέρει
1047 626 1098 675 δὲ
1160 631 1266 681 τοῖς
1328 629 1527 685 ἄλλοις,
1582 630 1660 679 ἵνα

240 705 626 767 μεταπείθωσιν
703 708 891 760 αὐτοὺς
965 710 1346 771 πλανωμένους,
1410 716 1549 774 κοινῇ
1623 712 1660 760 δ᾽

242 787 445 835 ἅπασιν
504 787 794 850 ἐπιστολὴν
856 789 1027 850 ἄλλην
1089 792 1154 843 ὡς
1203 792 1297 854 ἤδη
1363 801 1661 856 συνηλλαγ-

240 867 423 930 μένοις,
451 869 529 917 ὅτι
557 869 743 921 αὐτοὺς
761 867 951 918 αὐτίκα
975 870 1275 937 ἀμείψεται.
1315 874 1403 924 καὶ
1431 874 1659 924 ἐκέλευεν

243 951 390 1001 εὐθὺς
416 951 555 1011 ἥκειν
583 952 667 1000 ἐπὶ
696 954 842 1002 σῖτον
869 953 916 1005 ἐς
946 953 1273 1018 Καρχηδόνα.

315 1039 388 1080 35.
426 1033 985 1096 Ἀναγιγνωσκομένων
1014 1035 1064 1084 δὲ
1096 1036 1306 1095 τούτων,
1335 1039 1380 1088 οἱ
1406 1041 1499 1103 μὲν
1526 1042 1661 1088 ὑπώ-

243 1136 449 1171 πτευον,
475 1116 520 1164 οἱ
547 1116 598 1164 δὲ
626 1118 893 1165 πιστεύειν
914 1118 1092 1177 ἠξίουν
1110 1120 1196 1166 καὶ
1215 1121 1558 1177 συνετίθεντο,
1579 1124 1666 1173 καὶ

246 1197 436 1247 πάντες
467 1197 652 1247 ὥδευον
696 1198 746 1249 ἐς
784 1199 878 1259 τὴν
922 1200 1237 1264 Καρχηδόνα
1264 1204 1404 1266 ὁμοῦ.
1481 1226 1662 1270 προσι-

245 1280 404 1327 όντων
465 1278 515 1327 δὲ
577 1280 761 1333 αὐτῶν,
826 1279 849 1328 ὁ
912 1276 1145 1332 Σκιπίων
1206 1286 1499 1348 προσέταξε
1559 1292 1665 1342 τοῖς

246 1360 492 1409 συνοῦσίν
541 1362 589 1409 οἱ
636 1364 953 1417 βουλευταῖς
1002 1366 1223 1414 ἕκαστον
1272 1368 1372 1416 τῶν
1432 1369 1662 1436 ἐξάρχων

246 1442 360 1490 τινὰ
404 1447 493 1504 τῆς
534 1443 772 1497 στάσεως
817 1443 1331 1507 προσεταιρίσασθαι
1360 1451 1662 1508 προσιόντα,

247 1525 333 1573 καὶ
361 1526 426 1577 ὡς
453 1525 543 1574 ἀπ᾽
572 1524 768 1577 εὐνοίας
795 1526 1097 1589 διορθοῦντα
1116 1529 1473 1590 ὑποδέξασθαί
1497 1554 1553 1583 τε
1579 1537 1662 1583 καὶ

247 1606 403 1665 δῆσαι
427 1603 675 1653 λαθόντα.
750 1607 1045 1668 προσέταξε
1083 1608 1134 1655 δὲ
1178 1609 1265 1657 καὶ
1309 1614 1416 1662 τοῖς
1457 1613 1662 1677 χιλιάρ-

245 1704 357 1747 χοις
397 1683 513 1736 τοὺς
549 1685 900 1736 πιστοτάτους
937 1687 1161 1736 ἕκαστον
1199 1690 1408 1751 ἀφανῶς
1446 1692 1552 1752 ἅμα
1601 1693 1663 1757 ἕῳ

247 1762 476 1826 ξιφήρεις
502 1763 656 1828 ἔχειν,
697 1764 783 1811 καὶ
821 1765 885 1810 τὰ
923 1766 1137 1828 εὔκαιρα
1174 1769 1265 1827 τῆς
1300 1768 1584 1828 ἐκκλησίας
1609 1772 1662 1820 ἐκ

245 1840 612 1903 διαστημάτων
641 1840 1062 1901 καταλαβόντας,
1100 1842 1162 1903 ἤν
1200 1865 1275 1897 τις
1302 1845 1661 1908 ἐπανίστηται,

246 1922 580 1968 κατακεντεῖν
607 1921 691 1967 καὶ
720 1918 1048 1968 κατακαίνειν
1086 1923 1273 1970 αὐτίκα
1312 1924 1431 1972 ἄνευ
1462 1948 1662 1991 παραγ-

245 1996 518 2060 γέλματος.
593 1996 745 2048 αὐτὸς
784 1996 822 2045 δ᾽
862 1998 978 2061 ἄρτι
1017 2001 1325 2063 φαινομένης
1362 2002 1550 2067 ἡμέρας
1576 2008 1662 2057 ἐπὶ

245 2076 304 2125 τὸ
329 2078 478 2139 βῆμα
505 2074 780 2139 ἐκομίζετο,
809 2076 896 2126 καὶ
922 2076 1039 2130 τοὺς
1056 2080 1279 2141 κήρυκας
1306 2082 1354 2133 ἐς
1379 2083 1661 2144 ἐκκλησίαν

245 2156 542 2220 ἐποτρύνειν
589 2154 955 2219 περιέπεμπεν.
1053 2157 1097 2206 οἱ
1155 2158 1207 2207 δὲ
1256 2160 1513 2225 αἰφνιδίου
1571 2165 1662 2227 μὲν

246 2235 421 2283 αὐτοῖς
463 2236 552 2282 τοῦ
593 2233 919 2296 κηρύγματος
958 2235 1244 2297 γενομένου,
1285 2238 1572 2301 αἰδούμενοι
1611 2243 1660 2293 δὲ

246 2312 320 2358 ἔτι
360 2314 611 2360 νοσοῦντα
649 2311 737 2359 τὸν
775 2312 1069 2376 στρατηγὸν
1107 2318 1257 2380 σφῶν
1294 2327 1659 2383 παρακρατεῖν,

247 2388 331 2437 καὶ
361 2388 645 2450 νομίζοντες
675 2390 760 2438 ἐπὶ
800 2391 890 2442 τὰς
928 2392 1154 2455 ἀμοιβὰς
1192 2397 1487 2455 καλεῖσθαι,
1515 2400 1657 2449 συνέ-

249 2514 331 2552 192
