1747 2693
110 336 206 367 CAP.

126 376 184 402 VII

303 199 597 240 APPIAN'S
648 199 883 240 ROMAN
934 200 1240 252 HISTORY,
1288 200 1466 242 BOOK
1517 200 1579 241 VI

231 320 345 367 θεον
373 318 496 383 ὁμοῦ
524 319 799 376 πάντοθεν,
828 320 876 368 οἱ
899 320 992 383 μὲν
1020 320 1244 381 ἄζωστοι
1271 321 1334 369 τὰ
1363 321 1502 383 ξίφη,
1525 321 1572 371 οἱ
1598 322 1644 370 δὲ

231 395 316 441 καὶ
366 396 416 442 ἐν
465 397 656 459 χιτῶσι
705 393 891 459 μόνοις,
945 397 999 445 οὐ
1051 395 1350 459 φθάσαντες
1400 396 1512 445 οὐδὲ
1557 396 1647 459 τὴν

229 470 427 530 ἐσθῆτα
455 474 635 518 πᾶσαν
663 470 953 519 ἐπιθέσθαι.

300 551 358 591 36.
416 543 646 593 Σκιπίων
708 545 758 593 δὲ
822 546 1049 610 φρουρὰν
1111 546 1245 612 ἔχων
1307 547 1433 609 ἀμφ᾽
1493 547 1647 597 αὑτὸν

230 621 420 683 ἀφανῆ,
439 623 620 683 πρῶτα
645 620 737 683 μὲν
765 622 941 674 αὐτοῖς
968 622 1290 684 ἐπεμέμφετο
1318 626 1417 671 τῶν
1444 624 1649 686 γεγονό-

229 716 345 745 των,
389 693 476 742 εἶτ᾽
523 694 619 759 ἔφη
662 693 754 755 τὴν
799 693 971 744 αἰτίαν
1014 695 1293 759 ἀναθήσειν
1336 695 1509 760 μόνοις
1545 702 1648 752 τοῖς

230 770 467 833 ἄρξασιν,
497 770 632 821 "οὓς
659 769 758 832 ἐγὼ
787 769 998 817 κολάσω
1028 770 1087 818 δι᾽
1115 769 1299 833 ὑμῶν."
1373 772 1458 820 καὶ
1482 771 1647 836 λέγων

230 844 304 892 ἔτι
331 843 623 905 προσέταξε
661 849 767 896 τοῖς
806 846 1083 906 ὑπηρέταις
1121 848 1403 907 διαστῆσαι
1430 850 1487 896 τὸ
1515 854 1647 910 πλῆ-

231 913 330 961 θος.
408 913 455 960 οἱ
491 913 582 974 μὲν
624 913 680 973 δὴ
728 913 1006 968 διίστανον,
1037 914 1083 962 οἱ
1123 914 1176 963 δὲ
1200 917 1487 969 βουλευταὶ
1532 920 1646 970 τοὺς

232 979 427 1032 αἰτίους
464 986 702 1044 παρῆγον
729 982 776 1035 ἐς
804 980 861 1031 τὸ
895 981 1067 1043 μέσον.
1144 984 1557 1044 ἀναβοησάντων
1596 986 1643 1034 δὲ

231 1050 416 1100 αὐτῶν,
464 1050 550 1098 καὶ
595 1050 711 1103 τοὺς
755 1051 1151 1113 συστρατιώτας
1186 1052 1454 1113 βοηθῆσαι
1491 1052 1644 1118 σφίσι

230 1118 691 1181 παρακαλούντων,
722 1120 839 1172 τοὺς
878 1120 1346 1182 ἐπιφθεγγομένους
1389 1123 1536 1174 εὐθὺς
1570 1123 1647 1170 ἔκ-

231 1207 395 1234 τεινον
433 1186 481 1234 οἱ
517 1186 807 1251 χιλίαρχοι.
884 1188 968 1236 καὶ
1007 1189 1063 1237 τὸ
1101 1189 1193 1251 μὲν
1230 1191 1432 1251 πλῆθος
1472 1192 1644 1251 ἐπειδὴ

233 1254 325 1315 τὴν
366 1254 655 1315 ἐκκλησίαν
700 1256 1082 1319 φρουρουμένην
1128 1257 1270 1315 εἶδεν,
1311 1256 1388 1323 ἐφ᾽
1422 1258 1643 1326 ἡσυχίας

229 1324 291 1384 ἦν
336 1324 665 1383 σκυθρωποῦ·
707 1324 729 1372 ὁ
776 1324 826 1372 δὲ
872 1323 1102 1374 Σκιπίων
1146 1326 1263 1379 τοὺς
1305 1327 1354 1379 ἐς
1395 1327 1452 1376 τὸ
1488 1328 1645 1389 μέσον

230 1392 600 1457 παραχθέντας
662 1394 1012 1456 αἰκισάμενος,
1065 1395 1152 1444 καὶ
1210 1399 1416 1458 μᾶλλον
1478 1397 1643 1445 αὐτῶν

230 1461 348 1511 τοὺς
385 1462 762 1520 ἐκβοήσαντας,
792 1463 1032 1510 ἐκέλευσε
1069 1464 1188 1515 τοὺς
1223 1465 1444 1530 αὐχένας
1481 1466 1645 1514 ἁπάν-

229 1549 329 1578 των
379 1530 426 1579 ἐς
475 1529 728 1594 τοὔδαφος
776 1530 1069 1583 παττάλοις
1105 1531 1484 1595 προσδεθέντας
1520 1537 1645 1582 ἀπο-

231 1598 502 1659 τμηθῆναι,
555 1599 642 1647 καὶ
691 1603 798 1650 τοῖς
847 1601 1031 1651 ἄλλοις
1081 1602 1373 1662 ἀμνηστίαν
1435 1604 1645 1667 ἐκήρυξε

231 1665 442 1714 διδόναι.

292 1733 421 1781 Ὧδε
453 1734 542 1794 μὲν
574 1735 631 1783 τὸ
667 1736 1022 1796 στρατόπεδον
1056 1737 1346 1786 καθίστατο
1382 1743 1451 1803 τῷ
1486 1738 1645 1789 Σκιπ-

231 1801 355 1850 ίωνι·
397 1801 474 1850 37.
500 1801 770 1862 Ἰνδίβιλις
809 1803 875 1861 δέ,
904 1807 1004 1853 τῶν
1031 1807 1352 1869 συνθεμένων
1391 1828 1466 1858 τις
1505 1810 1641 1873 αὐτῷ

231 1870 513 1929 δυναστῶν,
576 1872 965 1928 στασιαζούσης
1043 1873 1117 1922 ἔτι
1196 1879 1285 1932 τῆς
1357 1874 1646 1936 Ῥωμαϊκῆς

231 1943 482 2003 στρατιᾶς
508 1939 790 2003 κατέδραμέ
829 1962 878 1989 τι
917 1946 1006 2004 τῆς
1034 1942 1133 1991 ὑπὸ
1161 1945 1231 2006 τῷ
1258 1942 1509 1993 Σκιπίωνι
1534 1951 1641 2008 γῆς.

230 2008 316 2056 καὶ
366 2008 502 2072 αὐτῷ
552 2012 643 2056 τοῦ
691 2009 977 2062 Σκιπίωνος
1025 2011 1397 2068 ἐπελάσαντος,
1445 2012 1642 2075 ὑπέστη

226 2076 318 2137 μὲν
362 2076 449 2126 τὸν
492 2076 667 2138 ἀγῶνα
706 2076 962 2139 γενναίως,
992 2079 1077 2126 καὶ
1119 2080 1322 2146 χιλίους
1353 2081 1437 2129 καὶ
1477 2081 1643 2131 διακο-

228 2143 374 2195 σίους
408 2144 674 2208 Ῥωμαίων
714 2147 1010 2208 διέφθειρεν,
1053 2149 1389 2209 ἀπολομένων
1427 2152 1466 2197 δ᾽
1506 2153 1640 2216 αὐτῷ

227 2214 509 2276 δισμυρίων
552 2213 712 2263 ἐδεῖτο
762 2211 1137 2280 προσπέμψας.
1213 2210 1299 2266 καὶ
1339 2215 1363 2266 ὁ
1414 2214 1641 2267 Σκιπίων

227 2282 385 2329 αὐτὸν
410 2282 644 2347 χρήμασι
675 2284 935 2343 ζημιώσας
970 2286 1391 2345 συνηλλάσσετο.
1465 2287 1640 2336 λαθὼν

227 2349 276 2395 δὲ
323 2349 409 2397 καὶ
450 2351 862 2412 Μασσανάσσης
900 2352 1233 2415 Ἀσδρούβαν
1282 2355 1505 2417 ἐπέρασε
1553 2355 1639 2404 τὸν

228 2417 474 2481 πορθμόν,
536 2419 622 2468 καὶ
683 2419 865 2484 καὶ
914 2423 985 2484 τῷ
1036 2418 1286 2472 Σκιπίωνι
1337 2423 1638 2482 συνθέμενος

227 2542 313 2582 194
