1747 2693
111 305 214 337 CAP.

128 344 187 372 VII

304 167 598 208 APPIAN'S
649 166 881 207 ROMAN
932 164 1238 213 HISTORY,
1284 162 1463 205 BOOK
1511 162 1574 204 VI

234 290 404 352 ὤμοσε
451 289 836 352 συμμαχήσειν,
896 288 958 335 ἂν
1013 287 1061 339 ἐς
1118 284 1323 347 Λιβύην
1373 285 1642 350 στρατεύῃ.

234 357 426 421 ἔπραξε
486 357 536 404 δὲ
596 360 748 404 τοῦτο
798 355 925 413 ἀνὴρ
974 355 1022 407 ἐς
1071 354 1246 403 πάντα
1294 352 1514 407 βέβαιος
1564 352 1644 400 διὰ

233 426 432 474 τοιάνδε
460 423 645 473 αἰτίαν.
717 422 1047 487 Ἀσδρούβου
1073 425 1164 471 τοῦ
1190 420 1306 471 τότε
1333 421 1378 470 οἱ
1405 420 1644 473 συνόντος

234 496 533 557 στρατηγοῦ
586 493 815 555 θυγάτηρ
874 491 922 544 ἐς
977 490 1143 553 γάμον
1200 491 1428 552 ἠγγύητο
1486 492 1644 537 Μασ-

235 563 496 624 σανάσσῃ:
553 559 775 624 Σύφακα
825 558 865 607 δ᾽
917 558 1019 621 ἄρα
1075 558 1161 608 τὸν
1216 558 1475 620 δυνάστην
1527 558 1645 623 ἔρως

234 631 394 692 ἔκνιζε
457 635 546 692 τῆς
598 627 795 684 παιδός,
852 627 938 677 καὶ
998 627 1047 676 οἱ
1107 625 1457 693 Καρχηδόνιοι
1515 625 1647 689 μέγα

233 698 528 762 ποιούμενοι
576 694 799 762 Σύφακα
847 696 933 745 ἐπὶ
974 697 1257 757 Ῥωμαίους
1300 700 1646 755 προσλαβεῖν,

233 768 426 816 ἔδωκαν
471 767 608 830 αὐτῷ
652 767 746 827 τὴν
788 766 970 820 παῖδα,
1013 765 1153 814 οὐδὲν
1192 767 1284 813 τοῦ
1322 763 1647 827 Ἀσδρούβου

232 834 529 898 πυθόμενοι,
635 834 722 883 καὶ
799 833 956 882 τῶνδε
1034 833 1377 900 πραχθέντων
1456 831 1480 882 ὁ
1557 831 1647 897 μὲν

231 903 559 967 Ἀσδρούβας
598 901 732 952 αὐτὰ
768 901 1074 965 ἐπέκρυπτε,
1110 901 1196 951 τὸν
1236 900 1648 963 Μασσανάσσην

233 972 542 1036 αἰδούμενος,
580 972 603 1020 ὁ
643 972 696 1020 δὲ
733 971 1040 1034 αἰσθόμενος
1081 970 1323 1019 συνέθετο
1362 972 1432 1035 τῷ
1469 969 1647 1019 Σκιπί-

233 1063 338 1090 ωνι.
413 1043 615 1104 Μάγων
650 1040 704 1089 δὲ
742 1038 765 1089 ὁ
806 1039 1064 1105 ναύαρχος
1105 1038 1362 1102 ἀπογνοὺς
1405 1038 1509 1087 ἀπὸ
1550 1041 1648 1086 τῶν

231 1108 504 1174 παρόντων
563 1108 626 1158 τὰ
685 1110 736 1159 ἐν
789 1107 1010 1173 Ἰβηρίᾳ,
1067 1107 1306 1161 πλεύσας
1355 1107 1404 1159 ἐς
1453 1106 1647 1170 Λίγυας

233 1179 319 1228 καὶ
358 1179 589 1230 Κελτοὺς
627 1176 930 1240 ἐξενολόγει.
1015 1177 1102 1226 καὶ
1141 1176 1164 1224 ὁ
1202 1176 1292 1238 μὲν
1330 1176 1444 1239 περὶ
1486 1180 1648 1225 ταῦτα

231 1248 307 1310 ἦν,
329 1247 414 1296 καὶ
435 1245 499 1295 τὰ
528 1245 748 1311 Γάδειρα
774 1244 1116 1311 ἐκλειφθέντα
1145 1244 1244 1293 ὑπὸ
1271 1248 1363 1294 τοῦ
1389 1243 1647 1307 Μάγωνος

231 1316 278 1364 οἱ
302 1315 547 1377 Ῥωμαῖοι
574 1314 898 1377 παρέλαβον.

302 1390 377 1433 38.
431 1383 760 1446 Στρατηγοὺς
808 1383 860 1430 δὲ
919 1380 1155 1446 Ἰβηρίας
1205 1380 1440 1442 ἐτησίους
1490 1382 1537 1434 ἐς
1587 1380 1648 1429 τὰ

230 1452 350 1514 ἔθνη
379 1452 442 1500 τὰ
469 1452 752 1514 εἰλημμένα
790 1451 1021 1514 ἔπεμπον
1048 1449 1155 1500 ἀπὸ
1181 1450 1330 1499 τοῦδε
1357 1449 1648 1514 ἀρξάμενοι,

229 1519 410 1584 μικρὸν
448 1519 548 1584 πρὸ
586 1526 675 1583 τῆς
705 1519 952 1583 τετάρτης
989 1519 1075 1568 καὶ
1109 1524 1539 1581 τεσσαρακοστῆς
1565 1519 1649 1568 καὶ

233 1591 519 1651 ἑκατοστῆς
568 1587 904 1651 ὀλυμπιάδος,
957 1587 1222 1651 ἁρμοστὰς
1269 1588 1300 1648 ἢ
1363 1587 1649 1639 ἐπιστάτας

232 1659 407 1709 αὐτοῖς
467 1663 557 1719 τῆς
617 1657 813 1720 εἰρήνης
876 1657 1158 1720 ἐσομένους.
1240 1656 1326 1706 καὶ
1388 1656 1564 1708 αὐτοῖς
1625 1655 1647 1704 ὁ

233 1724 466 1776 Σκιπίων
505 1724 686 1789 ὀλίγην
726 1724 977 1790 στρατιὰν
1018 1726 1082 1778 ὡς
1120 1724 1205 1775 ἐπὶ
1232 1724 1400 1790 εἰρήνῃ
1435 1732 1648 1773 καταλι-

232 1794 359 1852 πών,
390 1794 649 1859 συνῴκισε
683 1794 799 1847 τοὺς
825 1793 1145 1855 τραυματίας
1171 1795 1220 1846 ἐς
1244 1793 1419 1850 πόλιν,
1445 1793 1507 1852 ἣν
1546 1792 1647 1842 ἀπὸ

232 1869 321 1925 τῆς
359 1862 589 1918 Ἰταλίας
630 1862 896 1924 Ἰταλικὴν
931 1862 1166 1911 ἐκάλεσε:
1212 1862 1298 1912 καὶ
1325 1861 1512 1925 πατρίς
1537 1863 1648 1910 ἐστι

232 1934 489 1996 Τραϊανοῦ
517 1954 570 1980 τε
598 1931 685 1981 καὶ
710 1930 983 1995 Ἀδριανοῦ
1010 1934 1112 1981 τῶν
1139 1931 1353 1993 ὕστερον
1378 1929 1648 1993 Ῥωμαίοις

233 2001 499 2063 ἀρξάντων
537 2003 629 2062 τὴν
668 2001 1026 2063 αὐτοκράτορα
1064 2000 1247 2063 ἀρχήν.
1320 1998 1475 2052 αὐτὸς
1513 1998 1565 2052 δὲ
1603 2000 1649 2051 ἐς

230 2069 433 2132 Ῥώμην
472 2069 557 2117 ἐπὶ
595 2067 789 2118 στόλου
827 2072 1034 2118 πολλοῦ
1067 2067 1281 2124 διέπλει,
1306 2070 1559 2132 λαμπρῶς
1595 2090 1649 2117 τε

234 2136 619 2201 κεκοσμημένου
637 2137 723 2186 καὶ
745 2136 1124 2201 καταγέμοντος
1151 2136 1502 2202 αἰχμαλώτων
1524 2135 1646 2199 ὁμοῦ

235 2206 321 2255 καὶ
346 2206 628 2272 χρημάτων
659 2206 744 2254 καὶ
774 2206 952 2254 ὅπλων
983 2206 1069 2255 καὶ
1105 2206 1356 2270 λαφύρων
1381 2204 1645 2253 ποικίλων.

233 2275 321 2323 καὶ
349 2276 375 2333 ἡ
404 2273 557 2328 πόλις
584 2273 739 2324 αὐτὸν
765 2275 1027 2338 ἐπιφανῶς
1061 2273 1322 2339 ἐξεδέχετο
1347 2272 1476 2337 μετὰ
1503 2272 1648 2336 δόξης

235 2342 469 2404 ἀοιδίμου
520 2364 574 2392 τε
623 2342 709 2393 καὶ
747 2343 1054 2404 παραλόγου
1094 2343 1178 2391 διά
1217 2363 1271 2391 τε
1309 2341 1524 2404 νεότητα
1563 2341 1649 2389 καὶ

235 2409 555 2478 ταχυεργίαν
592 2411 680 2459 καὶ
717 2410 928 2473 μέγεθος
969 2409 1261 2474 εὐπραξίας.
1336 2410 1388 2459 οἵ
1422 2431 1477 2459 τε
1526 2410 1648 2474 φθο-

239 2504 322 2557 196
