1747 2693
128 291 211 318 CAP

141 332 201 358 VII

128 1515 212 1544 CAP

128 1556 208 1583 VIII

320 153 611 194 APPIAN'S
659 153 895 194 ROMAN
944 152 1252 203 HISTORY,
1299 152 1476 194 BOOK
1529 152 1588 192 VI

248 281 449 328 νοῦντες
477 277 614 339 αὐτῷ
642 277 734 336 τὴν
769 277 939 324 πάλαι
972 273 1325 337 κουφολογίαν
1364 274 1661 339 ὡμολόγουν

247 348 294 398 ἐς
313 345 459 409 ἔργον
478 345 760 404 ἀποβῆναι.
825 344 910 392 καὶ
927 343 1158 394 Σκιπίων
1174 345 1264 405 μὲν
1283 344 1661 408 θαυμαζόμενος

247 415 597 476 ἐθριάμβευεν,
616 413 882 471 Ἰνδίβιλις
906 411 957 460 δὲ
980 411 1249 477 οἰχομένου
1270 416 1360 461 τοῦ
1378 411 1663 465 Σκιπίωνος

246 483 394 531 αὖθις
444 481 723 546 ἀφίστατο.
801 481 887 530 καὶ
937 481 1092 530 αὐτὸν
1143 481 1187 528 οἱ
1239 482 1527 543 στρατηγοὶ
1575 486 1663 542 τῆς

245 549 495 612 Ἰβηρίας,
523 549 610 599 τὸν
650 549 874 613 στρατὸν
914 548 1208 612 ἀγείραντες
1247 550 1366 603 ὅσος
1406 551 1580 604 αὐτοῖς
1604 550 1663 611 ἦν

247 619 362 682 περὶ
412 619 475 667 τὰ
527 618 761 681 φρούρια,
808 618 893 667 καὶ
933 617 1149 679 δύναμιν
1191 617 1360 679 ἄλλην
1409 617 1514 667 ἀπὸ
1564 621 1664 668 τῶν

249 685 490 748 ὑπηκόων
519 685 920 748 συναγαγόντες,
949 686 1194 735 ἔκτειναν.
1258 685 1374 740 τοὺς
1400 685 1439 734 δ᾽
1470 685 1662 739 αἰτίους

246 761 334 818 τῆς
363 755 709 808 ἀποστάσεως
738 755 786 807 ἐς
813 754 982 818 κρίσιν
1021 754 1418 818 παραγαγόντες
1458 754 1660 820 θανάτῳ

245 824 519 884 μετῆλθον,
555 824 642 871 καὶ
682 823 745 871 τὰ
784 823 909 873 ὄντα
936 824 1109 875 αὐτοῖς
1145 823 1448 884 ἐδήμευσαν.
1521 823 1586 872 τά
1612 846 1664 872 τε

246 893 364 953 ἔθνη
410 893 474 940 τὰ
520 893 850 953 συναράμενα
886 893 1023 954 αὐτῷ
1064 892 1330 954 χρήμασιν
1357 890 1662 954 ἐζημίωσαν,

246 961 334 1008 καὶ
395 960 459 1009 τὰ
519 960 662 1008 ὅπλα
723 961 892 1009 αὐτῶν
964 959 1290 1023 παρείλοντο,
1354 960 1441 1009 καὶ
1501 960 1663 1023 ὅμηρα

244 1031 464 1091 ᾔτησαν,
504 1031 589 1078 καὶ
641 1029 865 1093 φρουρὰς
919 1029 1269 1093 δυνατωτέρας
1323 1029 1501 1081 αὐτοῖς
1554 1029 1670 1078 ἐπέ-

246 1119 468 1159 στησαν.
542 1098 628 1147 καὶ
668 1098 788 1145 τάδε
826 1098 915 1159 μὲν
953 1098 1015 1158 ἦν
1055 1098 1202 1150 εὐθὺς
1225 1098 1354 1159 μετὰ
1381 1095 1663 1154 Σκιπίωνα,

249 1166 336 1213 καὶ
367 1169 392 1228 ἡ
421 1166 600 1231 πρώτη
628 1164 894 1228 Ῥωμαίων
922 1166 969 1218 ἐς
995 1164 1232 1230 Ἰβηρίαν
1259 1170 1412 1230 πεῖρα
1440 1166 1488 1218 ἐς
1515 1171 1664 1217 τοῦτο

244 1236 415 1297 ἔληγε.

898 1377 1014 1418 VIII

317 1508 391 1549 39.
434 1501 612 1566 Xρόνῳ
642 1501 681 1549 δ᾽
710 1503 940 1566 ὕστερον,
977 1501 1061 1550 ὅτε
1089 1502 1333 1566 Ῥωμαῖοι
1369 1505 1587 1556 Κελτοῖς
1615 1527 1665 1551 τε

250 1576 351 1623 τοῖς
401 1575 519 1636 περὶ
569 1573 743 1620 Πάδον
802 1570 1089 1635 ἐπολέμουν
1146 1572 1232 1620 καὶ
1283 1575 1537 1636 Φιλίππῳ
1597 1575 1664 1636 τῷ

247 1639 529 1692 Μακεδόνι,
582 1639 916 1704 ἐνεωτέρισαν
966 1639 1114 1692 αὖθις
1165 1642 1212 1693 ἐς
1262 1639 1355 1700 τὴν
1401 1639 1664 1707 ἀσχολίαν

244 1710 416 1756 αὐτῶν
466 1709 512 1756 οἱ
559 1709 783 1771 Ἴβηρες.
856 1710 943 1756 καὶ
993 1710 1167 1760 αὐτοῖς
1217 1710 1560 1772 ἐπέμφθησαν
1611 1711 1664 1757 ἐκ

244 1777 441 1841 Ῥώμης
471 1777 757 1841 στρατηγοὶ
783 1777 931 1825 τοῦδε
957 1780 1048 1825 τοῦ
1074 1777 1306 1840 πολέμου
1334 1777 1662 1842 Σεμπρώνιός

245 1867 298 1894 τε
350 1845 660 1896 Τουδιτανὸς
711 1845 796 1895 καὶ
858 1847 1075 1910 Μᾶρκος
1126 1845 1386 1902 Ἕλουιος,
1437 1846 1566 1909 μετὰ
1623 1846 1659 1895 δ᾽

244 1914 462 1966 ἐκείνους
492 1915 789 1965 Μινούκιος.
866 1914 952 1963 καὶ
991 1915 1075 1963 ἐπὶ
1114 1915 1294 1977 τούτῳ,
1327 1915 1552 1975 μείζονος
1585 1915 1657 1963 ἔτι

243 1989 332 2046 τῆς
359 1988 608 2043 κινήσεως
637 1981 953 2045 γιγνομένης,
990 1982 1119 2045 μετὰ
1157 1982 1374 2036 πλέονος
1404 1982 1660 2046 δυνάμεως

242 2051 481 2114 ἐπέμφθη
511 2052 716 2107 Κάτων,
747 2051 853 2103 νέος
877 2051 969 2113 μὲν
996 2051 1063 2099 ὢν
1101 2052 1174 2099 ἔτι
1202 2052 1441 2112 πάμπαν,
1470 2053 1660 2113 αὐστη-

241 2120 328 2183 ρὸς
378 2121 428 2167 δὲ
480 2120 567 2169 καὶ
622 2118 925 2184 φιλόπονος,
979 2119 1185 2168 συνέσει
1235 2141 1289 2169 τε
1337 2121 1539 2179 γνώμης
1577 2122 1657 2169 καὶ

243 2188 497 2250 δεινότητι
531 2188 703 2250 λόγων
740 2189 1045 2251 ἀριπρεπής,
1076 2189 1210 2237 ὥστε
1251 2189 1406 2237 αὐτὸν
1439 2190 1525 2238 ἐπὶ
1557 2193 1661 2242 τοῖς

238 2256 414 2317 λόγοις
443 2257 664 2306 ἐκάλουν
691 2256 736 2304 οἱ
773 2256 1017 2317 Ῥωμαῖοι
1053 2256 1373 2316 Δημοσθένη,
1409 2256 1660 2305 πυνθανό-

239 2346 379 2387 μενοι
420 2325 505 2374 τὸν
543 2325 757 2387 ἄριστον
796 2325 846 2373 ἐν
885 2330 988 2377 τοῖς
1014 2325 1251 2387 Ἕλλησι
1288 2325 1482 2386 ῥήτορα
1520 2347 1656 2387 γεγε-

241 2394 430 2454 νῆσθαι
457 2394 779 2454 Δημοσθένη.

246 2485 329 2536 198
