1747 2693
124 287 209 315 CAP

130 327 209 355 VIII

317 146 612 187 APPIAN'S
661 145 898 187 ROMAN
947 144 1254 196 HISTORY,
1301 144 1478 187 BOOK
1527 144 1591 186 VI

317 274 392 317 40.
431 270 523 316 Ὡς
579 266 629 317 δὲ
687 266 1015 314 κατέπλευσε
1071 271 1159 329 τῆς
1212 263 1443 330 Ἰβηρίας
1501 267 1551 320 ἐς
1609 267 1665 315 τὸ

247 343 565 407 καλούμενον
593 340 873 406 Ἐμπόριον
916 340 939 391 ὁ
987 341 1190 397 Κάτων,
1220 340 1268 390 οἱ
1305 340 1397 404 μὲν
1428 340 1667 406 πολέμιοι

248 418 505 467 πάντοθεν
532 418 609 467 ἐπ᾽
638 418 794 466 αὐτὸν
815 417 863 467 ἐς
883 414 1344 480 τετρακισμυρίους
1361 415 1666 480 ἀγηγέρατο,

249 494 272 541 ὁ
324 494 363 541 δ᾽
414 494 501 542 ἐπὶ
549 493 639 555 μέν
678 513 726 541 τι
765 493 857 553 τὴν
896 490 1148 554 στρατιὰν
1186 491 1477 552 ἐγύμναζεν,
1516 492 1581 544 ὡς
1629 490 1667 541 δ᾽

248 567 434 632 ἔμελλε
468 566 949 632 συνενεχθήσεσθαι
982 566 1144 631 μάχῃ,
1173 565 1263 617 τὰς
1301 568 1422 618 ναῦς
1448 564 1505 618 ἃς
1532 564 1668 632 εἶχεν

248 646 296 696 ἐς
358 641 695 692 Μασσαλίαν
767 640 1067 706 ἀπέπεμψε,
1129 640 1218 690 καὶ
1289 640 1376 690 τὸν
1444 641 1669 706 στρατὸν

248 717 518 768 ἐδίδασκεν
566 719 625 768 οὐ
675 721 828 767 τοῦτο
878 717 1007 766 εἶναι
1055 716 1299 781 φοβερόν,
1350 717 1428 764 ὅτι
1479 717 1669 779 πλήθει

248 793 575 858 προύχουσιν
613 792 661 841 οἱ
699 790 943 855 πολέμιοι
987 790 1103 855 (τὴν
1144 790 1244 855 γὰρ
1286 790 1551 856 εὐψυχίαν
1595 793 1670 840 ἀεὶ

250 872 342 918 τοῦ
366 867 583 920 πλέονος
611 868 947 932 ἐπικρατεῖν),
966 866 1087 915 ἀλλ᾽
1109 867 1188 916 ὅτι
1214 869 1336 916 νεῶν
1364 867 1668 931 ἀποροῦμεν,

251 939 316 988 ὡς
360 937 449 986 οὐκ
495 937 648 1003 ἔχειν,
691 937 734 986 εἰ
782 936 849 1000 μὴ
896 940 1187 1001 κρατοῖμεν,
1235 933 1349 983 οὐδὲ
1391 933 1669 1000 σωτηρίαν.

251 1004 396 1056 ταῦτ᾽
435 1004 592 1056 εἰπὼν
628 1004 819 1055 αὐτίκα
871 1004 1179 1063 συνέβαλεν,
1223 1004 1312 1052 οὐκ
1363 1003 1671 1061 ἐπελπίσας,

251 1074 429 1139 ὥσπερ
497 1075 674 1139 ἕτεροι,
738 1074 825 1123 τὸν
892 1073 1133 1139 στρατόν,
1196 1072 1339 1121 ἀλλὰ
1406 1072 1669 1136 φοβήσας.

250 1142 519 1205 γενομένης
546 1142 586 1191 δ᾽
615 1145 665 1193 ἐν
690 1142 844 1208 χερσὶ
885 1147 974 1204 τῆς
1013 1141 1204 1206 μάχης,
1233 1143 1281 1195 ἐς
1320 1141 1491 1190 πάντα
1531 1163 1679 1205 μετε-

251 1212 393 1275 πήδα
444 1215 776 1276 παρακαλῶν
823 1211 910 1260 καὶ
969 1209 1290 1276 παροξύνων.
1366 1208 1582 1274 ἀκρίτου
1633 1209 1670 1258 δ᾽

251 1282 409 1344 αὐτῆς
449 1282 497 1334 ἐς
534 1282 707 1342 δείλην
748 1281 975 1340 ἑσπέραν
1013 1280 1088 1328 ἔτι
1128 1280 1302 1338 οὔσης,
1329 1279 1416 1327 καὶ
1458 1282 1671 1328 πολλῶν

251 1349 551 1399 πιπτόντων
601 1349 930 1413 ἑκατέρωθεν,
982 1349 1029 1402 ἔς
1080 1369 1192 1397 τινα
1248 1346 1414 1411 λόφον
1465 1346 1674 1411 ὑψηλὸν

251 1418 381 1481 μετὰ
426 1422 579 1481 τριῶν
620 1419 814 1481 τάξεων
858 1416 1082 1481 ἐφέδρων
1122 1416 1389 1480 ἀνέδραμε,
1430 1415 1487 1464 τὸ
1527 1416 1674 1479 ἔργον

253 1485 380 1551 ὁμοῦ
419 1490 524 1537 πᾶν
570 1486 912 1551 ἐποψόμενος.
987 1488 1051 1539 ὡς
1094 1485 1145 1534 δὲ
1187 1485 1285 1534 εἶδε
1327 1485 1443 1536 τοὺς
1483 1484 1671 1547 μέσους

254 1560 354 1604 τῶν
403 1555 544 1605 ἰδίων
591 1555 831 1619 μάλιστα
882 1554 1300 1620 ἐνοχλουμένους,
1344 1553 1578 1618 ὥρμησεν
1628 1554 1674 1605 ἐς

253 1624 440 1678 αὐτοὺς
461 1624 882 1689 προκινδυνεύων,
902 1624 1034 1687 ἔργῳ
1055 1644 1109 1673 τε
1125 1623 1211 1672 καὶ
1232 1624 1334 1685 βοῇ
1358 1622 1675 1686 συνετάραξε

255 1693 372 1744 τοὺς
422 1693 655 1758 ἐχθρούς,
706 1693 794 1742 καὶ
844 1695 1047 1756 πρῶτος
1101 1693 1328 1754 κατῆρξε
1379 1695 1466 1752 τῆς
1517 1689 1671 1751 νίκης.

256 1763 440 1825 διώξας
490 1784 544 1812 τε
593 1762 772 1815 νυκτὸς
833 1762 957 1822 ὅλης
1019 1761 1302 1825 ἐκράτησεν
1351 1761 1520 1807 αὐτῶν
1586 1762 1675 1806 τοῦ

256 1830 633 1895 στρατοπέδου,
653 1830 738 1879 καὶ
767 1830 1001 1882 πολλοὺς
1029 1829 1339 1877 ἀπέκτεινεν.
1416 1827 1674 1876 ἐπανιόντι

256 1897 297 1946 δ᾽
326 1901 390 1951 ὡς
417 1898 624 1961 ἡγεμόνι
652 1905 740 1961 τῆς
767 1897 906 1960 νίκης
935 1897 1216 1961 συνήδοντο
1244 1896 1673 1959 συμπλεκόμενοι.

255 1969 345 2017 καὶ
392 1969 523 2032 μετὰ
573 1972 723 2017 τοῦτο
763 1968 988 2016 ἀνέπαυε
1032 1967 1123 2029 τὴν
1169 1965 1438 2031 στρατιάν,
1478 1965 1565 2014 καὶ
1608 1964 1669 2013 τὰ

253 2040 471 2101 λάφυρα
498 2037 838 2101 ἐπίπρασκεν.

326 2114 402 2154 41.
444 2105 850 2169 Πρεσβευόντων
877 2105 916 2153 δ᾽
945 2107 992 2158 ἐς
1030 2104 1187 2153 αὐτὸν
1226 2104 1472 2152 ἁπάντων
1511 2102 1676 2167 ὅμηρά

257 2197 310 2223 τε
355 2174 546 2237 ᾔτησεν
596 2174 756 2232 ἄλλα,
799 2173 887 2223 καὶ
934 2173 1133 2234 βιβλία
1184 2171 1580 2236 ἐσφραγισμένα
1630 2173 1676 2223 ἐς

259 2244 507 2296 ἑκάστους
535 2242 870 2308 περιέπεμπε,
898 2242 987 2291 καὶ
1013 2242 1129 2295 τοὺς
1166 2241 1419 2306 φέροντας
1447 2240 1675 2288 ἐκέλευεν

258 2313 422 2377 ἡμέρᾳ
468 2315 560 2378 μιᾷ
612 2312 814 2365 πάντας
873 2311 1174 2360 ἀποδοῦναι˙
1253 2310 1342 2359 καὶ
1392 2310 1538 2370 ὥριζε
1587 2308 1675 2370 τὴν

257 2380 465 2444 ἡμέραν,
506 2381 881 2445 τεκμηράμενος
922 2382 1006 2430 ὅτε
1046 2381 1283 2443 μάλιστα
1329 2381 1376 2431 ἐς
1421 2379 1510 2440 τὴν
1556 2398 1674 2442 πορ-

259 2506 345 2533 200
