1747 2693
113 216 212 246 CAP.

120 256 198 283 VIII

307 82 601 121 APPIAN'S
654 82 887 122 ROMAN
939 82 1246 133 HISTORY,
1293 80 1472 123 BOOK
1520 80 1581 120 VI

235 204 450 265 ρωτάτω
489 204 645 252 πόλιν
694 204 986 266 ἀφίξονται.
1063 204 1264 253 ἐκέλευε
1316 203 1355 251 δ᾽
1400 205 1429 265 ἡ
1479 203 1654 267 γραφὴ

235 283 348 332 ταῖς
388 280 577 343 ἀρχαῖς
621 282 720 327 τῶν
759 280 962 328 πόλεων
1007 280 1243 331 ἁπάσαις
1285 279 1552 342 καθαιρεῖν
1593 278 1654 325 τὰ

235 353 383 418 τείχη
448 357 611 417 σφῶν,
674 353 833 414 αὐτῆς
901 353 1090 416 ἡμέρας
1151 353 1181 415 ᾗ
1243 353 1307 402 τὰ
1371 353 1654 416 γράμματα

234 431 469 488 λάβοιεν˙
513 431 554 476 εἰ
583 430 635 477 δὲ
661 430 933 477 ἀνάθοιντο
962 429 1052 491 τὴν
1081 428 1290 491 ἡμέραν,
1310 426 1654 492 ἀνδραποδισ-

233 504 327 564 μὸν
370 501 589 564 ἠπείλει.
666 502 714 550 οἱ
752 501 804 550 δὲ
849 501 966 564 ἄρτι
1003 502 1094 564 μὲν
1137 501 1412 564 ἡττημένοι
1452 501 1653 563 μεγάλῃ

234 578 395 640 μάχῃ,
421 578 521 626 ὑπὸ
548 577 600 625 δὲ
627 575 839 639 ἀγνοίας
867 576 965 627 εἴτε
990 576 1159 640 μόνοις
1187 575 1276 626 εἴθ᾽
1295 578 1468 626 ἅπασι
1489 580 1655 624 ταῦτα

235 652 595 716 προσετάχθη,
636 651 952 714 φοβούμενοι
995 651 1139 714 μόνοι
1187 651 1276 714 μὲν
1329 652 1391 704 ὡς
1440 651 1655 699 εὐκατα-

234 727 495 789 φρόνητοι,
535 727 666 789 μετὰ
709 727 762 773 δὲ
804 729 902 773 τῶν
947 726 1126 774 ἄλλων
1166 726 1234 788 μὴ
1277 725 1420 786 μόνοι
1461 724 1654 790 βραδύ-

236 821 378 853 νωσι,
418 799 597 864 καιρόν
648 821 702 849 τε
751 801 842 848 οὐκ
888 800 1092 865 ἔχοντες
1143 799 1479 865 περιπέμψαι
1528 799 1655 865 πρὸς

236 876 521 937 ἀλλήλους,
549 876 637 924 καὶ
666 876 782 926 τοὺς
811 876 1138 937 στρατιώτας
1179 876 1295 928 τοὺς
1336 875 1655 937 ἐληλυθότας

235 950 365 1013 μετὰ
393 953 492 999 τῶν
517 951 837 1013 γραμμάτων
864 952 1162 1012 ἐφεστῶτας
1192 950 1378 1011 σφίσιν
1403 950 1656 1011 εὐλαβού-

234 1047 390 1085 μενοι,
442 1025 499 1074 τὸ
551 1025 802 1088 σφέτερον
853 1025 1094 1089 ἀσφαλὲς
1136 1026 1351 1074 ἕκαστοι
1395 1025 1656 1089 προύργου

235 1100 503 1164 τιθέμενοι,
533 1100 596 1149 τὰ
623 1100 772 1165 τείχη
810 1101 1069 1165 καθῄρουν
1110 1100 1240 1163 μετὰ
1286 1100 1542 1162 σπουδῆς.
1608 1103 1657 1149 ἐν

235 1176 273 1242 ᾧ
301 1177 400 1241 γὰρ
427 1177 576 1240 ἅπαξ
600 1177 876 1225 ὑπακούειν
915 1178 1090 1234 ἐδόκει,
1118 1178 1208 1227 καὶ
1250 1178 1307 1227 τὸ
1335 1178 1535 1242 ταχέως
1562 1178 1655 1242 εἰρ-

234 1251 435 1313 γάσθαι
474 1253 808 1314 προσλαβεῖν
835 1252 1250 1315 ἐφιλοτιμοῦντο.
1325 1252 1457 1299 οὕτω
1488 1251 1577 1314 μὲν
1604 1251 1658 1299 αἱ

236 1326 414 1376 πόλεις
448 1326 505 1375 αἱ
543 1326 660 1391 περὶ
696 1327 885 1390 Ἴβηρα
922 1327 1158 1391 ποταμὸν
1188 1330 1308 1390 μιᾶς
1338 1327 1544 1391 ἡμέρας,
1574 1327 1653 1391 ὑφ᾽

237 1401 341 1452 ἑνὸς
381 1401 837 1466 στρατηγήματος,
877 1401 1032 1450 αὐταὶ
1070 1401 1135 1450 τὰ
1173 1400 1320 1465 τείχη
1360 1400 1424 1449 τὰ
1462 1402 1655 1450 ἑαυτῶν

236 1476 509 1540 καθῄρουν,
553 1478 640 1524 καὶ
676 1476 950 1540 Ῥωμαίοις
995 1478 1041 1529 ἐς
1087 1476 1144 1525 τὸ
1187 1476 1383 1540 μέλλον
1424 1476 1651 1541 εὐέφοδοι

235 1544 503 1608 γενόμεναι
530 1544 781 1608 διέμειναν
807 1547 853 1597 ἐς
880 1549 1135 1594 πλεῖστον
1163 1547 1247 1593 ἐπὶ
1276 1544 1486 1608 εἰρήνης.

307 1620 383 1661 42.
423 1613 757 1677 Ὀλυμπιάσι
813 1613 852 1661 δ᾽
905 1614 1118 1674 ὕστερον
1168 1614 1471 1678 τέσσαρσιν,
1522 1614 1653 1678 ἀμφὶ

237 1680 329 1733 τὰς
377 1682 701 1744 πεντήκοντα
750 1681 838 1730 καὶ
887 1680 1086 1740 ἑκατόν,
1133 1681 1325 1730 πολλοὶ
1375 1686 1474 1731 τῶν
1515 1680 1654 1742 Ἰβή-

238 1772 339 1811 ρων
375 1756 468 1811 γῆς
512 1751 823 1810 ἀποροῦντες
868 1751 1181 1809 ἀπέστησαν
1225 1751 1329 1799 ἀπὸ
1372 1750 1653 1807 Ῥωμαίων,

237 1819 394 1866 ἄλλοι
456 1840 512 1867 τε
572 1819 660 1868 καὶ
718 1819 992 1873 Λούσονες,
1052 1820 1100 1867 οἳ
1158 1821 1272 1877 περὶ
1333 1822 1418 1867 τὸν
1467 1823 1650 1881 Ἴβηρα

239 1888 479 1951 ᾤκηνται.
578 1888 905 1952 στρατεύσας
954 1888 1041 1936 οὖν
1092 1888 1172 1937 ἐπ᾽
1222 1888 1409 1938 αὐτοὺς
1459 1888 1653 1939 ὕπατος

239 1956 526 2006 Φούλουιος
555 1957 800 2007 Φλάκκος
830 1956 968 2005 ἐνίκα
995 1956 1158 2020 μάχῃ.
1233 1956 1320 2004 καὶ
1347 1956 1544 2005 πολλοὶ
1567 1956 1655 2020 μὲν

237 2025 408 2074 αὐτῶν
433 2024 568 2073 κατὰ
594 2024 771 2075 πόλεις
800 2025 1130 2086 διελύθησαν˙
1200 2024 1315 2074 ὅσοι
1343 2024 1393 2074 δὲ
1419 2028 1652 2086 μάλιστα

237 2098 331 2155 γῆς
358 2093 584 2158 ἠπόρουν
609 2094 696 2142 καὶ
725 2096 779 2157 ἐξ
804 2094 934 2155 ἄλης
963 2093 1239 2152 ἐβιότευον,
1259 2093 1306 2146 ἐς
1336 2092 1655 2156 Κομπλέγαν

237 2161 396 2210 πόλιν
422 2162 727 2227 συνέφυγον,
755 2163 783 2223 ἣ
814 2161 1105 2215 νεόκτιστός
1145 2183 1198 2211 τε
1242 2162 1303 2222 ἦν
1342 2163 1428 2210 καὶ
1476 2162 1655 2226 ὀχυρά,

240 2230 328 2278 καὶ
354 2230 537 2292 ηὔξετο
566 2230 782 2296 ταχέως.
856 2231 969 2280 ὅθεν
999 2230 1277 2295 ὁρμώμενοι
1296 2230 1381 2278 τὸν
1411 2231 1654 2279 Φλάκκον

241 2298 490 2355 ἐκέλευον,
513 2300 809 2347 καταθέντα
838 2298 1024 2363 σφίσιν
1052 2298 1179 2363 ὑπὲρ
1207 2302 1306 2347 τῶν
1333 2298 1654 2363 ἀνῃρημένων

241 2424 326 2452 202
