1747 2693
114 280 209 309 CAP.

122 320 200 348 VIII

305 146 600 186 APPIAN'S
650 146 884 187 ROMAN
934 147 1240 199 HISTORY,
1288 148 1464 191 BOOK
1521 148 1583 190 VI

238 268 461 315 ἑκάστου
489 268 654 330 σάγον
692 289 746 318 τε
785 269 873 317 καὶ
916 269 1076 318 ἵππον
1116 269 1203 319 καὶ
1247 269 1410 335 ξίφος,
1437 273 1655 336 ἀποτρέ-

235 363 348 408 χειν
399 345 455 407 ἐξ
488 342 723 408 Ἰβηρίας
776 343 899 408 πρίν
949 365 998 393 τι
1048 345 1208 394 κακὸν
1258 346 1459 395 παθεῖν.
1535 346 1558 395 ὁ
1604 346 1654 394 δὲ

234 418 469 469 πολλοὺς
494 419 670 469 αὐτοῖς
698 419 795 483 ἔφη
825 419 1018 482 σάγους
1046 420 1222 477 οἴσειν,
1250 420 1338 469 καὶ
1365 424 1468 473 τοῖς
1495 420 1655 485 πρέσ-

233 494 386 551 βεσιν
424 494 594 542 αὐτῶν
633 493 875 555 ἑπόμενος
926 498 987 556 τῇ
1037 495 1190 543 πόλει
1226 496 1655 560 παρεστρατοπέ-

235 567 429 616 δευσεν.
505 568 553 616 οἱ
613 567 653 616 δ᾽
715 569 965 631 ἀνομοίως
1026 574 1138 623 ταῖς
1205 571 1448 625 ἀπειλαῖς
1510 575 1656 637 σφῶν

235 642 425 691 αὐτίκα
452 642 850 706 ἀπεδίδρασκον,
877 644 967 694 καὶ
1004 645 1068 694 τὰ
1111 649 1211 694 τῶν
1252 645 1403 709 ἐγγὺς
1444 647 1654 707 βαρβά-

234 739 336 782 ρων
410 719 667 782 ἐλῄζοντο.
741 722 973 782 χρῶνται
1042 720 1095 768 δὲ
1161 720 1366 771 διπλοῖς
1434 720 1654 783 ἱματίοις

236 793 483 858 παχέσιν,
529 793 641 842 ἀντὶ
680 793 968 857 χλαμύδων
1011 793 1145 843 αὐτὰ
1185 796 1653 859 περιπορπώμενοι,

236 862 324 908 καὶ
350 865 502 910 τοῦτο
530 864 696 924 σάγον
721 866 983 925 ἡγοῦνται.

307 938 384 978 43.
426 930 655 995 Φλάκκῳ
696 932 788 993 μὲν
832 932 919 980 οὖν
960 932 1198 996 διάδοχος
1238 933 1397 994 ἦλθεν
1437 933 1523 983 ἐπὶ
1563 933 1654 995 τὴν

238 999 562 1063 στρατηγίαν
588 999 826 1063 Τιβέριος
862 997 1189 1063 Σεμπρώνιος
1216 1002 1469 1067 Γράκχος.
1549 1002 1654 1051 Κά-

237 1088 415 1128 ραουιν
454 1067 506 1116 δὲ
542 1067 717 1123 πόλιν,
744 1070 774 1130 ἣ
812 1068 1081 1130 Ῥωμαίων
1119 1069 1180 1130 ἦν
1220 1069 1365 1130 φίλη,
1395 1070 1655 1134 δισμύριοι

240 1137 585 1195 Κελτιβήρων
625 1138 979 1197 ἐπολιόρκουν˙
1021 1139 1107 1187 καὶ
1147 1139 1381 1200 ἐπίδοξος
1421 1140 1482 1200 ἦν
1522 1140 1656 1187 ἁλώ-

238 1205 447 1263 σεσθαι,
478 1205 720 1270 Γράκχου
759 1205 965 1270 σφόδρα
989 1206 1080 1269 μὲν
1106 1207 1438 1270 ἐπειγομένου
1462 1209 1657 1269 βοηθῆ-

238 1295 329 1320 σαι
397 1278 458 1335 τῇ
513 1273 681 1331 πόλει,
738 1275 1021 1336 περιιόντος
1088 1275 1130 1324 δ᾽
1187 1276 1238 1325 ἐν
1302 1277 1476 1338 κύκλῳ
1541 1277 1656 1330 τοὺς

237 1342 534 1404 πολεμίους,
558 1343 643 1391 καὶ
670 1343 760 1391 οὐκ
788 1343 996 1409 ἔχοντος
1026 1344 1136 1393 οὐδὲ
1161 1348 1389 1405 μηνῦσαι
1415 1349 1477 1408 τῇ
1505 1344 1656 1391 πόλει

237 1411 354 1474 περὶ
405 1412 605 1460 ἑαυτοῦ.
686 1415 786 1461 τῶν
837 1412 925 1462 οὖν
973 1433 1049 1464 τις
1099 1412 1345 1477 ἰλάρχων,
1399 1414 1656 1477 Κομίνιος,

235 1480 534 1541 ἐνθυμηθεὶς
573 1479 699 1542 πρὸς
740 1480 921 1529 ἑαυτὸν
947 1481 1034 1529 καὶ
1061 1482 1284 1545 Γράκχῳ
1323 1481 1380 1530 τὸ
1420 1486 1658 1544 τόλμημα

237 1548 533 1611 ἀνενεγκών,
579 1548 973 1612 ἐνεπορπήσατο
1025 1551 1190 1612 σάγον
1237 1549 1526 1615 Ἰβηρικῶς,
1572 1552 1658 1600 καὶ

234 1616 413 1663 λαθὼν
442 1616 695 1682 ἀνεμίχθη
717 1622 823 1670 τοῖς
843 1622 1227 1683 χορτολογοῦσι
1254 1622 1352 1668 τῶν
1381 1618 1656 1680 πολεμίων,

237 1686 527 1748 συνεσῆλθέ
567 1706 622 1733 τε
659 1687 834 1738 αὐτοῖς
862 1688 925 1739 ὡς
945 1688 1098 1748 Ἴβηρ
1129 1688 1177 1741 ἐς
1204 1689 1261 1736 τὸ
1289 1689 1658 1749 στρατόπεδον,

236 1754 323 1800 καὶ
372 1754 421 1804 ἐς
472 1754 565 1815 τὴν
617 1754 882 1815 Κάραουιν
932 1754 1220 1817 διαδραμὼν
1269 1756 1518 1817 ἐμήνυσεν
1578 1758 1655 1806 ὅτι

238 1822 476 1885 Γράκχος
504 1824 657 1872 ἐπίοι.
712 1823 757 1872 οἱ
782 1823 872 1884 μὲν
900 1824 959 1887 δὴ
988 1824 1327 1884 διεσώθησαν,
1348 1826 1655 1889 ἐγκαρτερή-

236 1912 421 1942 σαντες
481 1895 542 1955 τῇ
605 1892 885 1959 πολιορκίᾳ
955 1894 1110 1958 μέχρι
1182 1895 1419 1959 Γράκχος
1482 1895 1655 1948 αὐτοῖς

236 1959 434 2021 ἐπῆλθε
471 1959 602 2021 μετὰ
629 1962 806 2023 τρίτην
833 1961 1050 2022 ἡμέραν,
1069 1962 1155 2010 καὶ
1182 1964 1230 2011 οἱ
1254 1967 1652 2027 πολιορκοῦντες

235 2027 631 2090 ἀπανέστησαν˙
687 2030 946 2090 δισμύριοι
998 2030 1037 2078 δ᾽
1088 2031 1143 2078 ἐκ
1192 2034 1283 2091 τῆς
1334 2030 1654 2092 Κομπλέγας

234 2096 496 2162 διέτρεχον
570 2098 617 2150 ἐς
679 2097 737 2146 τὸ
812 2098 1054 2163 Γράκχου
1132 2099 1485 2162 στρατόπεδον
1557 2100 1652 2149 σὺν

233 2166 526 2227 ἱκετηρίαις,
567 2166 653 2214 καὶ
693 2168 1087 2227 πλησιάσαντες
1125 2167 1385 2228 ἀδοκήτως
1413 2168 1653 2217 ἐπέθεντο

232 2235 387 2298 αὐτῷ,
415 2235 502 2285 καὶ
529 2236 900 2299 συνετάραξαν.
975 2236 998 2284 ὁ
1027 2236 1066 2284 δ᾽
1095 2236 1397 2300 εὐμηχάνως
1419 2236 1654 2300 ἐξέλιπεν

233 2302 409 2352 αὐτοῖς
450 2302 507 2352 τὸ
551 2304 920 2368 στρατόπεδον,
951 2304 1035 2353 καὶ
1077 2305 1386 2367 ὑπεκρίνατο
1429 2305 1647 2369 φεύγειν:

233 2370 343 2417 εἶτα
386 2370 764 2434 διαρπάζουσιν
805 2374 1147 2438 ἐπιστραφεὶς
1190 2375 1415 2422 ἐπέπεσέ
1462 2396 1516 2421 τε
1566 2377 1650 2422 καὶ

233 2495 320 2530 204
