1747 2693
131 267 226 299 CAP.

135 308 216 336 VIII

129 1179 214 1208 CAP

144 1220 192 1247 IX

326 132 621 171 APPIAN'S
670 133 909 173 ROMAN
960 133 1264 187 HISTORY,
1311 135 1490 177 BOOK
1541 135 1602 178 VI

253 253 537 308 πλείστους
578 254 783 310 ἔκτεινε,
822 255 909 305 καὶ
952 259 1042 316 τῆς
1084 257 1406 319 Κομπλέγας
1445 257 1672 324 κατέσχε

254 323 342 371 καὶ
381 327 481 372 τῶν
522 323 810 388 περιοίκων.
886 325 1004 375 τοὺς
1043 326 1095 373 δὲ
1136 326 1359 385 ἀπόρους
1406 328 1670 390 συνῴκιζε,

253 392 341 441 καὶ
380 396 477 453 γῆν
519 393 696 445 αὐτοῖς
738 391 997 458 διεμέτρει.
1070 395 1157 442 καὶ
1195 397 1362 444 πᾶσιν
1401 395 1541 443 ἔθετο
1569 401 1673 449 τοῖς

253 462 372 524 τῇδε
398 460 660 521 συνθήκας
688 461 940 524 ἀκριβεῖς,
968 460 1082 509 καθ᾽
1111 460 1143 509 ἃ
1179 460 1441 524 Ῥωμαίων
1468 464 1673 513 ἔσονται

253 528 417 593 φίλοι˙
457 529 638 591 ὅρκους
676 549 732 577 τε
770 530 969 593 ὤμοσεν
1008 530 1182 583 αὐτοῖς
1218 530 1305 579 καὶ
1331 532 1539 591 ἔλαβεν,
1567 534 1674 583 ἐπι-

253 597 511 657 ποθήτους
572 597 625 646 ἐν
684 601 790 651 τοῖς
852 598 1068 659 ὕστερον
1116 597 1364 662 πολέμοις
1414 601 1671 653 πολλάκις

251 664 568 725 γενομένους.
645 665 704 713 δι᾽
748 664 780 714 ἃ
825 667 910 714 καὶ
951 668 1002 715 ἐν
1047 665 1253 734 Ἰβηρίᾳ
1297 669 1382 716 καὶ
1426 669 1477 717 ἐν
1508 669 1673 733 Ῥώμῃ

253 733 499 796 διώνυμος
549 735 748 797 ἐγένετο
801 735 824 783 ὁ
875 736 1128 802 Γράκχος,
1180 736 1266 784 καὶ
1329 737 1674 801 ἐθριάμβευσε

251 806 519 865 λαμπρῶς.

936 1046 1008 1089 ΙΧ

324 1170 399 1207 44.
431 1163 618 1211 Ἔτεσι
637 1162 676 1210 δ᾽
698 1163 756 1211 οὐ
774 1166 998 1213 πολλοῖς
1026 1163 1242 1226 ὕστερον
1261 1161 1488 1222 πόλεμος
1514 1163 1673 1218 ἄλλος

253 1238 442 1300 ἠγέρθη
485 1238 603 1301 περὶ
644 1236 879 1302 Ἰβηρίαν
917 1239 1157 1304 χαλεπὸς
1197 1240 1253 1288 ἐκ
1296 1239 1503 1289 τοιᾶσδε
1553 1261 1676 1304 προ-

252 1315 476 1379 φάσεως.
564 1309 765 1377 Σεγήδη
815 1314 969 1366 πόλις
1018 1315 1131 1363 ἐστὶ
1182 1316 1529 1380 Κελτιβήρων
1577 1320 1675 1365 τῶν

252 1391 468 1437 Βελλῶν
505 1388 795 1452 λεγομένων
829 1389 1035 1451 μεγάλη
1075 1410 1130 1438 τε
1168 1390 1254 1438 καὶ
1283 1389 1490 1451 δυνατή,
1518 1392 1604 1441 καὶ
1630 1393 1678 1446 ἐς

251 1464 343 1516 τὰς
368 1462 704 1527 Σεμπρωνίου
741 1464 986 1531 Γράκχου
1025 1465 1284 1526 συνθήκας
1313 1465 1673 1531 ἐνεγέγραπτο.

252 1541 382 1602 αὕτη
421 1541 513 1594 τὰς
548 1539 885 1603 βραχυτέρας
922 1541 1102 1592 πόλεις
1143 1542 1387 1605 ἀνῴκιζεν
1424 1544 1472 1596 ἐς
1498 1544 1673 1604 αὑτήν,

252 1615 338 1664 καὶ
399 1619 571 1682 τεῖχος
630 1616 678 1669 ἐς
738 1615 1139 1682 τεσσαράκοντα
1202 1615 1443 1670 σταδίους
1501 1618 1675 1685 κύκλῳ

250 1691 615 1755 περιεβάλετο,
677 1689 896 1742 Τίτθους
957 1712 1012 1741 τε
1083 1692 1268 1755 ὅμορον
1334 1692 1478 1755 γένος
1539 1692 1673 1744 ἄλλο

251 1766 636 1829 συνηνάγκαζεν
663 1766 710 1819 ἐς
736 1769 916 1816 ταῦτα.
954 1766 983 1828 ἡ
1011 1766 1063 1815 δὲ
1090 1768 1388 1830 σύγκλητος
1413 1769 1673 1830 πυθομένη

251 1842 308 1891 τό
335 1863 391 1892 τε
418 1846 587 1909 τεῖχος
628 1841 916 1907 ἀπηγόρευε
954 1843 1211 1908 τειχίζειν,
1240 1844 1325 1892 καὶ
1353 1845 1539 1908 φόρους
1563 1845 1674 1908 ᾔτει

252 1918 368 1970 τοὺς
419 1917 719 1983 ὁρισθέντας
759 1918 843 1966 ἐπὶ
884 1918 1143 1983 Γράκχου,
1191 1919 1581 1982 στρατεύεσθαί
1621 1942 1675 1969 τε

249 1992 523 2059 Ῥωμαίοις
548 1993 905 2059 προσέτασσε:
945 1993 1030 2042 καὶ
1056 1992 1155 2057 γὰρ
1185 1992 1321 2042 τοῦθ᾽
1349 1994 1404 2044 αἱ
1431 1995 1672 2063 Γράκχου

253 2070 508 2131 συνθῆκαι
547 2069 796 2118 ἐκέλευον.
873 2069 921 2117 οἱ
957 2069 1009 2119 δὲ
1049 2069 1168 2134 περὶ
1208 2069 1300 2131 μὲν
1339 2074 1431 2119 τοῦ
1470 2069 1672 2137 τείχους

251 2146 432 2210 ἔλεγον
469 2146 863 2208 ἀπηγορεῦσθαι
903 2146 1267 2210 Κελτίβηρσιν
1303 2145 1403 2195 ὑπὸ
1430 2147 1671 2214 Γράκχου

252 2220 321 2282 μὴ
350 2220 540 2282 κτίζειν
578 2220 775 2278 πόλεις,
803 2220 862 2269 οὐ
899 2220 1142 2285 τειχίζειν
1181 2220 1273 2275 τὰς
1306 2220 1667 2287 ὑπαρχούσας˙

253 2298 353 2343 τῶν
378 2295 430 2345 δὲ
456 2295 627 2360 φόρων
654 2295 742 2346 καὶ
768 2299 856 2359 τῆς
882 2296 1122 2359 ξεναγίας
1149 2294 1234 2344 ὑπ᾽
1262 2297 1431 2346 αὐτῶν
1468 2299 1671 2360 ἔφασαν

250 2370 519 2433 Ῥωμαίων
556 2371 808 2435 ἀφεῖσθαι
844 2371 974 2433 μετὰ
1014 2372 1267 2437 Γράκχον.
1343 2372 1427 2421 καὶ
1466 2375 1536 2436 τῷ
1561 2372 1664 2420 ὄντι

253 2462 339 2501 206
