1747 2693
130 258 227 287 CAP.

161 298 207 325 IX

319 118 615 159 APPIAN'S
665 117 902 159 ROMAN
952 115 1258 167 HISTORY,
1307 115 1484 157 BOOK
1535 115 1597 156 VI

249 241 385 302 ἦσαν
428 240 710 305 ἀφειμένοι,
753 239 932 287 δίδωσι
978 237 1018 288 δ᾽
1045 239 1073 297 ἡ
1116 237 1287 297 βουλὴ
1327 237 1417 291 τὰς
1462 237 1670 288 τοιάσδε

251 308 439 374 δωρεὰς
465 309 543 358 ἀεὶ
571 308 918 371 προστιθεῖσα
947 307 1124 371 κυρίας
1163 307 1379 355 ἔσεσθαι
1417 306 1571 372 μέχρι
1610 307 1670 356 ἂν

248 380 380 441 αὐτῇ
409 379 495 427 καὶ
522 380 592 441 τῷ
620 376 757 439 δήμῳ
786 376 923 439 δοκῇ.

321 453 395 495 45.
471 443 771 510 Στρατηγὸς
838 445 926 494 οὖν
985 443 1065 493 ἐπ᾽
1127 443 1314 496 αὐτοὺς
1383 443 1669 505 Νωβελίων

252 517 513 577 ἐπέμπετο
562 516 692 577 μετὰ
748 517 1002 577 στρατιᾶς
1051 514 1109 560 οὐ
1157 514 1298 561 πολὺ
1358 512 1670 576 τρισμυρίων

251 585 444 648 ἀνδρῶν
473 580 812 643 ἀποδεούσης:
842 581 897 630 ὃν
918 580 1091 640 ἐπειδὴ
1114 580 1300 644 σφίσιν
1327 580 1375 629 οἱ
1400 579 1668 643 Σεγηδαῖοι

252 650 540 716 προσιόντα
567 650 817 714 ἔγνωσαν,
847 650 988 698 οὔπω
1025 648 1082 698 τὸ
1110 654 1283 716 τεῖχος
1307 648 1669 704 ἐκτελέσαντες

253 722 470 786 ἔφευγον
496 721 545 773 ἐς
572 719 885 783 Ἀρουακοὺς
909 718 1038 781 μετὰ
1064 719 1262 768 παίδων
1289 720 1376 766 καὶ
1401 722 1670 778 γυναικῶν,

250 789 334 839 καὶ
388 792 529 854 σφᾶς
581 786 930 853 ὑποδέχεσθαι
993 786 1110 839 τοὺς
1169 786 1482 849 Ἀρουακοὺς
1536 808 1666 852 παρ-

250 858 488 906 εκάλουν.
563 857 609 905 οἱ
638 855 688 904 δὲ
717 855 1063 920 ὑποδέχονταί
1088 876 1156 914 τε,
1183 856 1271 904 καὶ
1301 856 1476 919 Κάρον
1502 858 1670 905 αὑτῶν

251 923 548 988 Σεγηδαῖον,
575 923 859 987 πολεμικὸν
886 924 1014 973 εἶναι
1040 923 1379 988 νομιζόμενον,
1407 923 1670 989 αἱροῦνται

252 991 561 1058 στρατηγόν.
636 991 659 1041 ὁ
712 993 762 1042 δὲ
812 991 958 1057 τρίτῃ
1006 992 1136 1056 μετὰ
1198 991 1289 1053 τὴν
1349 994 1671 1058 χειροτονίαν

251 1064 411 1129 ἡμέρᾳ
462 1060 760 1123 δισμυρίους
811 1061 993 1120 πεζοὺς
1038 1062 1124 1109 καὶ
1165 1060 1355 1112 ἱππέας
1394 1084 1669 1110 πεντακισ-

251 1131 454 1200 χιλίους
491 1132 540 1183 ἔς
578 1151 693 1179 τινα
735 1129 943 1196 λόχμην
989 1130 1287 1194 ἐνεδρεύσας
1325 1131 1669 1195 παροδεύουσι

253 1204 359 1250 τοῖς
384 1199 658 1263 Ῥωμαίοις
692 1199 920 1255 ἐπέθετο,
950 1199 1038 1247 καὶ
1075 1203 1165 1261 τῆς
1199 1199 1373 1263 μάχης
1412 1199 1496 1248 ἐπὶ
1534 1201 1670 1250 πολὺ

253 1271 579 1334 ἀγχωμάλου
619 1269 890 1330 γενομένης
930 1268 1134 1330 ἐκράτει
1175 1288 1230 1316 τε
1276 1271 1546 1328 λαμπρῶς,
1586 1271 1668 1317 καὶ

251 1335 521 1400 Ῥωμαίων
542 1339 643 1386 τῶν
662 1337 718 1399 ἐξ
738 1335 922 1389 ἄστεος
945 1336 1161 1385 ἔκτεινεν
1190 1336 1237 1389 ἐς
1265 1335 1668 1403 ἑξακισχιλίους,

255 1408 320 1457 ὡς
345 1407 477 1469 μέγα
505 1409 568 1470 τῇ
596 1404 749 1453 πόλει
774 1404 1017 1468 γενέσθαι
1043 1405 1099 1454 τὸ
1129 1405 1391 1471 ἀτύχημα.
1445 1406 1670 1455 ἀτάκτου

253 1474 307 1522 δὲ
349 1474 490 1538 αὐτῷ
535 1477 625 1535 τῆς
662 1472 877 1536 διώξεως
918 1473 1005 1522 ἐπὶ
1053 1478 1116 1537 τῇ
1153 1474 1265 1537 νίκῃ
1303 1474 1586 1535 γενομένης,
1625 1476 1672 1525 οἱ

254 1542 319 1593 τὰ
389 1541 684 1608 σκευοφόρα
744 1541 1009 1606 Ῥωμαίων
1070 1544 1437 1607 φυλάσσοντες
1499 1545 1670 1599 ἱππεῖς

254 1611 557 1676 ἐπέδραμον,
608 1612 695 1659 καὶ
759 1611 935 1675 Κάρον
997 1631 1051 1660 τε
1113 1611 1270 1659 αὐτὸν
1333 1611 1670 1674 ἀριστεύοντα

253 1680 487 1730 ἔκτειναν
524 1679 611 1728 καὶ
651 1678 851 1744 ἑτέρους
890 1679 1015 1745 ἀμφ᾽
1068 1680 1238 1736 αὐτόν,
1280 1681 1373 1728 οὐκ
1411 1681 1669 1735 ἐλάσσους

254 1749 340 1799 καὶ
369 1747 472 1797 οἵδε
499 1751 600 1797 τῶν
634 1747 1023 1814 ἑξακισχιλίων,
1048 1750 1202 1814 μέχρι
1244 1750 1338 1813 νὺξ
1373 1750 1670 1798 ἐπελθοῦσα

253 1816 504 1866 διέλυσεν.
600 1816 828 1880 ἐγίγνετο
880 1817 930 1865 δὲ
981 1818 1124 1866 ταῦθ᾽
1174 1817 1259 1867 ὅτε
1307 1819 1552 1881 Ῥωμαῖοι
1602 1824 1669 1883 τῷ

253 1887 532 1950 Ἡφαίστῳ
558 1884 651 1949 τὴν
677 1885 854 1950 ἑορτὴν
875 1885 1108 1948 ἄγουσιν˙
1139 1885 1252 1935 ὅθεν
1279 1885 1437 1939 οὐδεὶς
1464 1888 1524 1935 ἂν
1546 1887 1670 1936 ἑκὼν

253 1957 452 2020 ἄρξειεν
477 1956 534 2017 ἐξ
556 1953 750 2003 ἐκείνου
773 1954 947 2018 μάχης
973 1955 1116 2018 παρὰ
1144 1955 1291 2017 τήνδε
1317 1955 1410 2016 τὴν
1436 1955 1639 2020 ἡμέραν.

323 2029 399 2070 46.
439 2023 715 2086 Ἀρουακοὶ
757 2024 849 2086 μὲν
889 2024 977 2071 οὖν
1021 2025 1167 2076 εὐθὺς
1205 2025 1362 2084 αὐτῆς
1401 2026 1580 2079 νυκτὸς
1624 2026 1670 2080 ἐς

253 2090 572 2154 Νομαντίαν,
599 2091 629 2153 ἣ
660 2091 994 2153 δυνατωτάτη
1034 2092 1186 2144 πόλις
1211 2092 1287 2153 ἦν,
1316 2092 1668 2154 συνελέγοντο,

253 2161 342 2208 καὶ
369 2158 694 2224 στρατηγοὺς
728 2158 985 2224 Ἄμβωνα
1024 2161 1114 2209 καὶ
1155 2162 1400 2211 Λεύκωνα
1440 2163 1668 2225 ᾑροῦντο˙

255 2227 545 2287 Νωβελίων
607 2227 646 2276 δ᾽
708 2229 883 2282 αὐτοῖς
944 2229 1115 2287 τρισὶν
1186 2230 1395 2293 ἡμέραις
1457 2231 1669 2293 ὕστερον

253 2297 489 2346 ἐπελθὼν
560 2298 1150 2360 παρεστρατοπέδευσεν
1245 2299 1348 2346 ἀπὸ
1445 2299 1669 2349 σταδίων

254 2367 526 2429 τεσσάρων
586 2367 674 2413 καὶ
737 2367 945 2414 εἴκοσιν.
1021 2369 1452 2429 παραγενομένων
1512 2369 1563 2417 δέ
1625 2369 1668 2417 οἱ

256 2457 343 2496 208
