1747 2693
119 276 222 304 CAP.

136 316 185 343 IX

311 139 603 180 APPIAN'S
653 139 889 180 ROMAN
937 138 1246 190 HISTORY,
1292 138 1470 180 BOOK
1518 138 1582 180 VI

241 257 493 320 Νομάδων
533 257 733 306 ἱππέων
773 255 1101 320 τριακοσίων,
1129 258 1213 310 οὓς
1240 258 1648 320 Μασσανάσσης

238 325 542 390 ἐπεπόμφει,
594 325 681 374 καὶ
731 325 1025 390 ἐλεφάντων
1075 325 1211 383 δέκα,
1263 325 1356 386 τὴν
1406 326 1651 390 στρατιὰν

238 397 398 456 ἐπῆγε
459 398 565 446 τοῖς
625 395 908 456 πολεμίοις,
960 394 1098 456 ἄγων
1155 392 1324 441 ὀπίσω
1386 394 1450 441 τὰ
1498 395 1651 460 θηρία

235 463 579 511 λανθάνοντα.
654 462 741 509 καὶ
776 462 1044 523 γενομένης
1084 463 1133 511 ἐν
1172 464 1326 526 χερσὶ
1366 466 1454 524 τῆς
1478 464 1649 527 μάχης

237 531 285 579 οἱ
347 531 437 593 μὲν
496 531 671 593 ἄνδρες
732 530 1032 591 διέστησαν,
1096 531 1159 578 τὰ
1221 532 1273 578 δὲ
1334 532 1488 594 θηρία
1549 533 1648 594 ἐξε-

237 601 465 657 φαίνετο˙
529 599 615 644 καὶ
677 597 726 644 οἱ
784 597 1108 662 Κελτίβηρες
1158 597 1308 646 αὐτοί
1357 620 1411 647 τε
1468 602 1554 647 καὶ
1608 602 1649 648 οἱ

239 668 389 716 ἵπποι
440 671 587 732 σφῶν
638 667 695 714 οὐ
748 667 869 730 πρὶν
918 666 1194 730 ἑωρακότες
1256 668 1543 732 ἐλέφαντας
1603 670 1650 718 ἐν

236 735 482 798 πολέμοις
532 735 875 798 ἐθορυβοῦντο
919 735 1008 783 καὶ
1068 736 1388 798 κατέφευγον
1449 736 1497 788 ἐς
1559 736 1650 797 τὴν

234 803 407 852 πόλιν.
482 803 505 851 ὁ
534 803 585 851 δὲ
611 803 698 852 καὶ
731 806 835 854 τοῖς
875 802 1102 867 τείχεσιν
1142 804 1327 857 αὐτοὺς
1365 804 1539 867 ἐπῆγε,
1568 807 1650 854 καὶ

236 874 457 936 ἐμάχετο
498 871 754 930 γενναίως,
800 872 954 936 μέχρι
995 873 1094 919 τῶν
1135 874 1430 936 ἐλεφάντων
1480 894 1553 924 τις
1605 875 1651 926 ἐς

237 940 327 1003 τὴν
353 940 590 1003 κεφαλὴν
616 939 747 1003 λίθῳ
772 941 981 1003 μεγάλῳ
1024 941 1410 990 καταπίπτοντι
1436 942 1652 1004 πληγεὶς

235 1010 463 1071 ἠγριώθη
492 1029 561 1064 τε,
582 1009 670 1057 καὶ
697 1009 959 1071 ἐκβοήσας
979 1008 1226 1070 μέγιστον
1253 1010 1300 1062 ἐς
1327 1009 1442 1062 τοὺς
1470 1008 1650 1074 φίλους

237 1079 598 1142 ἐπεστρέφετο,
620 1078 708 1125 καὶ
729 1078 901 1142 ἀνῄρει
928 1077 1014 1125 τὸν
1041 1078 1091 1126 ἐν
1110 1076 1282 1133 ποσίν,
1304 1078 1360 1126 οὐ
1381 1077 1651 1142 διακρίνων

236 1146 310 1194 ἔτι
351 1145 525 1210 φίλιον
565 1145 596 1206 ἢ
639 1146 905 1209 πολέμιον.
980 1147 1034 1193 οἵ
1070 1166 1124 1193 τε
1174 1148 1329 1194 ἄλλοι
1380 1149 1652 1212 ἐλέφαντες

235 1214 363 1278 πρὸς
412 1214 502 1275 τὴν
563 1213 756 1262 ἐκείνου
814 1214 947 1274 βοὴν
1007 1215 1441 1278 διαταραχθέντες
1501 1217 1651 1278 ὅμοια

237 1283 424 1332 πάντες
452 1283 621 1346 ἔδρων,
651 1282 739 1330 καὶ
775 1282 891 1334 τοὺς
916 1281 1200 1345 Ῥωμαίους
1238 1283 1562 1332 συνεπάτουν
1601 1306 1652 1333 τε

234 1350 321 1398 καὶ
343 1350 611 1413 ἀνέτεμνον
634 1350 722 1399 καὶ
747 1349 1102 1413 ἀνερρίπτουν.
1164 1351 1293 1413 ὅπερ
1319 1352 1398 1399 ἀεὶ
1426 1352 1647 1413 θορυβη-

236 1419 405 1470 θέντες
435 1419 483 1467 οἱ
509 1419 785 1483 ἐλέφαντες
812 1420 1024 1468 εἰώθασι
1062 1421 1310 1483 πάσχειν,
1339 1421 1426 1469 καὶ
1451 1421 1647 1474 πάντας

233 1489 476 1547 ἡγεῖσθαι
538 1486 831 1548 πολεμίους˙
896 1486 986 1535 καί
1045 1509 1172 1540 τινες
1235 1486 1316 1536 διὰ
1367 1488 1513 1550 τήνδε
1561 1489 1650 1551 τὴν

232 1556 487 1604 ἀπιστίαν
507 1556 693 1608 αὐτοὺς
712 1559 938 1605 καλοῦσι
956 1558 1151 1607 κοινοὺς
1179 1559 1472 1619 πολεμίους.
1513 1560 1650 1622 φυγὴ

231 1625 320 1673 οὖν
347 1628 447 1672 τῶν
461 1622 731 1687 Ῥωμαίων
755 1623 984 1687 ἐγίγνετο
1011 1624 1251 1678 ἄτακτος˙
1286 1625 1346 1685 ἣν
1375 1625 1422 1673 οἱ
1446 1629 1649 1690 Νομαν-

232 1696 360 1740 τῖνοι
407 1693 699 1743 κατιδόντες
739 1693 842 1741 ἀπὸ
895 1696 993 1742 τῶν
1043 1695 1227 1758 τειχῶν
1277 1693 1525 1755 ἐξέθορον,
1564 1696 1646 1744 καὶ

232 1761 497 1812 διώκοντες
530 1761 756 1810 ἔκτειναν
795 1761 981 1825 ἄνδρας
1006 1762 1097 1824 μὲν
1123 1762 1169 1814 ἐς
1196 1762 1648 1829 τετρακισχιλίους

233 1830 522 1892 ἐλέφαντας
564 1830 616 1878 δὲ
657 1833 804 1892 τρεῖς,
832 1830 977 1879 ὅπλα
1016 1851 1070 1878 τε
1110 1831 1290 1878 πολλὰ
1333 1831 1421 1880 καὶ
1464 1838 1647 1894 σημεῖα

231 1898 447 1957 ἔλαβον.
525 1899 870 1961 Κελτιβήρων
896 1898 948 1947 δὲ
980 1898 1239 1947 ἀπέθανον
1265 1900 1313 1951 ἐς
1340 1899 1646 1964 δισχιλίους.

301 1971 375 2013 47.
420 1967 523 2014 Καὶ
550 1966 572 2014 ὁ
602 1966 892 2027 Νωβελίων
917 1967 1099 2031 μικρὸν
1121 1968 1174 2015 ἐκ
1203 1971 1292 2015 τοῦ
1318 1967 1648 2031 πταίσματος

230 2035 529 2096 ἀναλαβών,
557 2035 719 2100 ἀγορᾷ
745 2035 836 2099 μέν
861 2057 960 2083 τινι
986 2038 1087 2084 τῶν
1113 2035 1375 2099 πολεμίων
1401 2037 1648 2102 ἐπεχείρει

230 2104 346 2167 περὶ
416 2103 664 2166 Ἀξείνιον
735 2103 892 2153 πόλιν
957 2107 1330 2167 σεσωρευμένῃ,
1394 2104 1537 2154 οὐδὲν
1599 2106 1648 2155 δὲ

231 2172 440 2226 ἀνύσας,
505 2172 646 2219 ἀλλὰ
715 2173 983 2220 κἀνταῦθα
1047 2174 1279 2225 πολλοὺς
1341 2174 1648 2231 ἀποβαλών,

230 2241 491 2302 ἐπανῆλθε
513 2241 693 2293 νυκτὸς
718 2241 766 2293 ἐς
794 2241 850 2289 τὸ
879 2241 1249 2304 στρατόπεδον.
1301 2241 1416 2289 ὅθεν
1435 2241 1647 2304 Βιήσιον

232 2308 500 2373 ἵππαρχον
543 2308 626 2357 ἐπὶ
668 2309 974 2373 συμμαχίαν
1015 2309 1062 2362 ἔς
1106 2331 1155 2358 τι
1194 2313 1481 2368 γειτονεῦον
1508 2311 1645 2364 ἔθνος

228 2376 471 2439 ἔπεμπεν,
523 2377 723 2424 ἱππέων
772 2377 1017 2440 δεόμενος.
1089 2377 1138 2425 οἱ
1187 2377 1238 2424 δὲ
1299 2377 1645 2444 συνέπεμψαν

230 2481 317 2509 210
