1747 2693
120 244 221 273 CAP.

137 284 183 311 IX

312 107 607 147 APPIAN'S
657 107 890 148 ROMAN
942 106 1249 160 HISTORY,
1296 106 1472 149 BOOK
1525 105 1584 147 VI

241 229 379 292 αὐτῷ
429 228 568 281 τινὰς
617 227 823 283 ἱππέας,
875 227 959 280 οὓς
1010 227 1313 293 ἐρχομένους
1362 228 1562 294 ἐλόχων
1615 228 1660 277 οἱ

244 299 582 359 Κελτίβηρες.
655 297 742 343 καὶ
787 299 876 357 τῆς
916 295 1118 359 ἐνέδρας
1145 295 1451 359 ἐκφανείσης
1492 297 1538 344 οἱ
1572 297 1659 359 μὲν

242 365 515 428 σύμμαχοι
559 364 923 429 διεδίδρασκον,
965 363 988 412 ὁ
1031 363 1084 413 δὲ
1124 366 1333 425 Βιήσιος
1373 363 1658 428 μαχόμενος

243 433 397 487 αὐτός
437 453 492 481 τε
535 433 622 481 καὶ
662 433 757 481 σὺν
802 433 940 496 αὐτῷ
980 433 1175 481 πολλοὶ
1223 431 1489 495 Ῥωμαίων
1541 433 1662 481 ἀπέ-

246 504 417 550 θανον.
504 504 738 566 συνεχῶν
774 501 826 549 δὲ
863 501 1070 549 τοιῶνδε
1108 501 1452 564 πταισμάτων
1490 501 1662 553 αὐτοῖς

245 569 657 633 ἐπιγιγνομένων,
695 568 847 622 πόλις
879 569 1104 626 Ὄκιλις,
1147 570 1267 617 ἔνθα
1308 570 1337 630 ἡ
1378 571 1541 632 ἀγορὰ
1578 571 1663 619 καὶ

245 637 309 685 τὰ
352 637 599 704 χρήματα
649 638 710 700 ἦν
753 637 817 685 τὰ
855 636 1137 700 Ῥωμαίων,
1180 638 1419 701 μετέθετο
1461 639 1507 690 ἐς
1549 638 1663 692 τοὺς

246 705 596 768 Κελτίβηρας.
670 705 758 754 καὶ
797 706 819 753 ὁ
859 706 1152 763 Νωβελίων
1190 707 1427 755 ἀπιστῶν
1466 707 1663 757 ἅπασιν

246 775 295 822 ἐν
357 777 427 838 τῷ
501 773 838 838 στρατοπέδῳ
904 773 1206 838 διεχείμαζε,
1276 778 1538 838 στεγάσας
1603 779 1665 829 ὡς

246 842 474 900 ἐδύνατο,
519 843 607 892 καὶ
648 842 739 902 τὴν
781 842 975 904 ἀγορὰν
1014 842 1148 906 ἔχων
1191 842 1345 900 ἔνδον,
1390 844 1475 892 καὶ
1513 865 1665 893 κακο-

245 911 430 960 παθῶν
479 911 634 972 αὐτῆς
685 932 738 959 τε
786 915 875 972 τῆς
923 911 1113 974 ἀγορᾶς
1161 917 1222 974 τῇ
1273 911 1541 974 ὀλιγότητι
1579 916 1665 961 καὶ

246 984 454 1044 νιφετοῦ
490 979 775 1041 πυκνότητι
813 979 900 1027 καὶ
941 980 1121 1044 κρύους
1158 981 1505 1043 χαλεπότητι,
1533 981 1665 1031 ὥστε

245 1048 440 1095 πολλοὶ
478 1051 578 1095 τῶν
617 1051 951 1112 στρατιωτῶν
990 1048 1037 1095 οἱ
1072 1048 1162 1111 μὲν
1200 1050 1251 1097 ἐν
1289 1053 1394 1102 τοῖς
1420 1054 1665 1113 φρυγανι-

246 1120 412 1180 σμοῖς,
433 1116 477 1164 οἱ
506 1116 558 1164 δὲ
583 1117 672 1165 καὶ
699 1116 838 1165 ἔνδον
867 1117 964 1163 ὑπὸ
996 1118 1344 1182 στενοχωρίας
1372 1119 1459 1165 καὶ
1487 1119 1665 1183 κρύους

247 1185 585 1231 ἀπώλλυντο.

318 1259 393 1300 48.
434 1254 538 1300 Τοῦ
572 1252 612 1300 δ᾽
653 1253 885 1305 ἐπιόντος
925 1254 1065 1305 ἔτους
1101 1255 1415 1310 Νωβελίωνι
1453 1256 1546 1316 μὲν
1583 1256 1666 1304 ἐπὶ

250 1320 340 1382 τὴν
396 1321 720 1383 στρατηγίαν
770 1322 1063 1384 ἀφικνεῖται
1115 1322 1355 1388 διάδοχος
1408 1323 1667 1377 Κλαύδιος

250 1391 583 1453 Μάρκελλος,
645 1390 784 1452 ἄγων
842 1390 1024 1449 πεζοὺς
1097 1390 1525 1453 ὀκτακισχιλίους
1583 1395 1668 1442 καὶ

250 1457 441 1506 ἱππέας
469 1458 862 1510 πεντακοσίους:
900 1459 1183 1523 λοχώντων
1209 1459 1263 1508 δὲ
1288 1460 1372 1509 καὶ
1401 1460 1544 1509 τόνδε
1570 1465 1669 1510 τῶν

249 1525 513 1588 πολεμίων
567 1527 743 1588 διῆλθε
800 1528 1228 1590 πεφυλαγμένως,
1275 1529 1361 1577 καὶ
1403 1530 1667 1590 σύμπαντι

250 1597 320 1659 τῷ
361 1599 571 1659 στρατῷ
611 1594 754 1659 παρὰ
795 1594 886 1658 τὴν
918 1595 1131 1644 Ὄκιλιν
1182 1597 1666 1661 ἐστρατοπέδευσεν.

249 1662 503 1728 ἐπιτυχὴς
552 1664 602 1711 δὲ
654 1663 718 1711 τὰ
757 1664 986 1724 πολέμια
1031 1663 1098 1712 ὢν
1141 1664 1232 1724 τὴν
1278 1663 1433 1715 πόλιν
1484 1666 1668 1715 αὐτίκα

249 1732 644 1796 παρεστήσατο,
675 1733 760 1780 καὶ
799 1734 1110 1795 συγγνώμην
1136 1735 1336 1789 ἔδωκεν,
1364 1736 1531 1799 ὅμηρά
1558 1758 1664 1785 τινα

250 1800 338 1847 καὶ
379 1800 623 1865 ἀργυρίου
657 1802 892 1849 τάλαντα
930 1804 1206 1865 τριάκοντα
1252 1806 1451 1861 λαβών.
1541 1807 1667 1868 Νερ-

248 1868 491 1931 γόβριγες
530 1869 584 1918 δὲ
620 1869 780 1917 αὐτοῦ
817 1869 936 1933 περὶ
973 1869 1129 1931 τῆσδε
1158 1875 1246 1932 τῆς
1269 1872 1667 1934 μετριοπαθείας

249 1936 545 2000 πυθόμενοι,
588 1937 895 2002 πέμψαντες
938 1938 1147 2002 ἠρώτων
1188 1938 1238 1987 τί
1276 1940 1337 1987 ἂν
1380 1941 1666 2003 πράξαντες

250 2005 447 2069 εἰρήνης
468 2005 779 2070 ἐπιτύχοιεν.
853 2007 918 2058 ὡς
944 2006 995 2054 δὲ
1021 2005 1207 2058 αὐτοὺς
1233 2007 1463 2057 ἐκέλευεν
1489 2009 1667 2058 ἑκατὸν

249 2074 441 2122 ἱππέας
502 2074 674 2123 δοῦναι
732 2076 1237 2137 συστρατεύσοντας,
1296 2078 1342 2124 οἱ
1401 2078 1492 2138 μὲν
1552 2079 1663 2127 ὑπι-

249 2147 504 2206 σχνοῦντο
578 2143 776 2199 δώσειν,
838 2144 975 2191 κατὰ
1047 2144 1086 2191 δ᾽
1149 2145 1284 2193 ἄλλο
1347 2146 1495 2209 μέρος
1563 2152 1666 2199 τοῖς

249 2212 561 2275 οὐραγοῦσιν
622 2211 916 2260 ἐπετίθεντο
966 2213 1053 2260 καὶ
1103 2216 1203 2260 τῶν
1253 2213 1580 2277 σκευοφόρων
1620 2238 1663 2264 τι

247 2278 561 2342 περιέσπων.
642 2278 733 2329 εἶτ᾽
783 2279 1029 2345 ἀφίκοντο
1080 2281 1195 2334 τοὺς
1245 2282 1429 2330 ἑκατὸν
1477 2283 1661 2336 ἱππέας

246 2345 455 2408 ἄγοντες
492 2349 556 2399 ὡς
593 2350 650 2409 δὴ
690 2351 825 2395 κατὰ
865 2352 921 2395 τὸ
961 2353 1305 2410 συγκείμενον,
1344 2355 1460 2414 περί
1488 2372 1541 2398 τε
1567 2356 1662 2400 τῶν

249 2451 334 2478 212
