<?xml version="1.0" encoding="UTF-8"?>
<PcGts xmlns:xsi="http://www.w3.org/2001/XMLSchema-instance" xmlns="http://schema.primaresearch.org/PAGE/gts/pagecontent/2013-07-15" xsi:schemaLocation="http://schema.primaresearch.org/PAGE/gts/pagecontent/2013-07-15 http://schema.primaresearch.org/PAGE/gts/pagecontent/2013-07-15/pagecontent.xsd">
	<Metadata>
		<Creator/>
		<Created>2014-06-09T04:00:57</Created>
		<LastChange>2014-06-09T04:00:57</LastChange>
	</Metadata>
	<Page imageFilename="0230.jpg" imageWidth="1747" imageHeight="2693">
		<TextRegion type="paragraph" id="r1">
			<Coords points="100,231 206,232 208,326 126,320 95,289"/>
			<TextLine id="r37">
				<Coords points="120,238 183,238 183,239 187,239 187,240 189,240 189,241 190,241 190,247 191,247 191,253 192,253 192,261 200,261 200,266 181,266 181,267 116,267 116,266 114,266 114,265 113,265 113,264 112,264 112,263 111,263 111,262 110,262 110,261 109,261 109,260 108,260 108,252 107,252 108,252 108,244 109,244 109,242 110,242 110,241 112,241 112,240 114,240 114,239 116,239 116,238 120,238 120,237"/>
				<Word id="r1000">
					<Coords points="116,238 182,238 186,239 188,240 189,246 189,252 202,260 207,270 180,265 115,265 111,262 108,243 109,241 113,239 115,239"/>
					<TextEquiv>
						<Unicode>CAP.</Unicode>
					</TextEquiv>
				</Word>
				<TextEquiv>
					<Unicode>CAP.</Unicode>
				</TextEquiv>
			</TextLine>
			<TextLine id="r38">
				<Coords points="179,278 179,279 180,279 180,306 131,306 131,304 133,304 133,280 135,280 135,279 171,279 171,278"/>
				<Word id="r1001">
					<Coords points="174,278 179,279 179,305 131,304 132,303 133,280 135,279 170,279"/>
					<TextEquiv>
						<Unicode>IX</Unicode>
					</TextEquiv>
				</Word>
				<TextEquiv>
					<Unicode>IX</Unicode>
				</TextEquiv>
			</TextLine>
		</TextRegion>
		<TextRegion type="paragraph" id="r2">
			<Coords points="304,86 217,234 216,2511 1688,2517 1682,65 1119,54"/>
			<TextLine id="r101">
				<Coords points="1283,93 1544,84 1590,100 1595,105 1597,124 1596,126 1590,127 1589,139 1401,136 1393,138 1235,141 1230,145 1224,148 1220,146 306,142 299,141 301,137 304,133 306,130 307,125 311,117 312,114 313,112 314,109 315,107 316,103 317,100 986,95 1020,94 1282,94"/>
				<Word id="r1002">
					<Coords points="590,98 591,100 591,121 592,124 592,132 591,135 590,137 588,138 585,140 305,141 299,140 302,137 306,129 307,125 309,121 310,118 313,112 314,109 315,107 316,103 317,100 589,99"/>
					<TextEquiv>
						<Unicode>APPIAN&apos;S</Unicode>
					</TextEquiv>
				</Word>
				<Word id="r1003">
					<Coords points="862,96 879,97 875,100 872,118 872,137 853,138 740,139 709,140 699,140 656,139 642,138 643,136 643,98 861,97"/>
					<TextEquiv>
						<Unicode>ROMAN</Unicode>
					</TextEquiv>
				</Word>
				<Word id="r1004">
					<Coords points="1021,94 1021,95 1218,95 1217,95 1217,96 1216,96 1216,97 1213,97 1213,98 1212,98 1212,101 1211,101 1211,102 1210,102 1210,103 1209,103 1209,105 1208,105 1208,106 1207,106 1207,121 1206,121 1206,127 1231,127 1231,128 1233,128 1233,129 1234,129 1234,134 1235,134 1235,137 1234,137 1234,140 1233,140 1233,141 1232,141 1232,142 1231,142 1231,143 1229,143 1229,144 1227,144 1227,145 1225,145 1225,146 1225,145 1222,145 1223,145 1223,143 1224,143 1224,142 1225,142 1225,137 1112,137 1112,138 1112,137 927,137 927,135 928,135 928,96 1020,96 1020,95 1021,95"/>
					<TextEquiv>
						<Unicode>HISTORY,</Unicode>
					</TextEquiv>
				</Word>
				<Word id="r1006">
					<Coords points="1283,93 1458,93 1460,132 1460,135 1396,136 1392,137 1335,137 1282,136 1281,132 1282,94"/>
					<TextEquiv>
						<Unicode>BOOK</Unicode>
					</TextEquiv>
				</Word>
				<Word id="r1007">
					<Coords points="1536,93 1569,93 1572,94 1572,134 1558,135 1525,135 1522,129 1521,125 1520,122 1519,120 1514,105 1513,103 1510,98 1508,94 1535,94"/>
					<TextEquiv>
						<Unicode>VI</Unicode>
					</TextEquiv>
				</Word>
				<TextEquiv>
					<Unicode>APPIAN&apos;S ROMAN HISTORY, BOOK VI</Unicode>
				</TextEquiv>
			</TextLine>
			<TextLine id="r102">
				<Coords points="1334,213 1337,215 1583,217 1586,219 1588,220 1651,236 1661,240 1660,243 1659,247 1657,251 1655,254 1652,257 1649,259 1647,260 1644,262 1641,263 1639,264 1470,265 1457,278 598,281 517,283 388,283 376,271 237,270 231,267 228,263 228,254 229,252 231,250 235,244 239,223 242,222 1332,214"/>
				<Word id="r1008">
					<Coords points="243,222 302,223 303,226 305,230 306,233 308,237 310,258 313,261 312,264 311,266 308,270 236,269 230,266 228,263 228,254 229,252 231,249 236,244 239,223 242,223"/>
					<TextEquiv>
						<Unicode>ἐπὶ</Unicode>
					</TextEquiv>
				</Word>
				<Word id="r1009">
					<Coords points="390,225 394,226 415,242 422,243 424,244 427,249 425,252 423,253 422,269 421,272 418,273 416,274 396,275 395,279 394,281 388,282 376,270 348,269 348,262 339,250 340,245 341,244 343,243 366,243 382,227 385,226"/>
					<TextEquiv>
						<Unicode>τῆς</Unicode>
					</TextEquiv>
				</Word>
				<Word id="r1010">
					<Coords points="628,220 656,239 664,240 690,240 693,242 695,246 695,248 691,249 690,265 688,269 685,271 683,272 607,272 598,280 597,281 517,281 513,282 500,269 460,268 457,266 455,263 454,260 454,251 455,249 458,245 462,242 465,241 474,241 494,221 625,221"/>
					<TextEquiv>
						<Unicode>οὐραγίας</Unicode>
					</TextEquiv>
				</Word>
				<Word id="r1011">
					<Coords points="899,218 921,237 1001,238 1002,241 1002,245 1001,248 999,252 990,261 988,262 985,264 983,265 982,266 907,266 856,267 843,280 732,279 732,268 721,256 720,253 719,248 720,244 723,241 727,239 771,238 876,238"/>
					<TextEquiv>
						<Unicode>γενομένων</Unicode>
					</TextEquiv>
				</Word>
				<Word id="r1012">
					<Coords points="1060,216 1082,236 1175,236 1211,237 1213,238 1214,242 1213,246 1210,252 1207,256 1205,258 1202,260 1198,263 1196,264 1193,265 1191,266 1154,266 1139,279 1124,266 1046,265 1042,264 1040,263 1038,261 1036,257 1035,252 1036,248 1038,244 1040,237 1041,225 1042,218 1054,217 1059,217"/>
					<TextEquiv>
						<Unicode>ἔλεγον</Unicode>
					</TextEquiv>
				</Word>
				<Word id="r1013">
					<Coords points="1333,214 1363,236 1372,237 1376,239 1378,243 1376,246 1374,247 1373,262 1371,266 1365,268 1362,267 1250,264 1249,257 1240,244 1241,238 1243,237 1309,237"/>
					<TextEquiv>
						<Unicode>τινὰς</Unicode>
					</TextEquiv>
				</Word>
				<Word id="r1014">
					<Coords points="1423,216 1428,217 1582,217 1585,219 1587,220 1603,236 1619,236 1637,249 1642,250 1642,252 1640,253 1614,255 1611,258 1608,259 1606,261 1602,262 1599,263 1470,264 1454,278 1439,264 1414,263 1409,262 1406,260 1405,255 1406,252 1407,250 1409,245 1410,242 1419,233 1419,217"/>
					<TextEquiv>
						<Unicode>ἀγνοοῦν-</Unicode>
					</TextEquiv>
				</Word>
				<TextEquiv>
					<Unicode>ἐπὶ τῆς οὐραγίας γενομένων ἔλεγον τινὰς ἀγνοοῦν-</Unicode>
				</TextEquiv>
			</TextLine>
			<TextLine id="r103">
				<Coords points="1250,282 1606,282 1629,305 1645,308 1644,313 1643,315 1639,321 1636,324 1628,330 1626,331 1607,331 1572,332 1558,345 1557,346 522,350 517,346 302,341 237,338 237,331 229,322 228,318 232,313 234,312 390,310 412,288 778,286 782,284 1248,284"/>
				<Word id="r1015">
					<Coords points="312,311 315,312 318,314 319,321 316,322 315,335 314,339 309,341 304,340 261,338 237,334 229,322 228,319 232,313 233,312 311,312"/>
					<TextEquiv>
						<Unicode>τας</Unicode>
					</TextEquiv>
				</Word>
				<Word id="r1016">
					<Coords points="413,288 417,290 418,293 422,301 423,305 429,318 433,328 431,332 428,336 426,337 378,337 378,329 369,317 370,313 372,311 389,311"/>
					<TextEquiv>
						<Unicode>τὰ</Unicode>
					</TextEquiv>
				</Word>
				<Word id="r1017">
					<Coords points="783,284 806,307 846,307 849,321 850,325 846,329 842,332 797,333 779,334 741,335 727,349 520,349 508,337 486,336 484,335 483,334 482,332 480,326 481,321 482,318 484,315 497,299 498,294 501,290 777,287 782,285"/>
					<TextEquiv>
						<Unicode>ὡμολογημένα</Unicode>
					</TextEquiv>
				</Word>
				<Word id="r1018">
					<Coords points="922,285 925,286 927,287 1111,287 1113,288 1116,289 1138,306 1144,307 1145,311 1159,327 1157,332 1026,333 1011,348 935,348 912,332 903,331 901,328 900,325 901,320 902,317 904,313 916,295 918,286 919,286"/>
					<TextEquiv>
						<Unicode>ἁμαρτεῖν.</Unicode>
					</TextEquiv>
				</Word>
				<Word id="r1019">
					<Coords points="1253,282 1258,283 1258,324 1255,329 1251,331 1247,332 1244,332 1241,331 1238,328 1237,326 1236,319 1237,313 1238,310 1243,306 1246,305 1248,304 1248,284 1249,283"/>
					<TextEquiv>
						<Unicode>ὁ</Unicode>
					</TextEquiv>
				</Word>
				<Word id="r1020">
					<Coords points="1314,283 1346,283 1348,286 1350,290 1351,293 1352,295 1353,298 1355,305 1357,308 1356,312 1355,330 1349,333 1314,332 1308,328 1306,325 1305,320 1305,317 1307,313 1309,311 1311,285 1313,284"/>
					<TextEquiv>
						<Unicode>δὲ</Unicode>
					</TextEquiv>
				</Word>
				<Word id="r1021">
					<Coords points="1472,283 1499,304 1505,305 1509,306 1513,311 1511,314 1509,315 1508,329 1506,333 1503,336 1496,334 1439,331 1406,327 1397,311 1398,307 1399,305 1401,304 1450,304"/>
					<TextEquiv>
						<Unicode>τοὺς</Unicode>
					</TextEquiv>
				</Word>
				<Word id="r1022">
					<Coords points="1603,282 1630,306 1639,308 1643,311 1642,314 1638,320 1634,324 1630,327 1627,330 1606,330 1571,331 1555,345 1554,342 1556,338 1557,332 1558,329 1561,317 1562,315 1563,310 1564,307 1565,305 1579,305"/>
					<TextEquiv>
						<Unicode>μὲν</Unicode>
					</TextEquiv>
				</Word>
				<TextEquiv>
					<Unicode>τας τὰ ὡμολογημένα ἁμαρτεῖν. ὁ δὲ τοὺς μὲν</Unicode>
				</TextEquiv>
			</TextLine>
			<TextLine id="r104">
				<Coords points="1059,350 1061,351 1537,353 1541,355 1558,372 1642,373 1648,375 1650,379 1650,386 1649,392 1646,396 1643,398 1641,399 1638,405 1281,400 1275,404 839,406 838,408 837,409 756,412 745,411 239,407 235,406 231,403 229,391 231,387 234,383 237,365 239,361 241,359 1036,352 1055,351 1057,351"/>
				<Word id="r1023">
					<Coords points="367,358 391,379 412,379 413,382 413,385 412,388 410,392 407,396 402,401 398,404 393,406 391,407 238,406 234,405 231,403 229,396 229,391 231,387 234,383 237,365 238,362 239,360 241,359 363,359"/>
					<TextEquiv>
						<Unicode>ἑκατὸν</Unicode>
					</TextEquiv>
				</Word>
				<Word id="r1024">
					<Coords points="575,357 597,376 631,376 634,377 637,379 638,385 634,386 632,405 627,407 624,406 454,403 452,399 452,394 453,391 455,387 456,380 457,378 458,359 459,358 572,358"/>
					<TextEquiv>
						<Unicode>ἱππέας</Unicode>
					</TextEquiv>
				</Word>
				<Word id="r1025">
					<Coords points="713,355 717,356 719,357 723,360 739,375 826,376 828,380 842,394 843,399 840,405 837,407 836,409 755,410 749,411 741,403 684,402 681,400 679,397 678,394 679,387 683,381 684,368 690,358 704,356"/>
					<TextEquiv>
						<Unicode>ἔδησε,</Unicode>
					</TextEquiv>
				</Word>
				<Word id="r1026">
					<Coords points="948,353 975,374 982,375 984,376 988,381 986,384 984,392 982,402 976,405 970,402 881,401 881,394 873,385 872,382 873,379 875,376 893,375 925,375"/>
					<TextEquiv>
						<Unicode>τοὺς</Unicode>
					</TextEquiv>
				</Word>
				<Word id="r1027">
					<Coords points="1058,351 1062,352 1065,354 1065,359 1064,363 1062,365 1056,367 1052,368 1051,391 1048,397 1042,400 1036,400 1030,397 1028,394 1027,391 1027,386 1028,383 1030,380 1032,357 1034,354 1036,352 1055,352"/>
					<TextEquiv>
						<Unicode>δ᾽</Unicode>
					</TextEquiv>
				</Word>
				<Word id="r1028">
					<Coords points="1116,352 1137,372 1240,372 1281,373 1284,375 1286,378 1286,382 1284,383 1282,391 1280,400 1276,402 1273,404 1269,401 1099,400 1097,399 1096,397 1097,357 1098,354 1101,353 1115,353"/>
					<TextEquiv>
						<Unicode>ἵππους</Unicode>
					</TextEquiv>
				</Word>
				<Word id="r1029">
					<Coords points="1376,353 1381,354 1448,354 1452,356 1468,372 1491,372 1492,375 1491,380 1487,388 1484,391 1481,393 1478,396 1474,398 1470,399 1328,398 1325,396 1324,392 1324,386 1327,380 1329,377 1335,373 1338,372 1353,372"/>
					<TextEquiv>
						<Unicode>αὐτῶν</Unicode>
					</TextEquiv>
				</Word>
				<Word id="r1030">
					<Coords points="1534,353 1537,354 1539,355 1558,373 1618,373 1637,386 1643,389 1620,390 1617,395 1614,397 1612,398 1521,398 1520,397 1518,394 1517,390 1518,386 1519,383 1521,380 1532,361"/>
					<TextEquiv>
						<Unicode>ἀπο-</Unicode>
					</TextEquiv>
				</Word>
				<TextEquiv>
					<Unicode>ἑκατὸν ἱππέας ἔδησε, τοὺς δ᾽ ἵππους αὐτῶν ἀπο-</Unicode>
				</TextEquiv>
			</TextLine>
			<TextLine id="r105">
				<Coords points="1388,418 1577,418 1606,440 1614,441 1647,441 1648,444 1647,449 1646,452 1645,454 1642,458 1639,461 1637,462 1635,464 1632,465 1628,467 1411,468 1398,481 1122,482 1119,484 290,486 272,476 266,475 236,474 234,473 231,472 229,469 228,466 228,460 231,454 234,430 235,427 237,426 276,425 1387,419"/>
				<Word id="r1031">
					<Coords points="278,425 280,426 302,447 425,447 428,448 431,450 432,453 431,455 428,456 426,473 424,476 422,477 421,478 293,481 288,485 272,475 265,474 235,473 231,471 230,470 229,468 228,463 229,459 230,457 234,452 234,429 235,427 237,426 276,426"/>
					<TextEquiv>
						<Unicode>δόμενος</Unicode>
					</TextEquiv>
				</Word>
				<Word id="r1032">
					<Coords points="554,425 557,426 558,429 563,439 564,459 567,463 564,468 560,472 481,472 481,470 482,466 483,463 484,461 485,457 486,452 488,448 504,446 532,446"/>
					<TextEquiv>
						<Unicode>καὶ</Unicode>
					</TextEquiv>
				</Word>
				<Word id="r1033">
					<Coords points="657,423 661,424 665,432 667,437 668,442 673,451 674,456 673,460 670,466 665,471 626,470 626,461 617,451 618,449 620,446 627,445"/>
					<TextEquiv>
						<Unicode>τὸ</Unicode>
					</TextEquiv>
				</Word>
				<Word id="r1034">
					<Coords points="838,422 862,443 897,443 898,447 898,450 897,453 895,456 892,460 886,466 880,469 879,470 784,470 780,471 778,471 773,470 732,469 729,458 726,450 728,447 741,445 778,444 780,444 801,423 835,423"/>
					<TextEquiv>
						<Unicode>πεδίον</Unicode>
					</TextEquiv>
				</Word>
				<Word id="r1035">
					<Coords points="1241,420 1265,442 1294,442 1295,446 1293,452 1290,456 1282,464 1277,467 1274,468 1273,469 1201,469 1190,480 1122,481 1119,483 1117,484 1103,470 946,468 950,456 951,454 952,450 954,444 955,443 992,442 1074,442 1094,422 1096,421 1238,421"/>
					<TextEquiv>
						<Unicode>καταδραμὼν</Unicode>
					</TextEquiv>
				</Word>
				<Word id="r1036">
					<Coords points="1389,418 1412,440 1436,440 1437,444 1437,446 1433,454 1432,457 1429,459 1427,461 1423,463 1421,465 1418,466 1402,468 1400,473 1399,476 1398,480 1394,481 1381,468 1354,467 1354,460 1345,447 1346,443 1349,441 1365,441"/>
					<TextEquiv>
						<Unicode>τὴν</Unicode>
					</TextEquiv>
				</Word>
				<Word id="r1037">
					<Coords points="1575,418 1577,419 1600,441 1646,441 1646,444 1645,449 1644,452 1642,455 1639,459 1635,462 1627,466 1497,467 1495,430 1494,427 1498,426 1567,426"/>
					<TextEquiv>
						<Unicode>λείαν</Unicode>
					</TextEquiv>
				</Word>
				<TextEquiv>
					<Unicode>δόμενος καὶ τὸ πεδίον καταδραμὼν τὴν λείαν</Unicode>
				</TextEquiv>
			</TextLine>
			<TextLine id="r106">
				<Coords points="1649,484 1651,485 1650,510 1649,511 1648,531 1645,532 1617,536 1449,537 1434,552 964,553 960,554 477,556 475,557 470,558 456,544 239,543 235,542 233,541 232,540 230,537 229,531 230,525 232,522 233,521 233,500 235,496 1646,486"/>
				<Word id="r1038">
					<Coords points="239,496 244,497 246,498 317,498 321,500 332,502 335,503 347,515 381,515 383,516 383,522 382,540 379,542 378,543 238,542 234,541 231,539 229,536 229,530 232,521 233,500 234,498"/>
					<TextEquiv>
						<Unicode>διεῖλε</Unicode>
					</TextEquiv>
				</Word>
				<Word id="r1039">
					<Coords points="480,497 485,498 489,502 490,508 494,517 496,521 497,525 496,529 495,532 489,539 486,540 482,541 478,555 475,556 471,557 445,541 437,537 428,522 429,517 430,516 432,515 459,515"/>
					<TextEquiv>
						<Unicode>τῷ</Unicode>
					</TextEquiv>
				</Word>
				<Word id="r1040">
					<Coords points="732,494 740,503 762,530 763,535 761,541 757,545 755,546 754,547 729,547 728,553 612,554 608,555 593,540 547,539 541,536 540,534 539,528 540,525 542,521 544,519 548,516 550,515 556,514 561,513 709,512 725,496 727,495"/>
					<TextEquiv>
						<Unicode>στρατῷ,</Unicode>
					</TextEquiv>
				</Word>
				<Word id="r1041">
					<Coords points="862,492 866,493 868,497 869,500 871,504 872,507 873,525 876,528 875,531 869,538 868,539 792,536 793,532 795,527 799,515 801,512 839,511 841,511"/>
					<TextEquiv>
						<Unicode>καὶ</Unicode>
					</TextEquiv>
				</Word>
				<Word id="r1042">
					<Coords points="971,494 976,495 980,498 981,506 983,516 984,518 981,530 978,539 977,543 976,545 975,548 965,549 964,552 959,553 958,554 937,538 930,532 922,517 925,511 950,511 966,495"/>
					<TextEquiv>
						<Unicode>τῇ</Unicode>
					</TextEquiv>
				</Word>
				<Word id="r1043">
					<Coords points="1087,490 1098,495 1104,496 1110,500 1120,509 1173,509 1176,524 1177,527 1176,529 1173,533 1150,536 1030,537 1026,525 1023,521 1023,516 1024,512 1027,511 1064,511"/>
					<TextEquiv>
						<Unicode>πόλει</Unicode>
					</TextEquiv>
				</Word>
				<Word id="r1044">
					<Coords points="1623,487 1625,492 1647,519 1643,521 1623,522 1622,534 1616,536 1449,536 1432,552 1431,551 1302,551 1287,536 1228,531 1222,517 1223,512 1224,511 1226,510 1276,509 1292,508 1601,508"/>
					<TextEquiv>
						<Unicode>παρεστρατοπέ-</Unicode>
					</TextEquiv>
				</Word>
				<TextEquiv>
					<Unicode>διεῖλε τῷ στρατῷ, καὶ τῇ πόλει παρεστρατοπέ-</Unicode>
				</TextEquiv>
			</TextLine>
			<TextLine id="r107">
				<Coords points="1326,555 1529,555 1533,557 1621,559 1623,560 1641,577 1645,579 1649,583 1646,586 1644,587 1643,605 1640,608 1282,608 1271,619 588,623 584,624 573,613 267,612 237,611 233,609 232,608 230,604 229,600 230,596 231,593 233,590 234,589 235,566 237,563 1324,557"/>
				<Word id="r1045">
					<Coords points="239,563 243,564 245,565 248,567 265,583 404,583 406,587 420,601 421,604 420,607 418,610 266,611 236,610 232,608 230,605 229,603 229,599 230,595 234,589 235,566"/>
					<TextEquiv>
						<Unicode>δευσεν.</Unicode>
					</TextEquiv>
				</Word>
				<Word id="r1046">
					<Coords points="668,561 714,561 716,562 733,579 829,579 851,580 855,582 856,588 853,589 852,605 850,609 802,611 792,620 791,621 587,622 584,623 569,609 567,608 511,607 510,607 508,565 507,563 509,562 667,562"/>
					<TextEquiv>
						<Unicode>Νεργόβριγες</Unicode>
					</TextEquiv>
				</Word>
				<Word id="r1047">
					<Coords points="913,560 957,560 957,582 975,602 974,606 972,610 970,612 947,606 916,605 913,604 910,602 908,599 908,590 909,588 911,585"/>
					<TextEquiv>
						<Unicode>δέ,</Unicode>
					</TextEquiv>
				</Word>
				<Word id="r1048">
					<Coords points="1327,555 1351,577 1429,577 1429,584 1427,588 1426,591 1418,599 1414,602 1410,604 1335,604 1284,605 1270,619 1073,619 1068,620 1053,605 1032,601 1026,587 1027,581 1035,579 1042,578 1304,577"/>
					<TextEquiv>
						<Unicode>προσαγομένων</Unicode>
					</TextEquiv>
				</Word>
				<Word id="r1049">
					<Coords points="1528,555 1534,558 1620,559 1623,561 1625,562 1641,578 1643,579 1646,584 1642,586 1641,606 1634,605 1519,603 1479,601 1478,589 1481,583 1482,582 1487,578 1489,577 1505,577 1526,556"/>
					<TextEquiv>
						<Unicode>αὐτοῖς</Unicode>
					</TextEquiv>
				</Word>
				<TextEquiv>
					<Unicode>δευσεν. Νεργόβριγες δέ, προσαγομένων αὐτοῖς</Unicode>
				</TextEquiv>
			</TextLine>
			<TextLine id="r108">
				<Coords points="1344,623 1589,623 1643,642 1649,643 1652,656 1655,660 1654,664 1649,669 1626,669 1625,674 1596,681 1595,684 1595,687 991,689 988,690 444,691 337,694 333,696 330,697 227,693 227,690 228,687 230,679 231,677 232,673 234,667 235,662 237,658 238,654 270,653 272,652 485,651 506,630 509,628 1343,624"/>
				<Word id="r1050">
					<Coords points="509,628 511,629 532,650 615,654 614,660 613,662 611,665 604,672 602,673 600,675 596,676 458,677 444,690 443,691 337,692 334,694 332,695 303,695 300,694 227,692 228,689 230,681 234,669 236,661 237,658 239,654 270,653 272,652 484,652 506,630"/>
					<TextEquiv>
						<Unicode>μηχανημάτων</Unicode>
					</TextEquiv>
				</Word>
				<Word id="r1051">
					<Coords points="690,628 713,648 766,648 769,664 770,667 767,671 748,674 717,675 702,689 700,690 685,675 668,674 667,673 664,665 665,660 667,656 673,642 675,632 676,631 682,630"/>
					<TextEquiv>
						<Unicode>ἅμα</Unicode>
					</TextEquiv>
				</Word>
				<Word id="r1052">
					<Coords points="897,627 901,628 902,630 903,633 905,637 906,640 907,642 908,660 911,663 909,667 903,674 838,674 821,690 819,686 821,680 822,675 825,666 826,662 827,659 828,655 829,652 839,648 848,647 875,647"/>
					<TextEquiv>
						<Unicode>μαὶ</Unicode>
					</TextEquiv>
				</Word>
				<Word id="r1053">
					<Coords points="1108,626 1131,646 1215,646 1216,649 1230,664 1231,670 1230,675 1226,679 1224,680 1223,681 1048,684 990,688 987,689 958,690 959,652 962,648 966,645 1087,645"/>
					<TextEquiv>
						<Unicode>χωμάτων,</Unicode>
					</TextEquiv>
				</Word>
				<Word id="r1054">
					<Coords points="1344,623 1367,645 1476,645 1478,652 1482,662 1481,665 1479,668 1477,669 1476,671 1472,673 1367,673 1351,687 1340,686 1319,672 1281,671 1281,667 1283,663 1284,660 1285,658 1287,652 1288,650 1289,647 1291,646 1320,646 1341,625"/>
					<TextEquiv>
						<Unicode>κήρυκα</Unicode>
					</TextEquiv>
				</Word>
				<Word id="r1055">
					<Coords points="1587,623 1615,645 1621,646 1631,655 1647,656 1646,659 1627,659 1626,665 1624,669 1621,671 1598,672 1597,677 1596,680 1594,684 1590,687 1576,673 1529,668 1523,654 1526,647 1528,646 1562,646 1584,624"/>
					<TextEquiv>
						<Unicode>πέμ-</Unicode>
					</TextEquiv>
				</Word>
				<TextEquiv>
					<Unicode>μηχανημάτων ἅμα μαὶ χωμάτων, κήρυκα πέμ-</Unicode>
				</TextEquiv>
			</TextLine>
			<TextLine id="r109">
				<Coords points="1298,690 1300,691 1523,691 1525,692 1545,712 1578,712 1648,714 1648,721 1647,723 1645,728 1641,733 1637,736 1634,738 1628,740 1523,741 1512,751 1507,752 1500,755 1498,757 252,761 248,764 246,764 243,746 240,742 227,728 228,726 231,723 235,722 256,704 568,703 570,701 668,700 669,697 670,696 1297,691"/>
				<Word id="r1056">
					<Coords points="257,704 273,719 418,719 421,720 424,722 425,724 425,728 420,729 419,748 416,749 414,750 261,751 250,761 247,763 243,746 240,742 227,728 228,726 232,723 236,722"/>
					<TextEquiv>
						<Unicode>ψαντες</Unicode>
					</TextEquiv>
				</Word>
				<Word id="r1057">
					<Coords points="573,701 577,702 581,704 597,719 614,719 614,729 612,732 603,741 598,743 595,744 582,745 581,747 579,755 578,757 575,758 561,745 454,745 452,710 450,704 568,703 570,702"/>
					<TextEquiv>
						<Unicode>λυκῆν</Unicode>
					</TextEquiv>
				</Word>
				<Word id="r1058">
					<Coords points="670,696 756,696 759,702 761,707 763,711 764,730 767,734 766,737 760,744 657,742 655,739 654,733 655,729 656,727 658,724 660,722 669,705 670,697"/>
					<TextEquiv>
						<Unicode>ἀντὶ</Unicode>
					</TextEquiv>
				</Word>
				<Word id="r1059">
					<Coords points="1011,694 1034,715 1072,715 1072,722 1071,725 1070,730 1068,733 1067,735 1063,739 1061,740 1059,742 891,742 890,743 872,759 861,755 842,742 805,739 806,735 807,732 809,727 810,723 811,721 812,718 820,716 828,715 988,715"/>
					<TextEquiv>
						<Unicode>κηρυκείου</Unicode>
					</TextEquiv>
				</Word>
				<Word id="r1060">
					<Coords points="1298,691 1322,713 1411,713 1448,714 1449,718 1463,737 1462,742 1461,744 1457,747 1455,748 1312,748 1304,756 1172,757 1168,758 1152,742 1122,741 1107,740 1104,730 1100,724 1101,717 1103,715 1210,713 1273,713 1295,692"/>
					<TextEquiv>
						<Unicode>περικείμενον,</Unicode>
					</TextEquiv>
				</Word>
				<Word id="r1061">
					<Coords points="1522,691 1524,692 1544,712 1577,712 1600,713 1647,717 1646,722 1645,724 1644,727 1640,732 1637,734 1634,737 1630,738 1627,739 1522,740 1508,751 1502,753 1496,756 1494,755 1493,754 1492,724 1492,720 1493,719 1507,700 1513,695"/>
					<TextEquiv>
						<Unicode>ᾔτουν</Unicode>
					</TextEquiv>
				</Word>
				<TextEquiv>
					<Unicode>ψαντες λυκῆν ἀντὶ κηρυκείου περικείμενον, ᾔτουν</Unicode>
				</TextEquiv>
			</TextLine>
			<TextLine id="r110">
				<Coords points="1414,759 1416,760 1535,760 1556,781 1643,781 1646,783 1648,786 1648,789 1645,790 1644,806 1643,810 1640,811 1433,812 1422,822 1421,823 352,828 313,829 299,815 236,814 234,813 232,810 231,808 231,802 233,798 236,794 239,791 242,790 246,789 255,788 405,787 426,766 428,765 643,763 649,761 1413,760"/>
				<Word id="r1062">
					<Coords points="429,765 452,786 536,787 538,788 539,791 553,808 551,811 549,812 504,813 503,815 500,824 444,826 312,828 298,814 235,813 233,812 231,808 231,802 232,799 234,796 239,791 242,790 246,789 255,788 404,788 426,766"/>
					<TextEquiv>
						<Unicode>συγγνώμην.</Unicode>
					</TextEquiv>
				</Word>
				<Word id="r1063">
					<Coords points="649,761 652,763 652,800 651,803 650,807 648,809 645,811 640,812 635,811 631,806 630,800 631,794 632,792 639,786 642,785 643,764 645,762 648,762"/>
					<TextEquiv>
						<Unicode>ὁ</Unicode>
					</TextEquiv>
				</Word>
				<Word id="r1064">
					<Coords points="703,763 736,763 738,766 740,770 741,773 742,775 743,778 744,785 744,789 743,809 741,810 737,811 735,811 702,810 698,807 695,802 695,796 697,792 699,789 700,766"/>
					<TextEquiv>
						<Unicode>δὲ</Unicode>
					</TextEquiv>
				</Word>
				<Word id="r1065">
					<Coords points="832,762 834,763 857,785 878,786 878,789 876,804 875,806 874,809 871,810 793,810 790,808 788,805 787,803 787,797 788,793 789,791 795,785 797,784 808,784 829,763"/>
					<TextEquiv>
						<Unicode>οὐκ</Unicode>
					</TextEquiv>
				</Word>
				<Word id="r1066">
					<Coords points="942,762 948,766 968,766 970,767 987,784 1014,785 1016,788 1016,795 1015,797 1012,806 1011,811 1009,819 1008,821 1008,823 960,823 957,825 935,811 927,810 923,808 921,804 920,799 921,793 923,790 926,787 927,765 939,764"/>
					<TextEquiv>
						<Unicode>ἔφη</Unicode>
					</TextEquiv>
				</Word>
				<Word id="r1067">
					<Coords points="1067,761 1120,761 1141,782 1239,783 1240,788 1254,802 1255,807 1252,813 1250,815 1246,817 1238,810 1065,808 1062,806 1060,803 1059,800 1059,797 1060,791 1062,788 1064,764"/>
					<TextEquiv>
						<Unicode>δώσειν,</Unicode>
					</TextEquiv>
				</Word>
				<Word id="r1068">
					<Coords points="1322,761 1327,764 1328,768 1327,771 1326,773 1325,800 1324,803 1322,805 1321,808 1316,809 1297,809 1292,808 1290,807 1287,805 1285,802 1285,791 1287,789 1289,785 1293,783 1296,781 1299,781"/>
					<TextEquiv>
						<Unicode>εἰ</Unicode>
					</TextEquiv>
				</Word>
				<Word id="r1069">
					<Coords points="1415,760 1418,762 1419,765 1420,767 1421,770 1422,772 1423,776 1427,781 1431,787 1431,794 1430,796 1429,801 1428,805 1426,811 1425,815 1423,820 1366,822 1363,822 1363,818 1366,809 1367,805 1369,801 1371,791 1373,785 1374,783 1390,783"/>
					<TextEquiv>
						<Unicode>μὴ</Unicode>
					</TextEquiv>
				</Word>
				<Word id="r1070">
					<Coords points="1532,760 1555,781 1642,781 1645,783 1645,789 1643,790 1642,806 1641,810 1637,811 1633,809 1466,804 1459,790 1460,785 1464,783 1467,782 1509,782"/>
					<TextEquiv>
						<Unicode>πάντες</Unicode>
					</TextEquiv>
				</Word>
				<TextEquiv>
					<Unicode>συγγνώμην. ὁ δὲ οὐκ ἔφη δώσειν, εἰ μὴ πάντες</Unicode>
				</TextEquiv>
			</TextLine>
			<TextLine id="r111">
				<Coords points="1526,829 1622,832 1626,834 1628,837 1630,851 1631,854 1645,868 1647,872 1643,877 1553,877 1537,892 1536,893 298,896 292,900 275,883 243,882 243,863 229,844 227,836 228,834 1522,827"/>
				<Word id="r1071">
					<Coords points="491,833 491,834 493,834 493,835 494,835 494,837 495,837 495,839 496,839 496,842 497,842 497,845 498,845 498,847 499,847 499,854 500,854 500,861 501,861 501,867 502,867 502,869 503,869 503,871 504,871 503,871 503,873 502,873 502,876 501,876 501,879 498,879 498,880 496,880 496,881 335,881 335,882 309,882 309,883 307,883 307,884 306,884 306,885 305,885 305,886 304,886 304,887 303,887 303,888 302,888 302,889 301,889 301,890 300,890 300,891 299,891 299,892 298,892 298,893 297,893 297,894 296,894 296,895 295,895 295,896 294,896 294,897 293,897 293,898 292,898 292,899 292,898 291,898 291,897 290,897 290,896 289,896 289,895 288,895 288,894 287,894 287,893 286,893 286,892 285,892 285,891 284,891 284,890 283,890 283,889 282,889 282,888 281,888 281,887 280,887 280,886 279,886 279,885 278,885 278,884 277,884 277,883 276,883 276,882 243,882 244,882 244,880 245,880 245,879 246,879 246,878 247,878 247,877 248,877 248,876 249,876 249,875 250,875 250,874 251,874 251,873 252,873 252,872 253,872 253,871 254,871 254,870 255,870 255,867 256,867 256,863 257,863 257,860 258,860 258,857 259,857 259,854 260,854 260,851 261,851 261,848 232,848 232,846 231,846 231,844 230,844 230,840 229,840 229,837 228,837 228,835 230,835 230,834 230,835 231,835 231,836 232,836 232,837 233,837 233,838 486,838 486,837 487,837 487,836 489,836 489,835 490,835 490,834 491,834"/>
					<TextEquiv>
						<Unicode>Ἀρουακοὶ</Unicode>
					</TextEquiv>
				</Word>
				<Word id="r1073">
					<Coords points="618,836 621,839 623,843 624,846 625,848 626,867 629,871 628,874 621,881 544,879 545,875 546,872 547,870 549,862 550,860 551,857 560,855 568,854 590,853 600,853"/>
					<TextEquiv>
						<Unicode>καὶ</Unicode>
					</TextEquiv>
				</Word>
				<Word id="r1074">
					<Coords points="852,831 856,833 858,837 860,843 861,845 863,866 864,869 863,872 862,874 861,877 857,878 726,879 673,878 672,835 672,833 849,833"/>
					<TextEquiv>
						<Unicode>Βελλοὶ</Unicode>
					</TextEquiv>
				</Word>
				<Word id="r1075">
					<Coords points="980,830 982,831 983,833 985,836 987,842 988,844 991,865 992,869 991,871 990,874 989,875 987,878 961,878 904,877 904,875 905,871 907,869 908,865 909,862 910,858 911,855 912,853 915,852 929,851 957,851"/>
					<TextEquiv>
						<Unicode>καὶ</Unicode>
					</TextEquiv>
				</Word>
				<Word id="r1076">
					<Coords points="1153,829 1176,851 1207,858 1209,868 1209,870 1206,874 1200,877 1043,877 1043,857 1033,845 1032,839 1033,834 1034,832 1152,830"/>
					<TextEquiv>
						<Unicode>Τίτθοι</Unicode>
					</TextEquiv>
				</Word>
				<Word id="r1077">
					<Coords points="1258,829 1366,831 1413,833 1415,834 1430,849 1472,850 1472,859 1469,864 1460,873 1457,874 1453,876 1432,877 1337,878 1323,890 1310,878 1256,876 1252,873 1249,867 1249,862 1250,860 1251,857 1253,854 1255,831 1256,830"/>
					<TextEquiv>
						<Unicode>δεηθεῖεν</Unicode>
					</TextEquiv>
				</Word>
				<Word id="r1078">
					<Coords points="1521,828 1527,830 1531,832 1621,832 1623,833 1626,835 1627,837 1628,849 1629,851 1630,854 1645,869 1646,871 1642,876 1552,876 1534,892 1533,892 1518,878 1510,876 1509,874 1507,871 1506,867 1508,859 1509,856 1510,854 1518,839 1519,830"/>
					<TextEquiv>
						<Unicode>ὁμοῦ.</Unicode>
					</TextEquiv>
				</Word>
				<TextEquiv>
					<Unicode>Ἀρουακοὶ καὶ Βελλοὶ καὶ Τίτθοι δεηθεῖεν ὁμοῦ.</Unicode>
				</TextEquiv>
			</TextLine>
			<TextLine id="r112">
				<Coords points="1541,895 1543,896 1566,918 1626,918 1629,920 1631,924 1647,944 1646,949 1645,951 1641,953 1449,955 1353,958 417,964 414,965 402,953 273,952 235,951 233,950 231,947 229,940 229,937 232,932 234,929 242,915 243,907 244,906 247,904 1540,896"/>
				<Word id="r1079">
					<Coords points="251,904 277,926 296,926 296,932 295,935 294,939 291,942 289,943 288,945 287,946 277,951 272,951 234,950 232,949 231,947 229,940 229,937 231,933 233,931 234,929 243,913 244,906"/>
					<TextEquiv>
						<Unicode>ὧν</Unicode>
					</TextEquiv>
				</Word>
				<Word id="r1080">
					<Coords points="369,904 372,905 374,909 375,912 376,914 378,917 381,922 385,938 388,941 387,944 386,946 382,950 364,950 338,951 334,951 333,946 324,932 325,928 326,927 328,926 345,926"/>
					<TextEquiv>
						<Unicode>τὰ</Unicode>
					</TextEquiv>
				</Word>
				<Word id="r1081">
					<Coords points="462,903 485,923 503,923 504,926 501,935 500,937 495,942 491,945 486,948 483,950 430,951 417,963 414,964 413,960 415,958 417,948 418,945 419,940 420,937 421,933 422,930 424,926 438,925"/>
					<TextEquiv>
						<Unicode>μὲν</Unicode>
					</TextEquiv>
				</Word>
				<Word id="r1082">
					<Coords points="577,902 601,921 644,921 646,922 647,924 648,929 647,935 645,943 644,946 641,958 639,960 637,961 625,950 540,949 533,946 530,939 530,936 531,932 534,929 536,904 538,903 572,903"/>
					<TextEquiv>
						<Unicode>ἔθνη</Unicode>
					</TextEquiv>
				</Word>
				<Word id="r1083">
					<Coords points="769,901 809,901 827,919 935,919 938,927 942,939 940,942 937,945 884,947 831,948 815,961 801,949 683,948 682,943 675,929 676,925 679,922 700,921 748,921 766,903"/>
					<TextEquiv>
						<Unicode>πυθόμενα</Unicode>
					</TextEquiv>
				</Word>
				<Word id="r1084">
					<Coords points="1093,899 1136,899 1155,918 1235,918 1239,919 1243,921 1244,923 1244,927 1240,928 1239,943 1238,945 1237,948 1233,949 1152,950 1143,959 1015,959 1010,960 997,947 976,946 970,924 972,923 975,921 1025,920 1027,919 1073,919"/>
					<TextEquiv>
						<Unicode>προθύμως</Unicode>
					</TextEquiv>
				</Word>
				<Word id="r1085">
					<Coords points="1541,896 1543,897 1565,918 1625,918 1628,920 1629,922 1631,925 1632,928 1642,938 1646,943 1645,947 1644,950 1640,952 1353,956 1349,958 1337,946 1289,944 1287,943 1284,941 1282,927 1285,924 1290,918 1293,900 1294,898 1539,897"/>
					<TextEquiv>
						<Unicode>ἐπρεσβεύετο,</Unicode>
					</TextEquiv>
				</Word>
				<TextEquiv>
					<Unicode>ὧν τὰ μὲν ἔθνη πυθόμενα προθύμως ἐπρεσβεύετο,</Unicode>
				</TextEquiv>
			</TextLine>
			<TextLine id="r113">
				<Coords points="1139,965 1552,965 1573,986 1645,986 1647,1002 1649,1005 1645,1011 1643,1012 1642,1013 1371,1016 1368,1017 1159,1018 1149,1028 847,1029 843,1030 840,1031 551,1033 548,1035 534,1021 245,1020 228,1019 228,1017 229,1013 232,1004 233,1002 234,997 235,995 237,994 251,993 281,993 303,971 810,969 873,967 1138,966"/>
				<Word id="r1086">
					<Coords points="304,971 306,972 307,974 308,977 310,981 311,984 313,987 314,1006 317,1010 315,1015 311,1020 244,1019 228,1018 234,1000 235,996 236,995 252,993 281,993"/>
					<TextEquiv>
						<Unicode>καὶ</Unicode>
					</TextEquiv>
				</Word>
				<Word id="r1087">
					<Coords points="384,971 407,992 429,992 431,993 432,996 431,999 429,1003 427,1006 424,1010 420,1014 416,1017 413,1018 412,1019 354,1019 353,1013 344,1000 349,994 357,993"/>
					<TextEquiv>
						<Unicode>τὸν</Unicode>
					</TextEquiv>
				</Word>
				<Word id="r1088">
					<Coords points="542,971 548,975 680,975 685,977 687,978 698,989 766,989 767,992 767,998 766,1002 763,1006 760,1009 756,1012 754,1013 751,1015 747,1017 565,1018 549,1033 547,1034 531,1018 451,1018 450,976 449,973 538,973"/>
					<TextEquiv>
						<Unicode>Μάρκελλον</Unicode>
					</TextEquiv>
				</Word>
				<Word id="r1089">
					<Coords points="876,967 900,988 966,988 967,990 968,993 982,1007 983,1012 982,1016 981,1018 977,1022 851,1024 847,1028 842,1029 839,1030 810,1030 809,1027 797,1009 793,999 795,995 796,994 809,976 811,969 872,969"/>
					<TextEquiv>
						<Unicode>ἠξίουν,</Unicode>
					</TextEquiv>
				</Word>
				<Word id="r1090">
					<Coords points="1140,965 1165,988 1187,988 1188,991 1187,995 1186,998 1185,1000 1174,1011 1170,1013 1161,1014 1153,1016 1150,1025 1147,1028 1133,1015 1011,1010 1005,996 1006,992 1008,990 1010,989 1058,988 1063,987 1117,987"/>
					<TextEquiv>
						<Unicode>ποινὴν</Unicode>
					</TextEquiv>
				</Word>
				<Word id="r1091">
					<Coords points="1258,966 1265,970 1348,970 1351,971 1369,987 1374,988 1379,994 1375,996 1374,1012 1373,1014 1367,1016 1364,1016 1210,1013 1207,1011 1206,1003 1207,999 1209,995 1215,989 1218,988 1231,987 1234,987"/>
					<TextEquiv>
						<Unicode>αὐτοῖς</Unicode>
					</TextEquiv>
				</Word>
				<Word id="r1092">
					<Coords points="1514,965 1551,965 1572,986 1644,986 1646,1002 1647,1006 1645,1009 1641,1013 1437,1013 1413,1012 1409,1010 1407,1007 1407,996 1409,992 1411,990 1419,975 1420,967 1422,966 1513,966"/>
					<TextEquiv>
						<Unicode>ἐπιθέντα</Unicode>
					</TextEquiv>
				</Word>
				<TextEquiv>
					<Unicode>καὶ τὸν Μάρκελλον ἠξίουν, ποινὴν αὐτοῖς ἐπιθέντα</Unicode>
				</TextEquiv>
			</TextLine>
			<TextLine id="r114">
				<Coords points="1202,1033 1597,1037 1600,1038 1617,1055 1645,1055 1646,1057 1646,1059 1645,1061 1638,1063 1630,1065 1629,1067 1623,1074 1619,1078 1616,1079 1612,1081 1611,1082 1573,1082 1553,1083 1539,1097 924,1098 921,1099 228,1102 227,1100 228,1096 231,1087 232,1085 233,1079 235,1071 237,1065 238,1063 277,1062 282,1061 348,1060 370,1038 1199,1036"/>
				<Word id="r1093">
					<Coords points="371,1038 394,1060 437,1060 438,1062 439,1065 454,1080 455,1083 454,1087 449,1093 448,1094 227,1100 228,1096 231,1087 232,1085 233,1079 235,1071 237,1065 238,1063 277,1062 282,1061 347,1061"/>
					<TextEquiv>
						<Unicode>μετρίαν,</Unicode>
					</TextEquiv>
				</Word>
				<Word id="r1094">
					<Coords points="522,1038 545,1060 548,1061 551,1063 553,1066 550,1069 548,1077 547,1086 543,1090 540,1091 534,1086 515,1085 511,1084 508,1082 505,1075 505,1071 506,1068 508,1066 509,1064 518,1047 519,1040"/>
					<TextEquiv>
						<Unicode>ἐς</Unicode>
					</TextEquiv>
				</Word>
				<Word id="r1095">
					<Coords points="649,1038 679,1059 688,1060 690,1061 693,1065 689,1068 687,1086 684,1088 682,1088 680,1087 613,1085 612,1083 612,1078 604,1066 606,1060 608,1059 625,1059"/>
					<TextEquiv>
						<Unicode>τὰς</Unicode>
					</TextEquiv>
				</Word>
				<Word id="r1096">
					<Coords points="850,1037 850,1038 852,1038 852,1039 853,1039 853,1040 854,1040 854,1041 855,1041 855,1042 856,1042 856,1043 857,1043 857,1044 858,1044 858,1045 859,1045 859,1046 860,1046 860,1047 862,1047 862,1048 863,1048 863,1049 864,1049 864,1050 865,1050 865,1051 866,1051 866,1052 867,1052 867,1053 868,1053 868,1054 869,1054 869,1055 870,1055 870,1056 871,1056 871,1057 987,1057 987,1062 986,1062 986,1067 985,1067 985,1070 984,1070 984,1073 983,1073 983,1074 982,1074 982,1075 981,1075 981,1076 980,1076 980,1078 979,1078 979,1079 977,1079 977,1080 975,1080 975,1081 974,1081 974,1082 938,1082 938,1083 937,1083 937,1084 936,1084 936,1085 935,1085 935,1086 934,1086 934,1087 933,1087 933,1088 932,1088 932,1089 931,1089 931,1090 930,1090 930,1091 929,1091 929,1092 928,1092 928,1093 927,1093 927,1094 926,1094 926,1095 925,1095 925,1096 924,1096 924,1097 922,1097 922,1098 920,1098 920,1099 920,1098 853,1098 853,1097 787,1097 788,1097 788,1092 789,1092 789,1087 790,1087 790,1084 767,1084 767,1083 747,1083 747,1040 746,1040 747,1040 747,1039 849,1039 849,1038 850,1038"/>
					<TextEquiv>
						<Unicode>Γράκχου</Unicode>
					</TextEquiv>
				</Word>
				<Word id="r1098">
					<Coords points="1203,1034 1226,1055 1292,1055 1296,1056 1300,1058 1302,1062 1302,1064 1299,1066 1297,1067 1295,1085 1291,1087 1203,1088 1192,1097 1176,1083 1050,1082 1046,1081 1042,1079 1041,1077 1042,1066 1045,1062 1049,1059 1052,1057 1064,1056 1102,1055 1139,1055 1155,1039 1158,1037 1198,1037"/>
					<TextEquiv>
						<Unicode>συνθήκας</Unicode>
					</TextEquiv>
				</Word>
				<Word id="r1099">
					<Coords points="1372,1035 1378,1037 1596,1037 1599,1038 1623,1055 1650,1054 1653,1058 1628,1066 1622,1073 1617,1078 1614,1079 1612,1080 1611,1081 1572,1081 1553,1082 1537,1097 1535,1096 1465,1096 1452,1083 1358,1081 1354,1079 1352,1076 1352,1070 1353,1067 1354,1065 1355,1064 1368,1043"/>
					<TextEquiv>
						<Unicode>ἀναγαγεῖν˙</Unicode>
					</TextEquiv>
				</Word>
				<TextEquiv>
					<Unicode>μετρίαν, ἐς τὰς Γράκχου συνθήκας ἀναγαγεῖν˙</Unicode>
				</TextEquiv>
			</TextLine>
			<TextLine id="r115">
				<Coords points="1397,1099 1399,1100 1551,1100 1576,1123 1579,1124 1651,1128 1650,1133 1649,1135 1647,1138 1644,1142 1641,1145 1638,1147 1630,1151 1273,1152 1271,1154 1266,1155 1028,1156 1016,1168 429,1169 428,1170 415,1157 237,1156 231,1155 229,1152 228,1149 228,1146 229,1143 231,1141 232,1138 233,1137 244,1119 246,1110 558,1106 582,1104 1396,1100"/>
				<Word id="r1100">
					<Coords points="346,1109 355,1115 358,1116 360,1117 372,1128 468,1128 504,1129 504,1135 503,1139 502,1141 502,1143 493,1151 490,1153 486,1155 485,1156 444,1156 432,1167 430,1168 427,1169 414,1156 236,1155 230,1154 229,1152 228,1149 228,1146 229,1143 231,1141 232,1138 233,1137 246,1117 343,1110"/>
					<TextEquiv>
						<Unicode>ἀντέλεγον</Unicode>
					</TextEquiv>
				</Word>
				<Word id="r1101">
					<Coords points="583,1104 585,1105 588,1107 589,1109 590,1112 589,1116 588,1118 586,1120 575,1121 574,1147 572,1150 569,1151 567,1153 558,1153 555,1151 553,1150 551,1147 551,1137 552,1135 554,1133 555,1109 557,1107 581,1106"/>
					<TextEquiv>
						<Unicode>δ᾽</Unicode>
					</TextEquiv>
				</Word>
				<Word id="r1102">
					<Coords points="679,1105 682,1106 685,1108 773,1108 792,1126 795,1127 797,1128 801,1132 798,1135 796,1143 795,1152 791,1156 788,1157 783,1154 630,1153 628,1152 626,1149 626,1139 628,1135 636,1127 650,1126 656,1126"/>
					<TextEquiv>
						<Unicode>αὐτοῖς</Unicode>
					</TextEquiv>
				</Word>
				<Word id="r1103">
					<Coords points="1002,1102 1115,1104 1114,1107 1113,1143 1111,1147 1110,1150 1107,1151 1031,1152 1015,1168 931,1168 915,1152 850,1151 847,1150 845,1149 843,1146 842,1143 842,1138 843,1135 844,1133 845,1132 854,1115 855,1106 856,1105 999,1105"/>
					<TextEquiv>
						<Unicode>ἐπιχώριοί</Unicode>
					</TextEquiv>
				</Word>
				<Word id="r1104">
					<Coords points="1191,1123 1193,1124 1271,1124 1274,1125 1277,1127 1277,1133 1274,1134 1272,1152 1265,1154 1261,1153 1237,1151 1158,1150 1157,1141 1149,1131 1150,1127 1153,1125 1156,1124 1189,1124"/>
					<TextEquiv>
						<Unicode>τινες</Unicode>
					</TextEquiv>
				</Word>
				<Word id="r1105">
					<Coords points="1398,1100 1402,1102 1403,1111 1402,1114 1399,1115 1392,1116 1391,1127 1390,1129 1379,1130 1378,1133 1377,1150 1326,1150 1323,1149 1322,1147 1321,1144 1320,1128 1320,1127 1329,1112 1332,1103 1334,1102 1395,1101"/>
					<TextEquiv>
						<Unicode>ὑπ᾽</Unicode>
					</TextEquiv>
				</Word>
				<Word id="r1106">
					<Coords points="1548,1100 1551,1101 1574,1123 1577,1124 1579,1125 1596,1125 1649,1128 1648,1133 1647,1136 1644,1139 1641,1143 1638,1146 1635,1147 1629,1150 1454,1149 1451,1147 1450,1143 1450,1135 1452,1132 1453,1130 1463,1120 1463,1104 1465,1103 1543,1103"/>
					<TextEquiv>
						<Unicode>ἐκείνων</Unicode>
					</TextEquiv>
				</Word>
				<TextEquiv>
					<Unicode>ἀντέλεγον δ᾽ αὐτοῖς ἐπιχώριοί τινες ὑπ᾽ ἐκείνων</Unicode>
				</TextEquiv>
			</TextLine>
			<TextLine id="r116">
				<Coords points="562,1173 564,1174 586,1195 640,1195 657,1212 660,1214 661,1216 659,1220 636,1221 518,1223 506,1235 437,1236 434,1238 433,1239 421,1227 233,1226 230,1214 227,1204 229,1201 239,1199 283,1198 353,1198 367,1184 550,1184"/>
				<Word id="r1107">
					<Coords points="562,1174 564,1175 585,1195 639,1195 657,1213 660,1215 658,1219 635,1220 518,1222 499,1234 492,1235 436,1235 434,1237 432,1238 420,1226 233,1221 229,1211 228,1209 227,1206 228,1203 229,1201 233,1200 239,1199 283,1198 353,1198 367,1184 551,1184"/>
					<TextEquiv>
						<Unicode>πεπολεμημένοι.</Unicode>
					</TextEquiv>
				</Word>
				<TextEquiv>
					<Unicode>πεπολεμημένοι.</Unicode>
				</TextEquiv>
			</TextLine>
			<TextLine id="r117">
				<Coords points="1420,1236 1424,1239 1623,1239 1650,1266 1646,1268 1645,1284 1644,1288 1641,1289 1565,1290 1469,1294 1374,1300 1202,1302 1200,1303 726,1305 722,1306 708,1292 306,1289 299,1279 302,1273 306,1267 307,1265 309,1262 311,1258 337,1254 416,1250 417,1247 444,1246 456,1245 573,1242 575,1241 979,1240 982,1239 1192,1238 1194,1237 1419,1237"/>
				<Word id="r1108">
					<Coords points="345,1254 354,1256 357,1263 358,1271 374,1288 312,1289 302,1281 299,1280 299,1278 301,1274 303,1272 305,1269 306,1266 308,1264 309,1261 310,1259 311,1258 334,1258"/>
					<TextEquiv>
						<Unicode>49.</Unicode>
					</TextEquiv>
				</Word>
				<Word id="r1109">
					<Coords points="510,1244 514,1247 516,1251 518,1257 519,1259 521,1277 523,1281 522,1284 520,1288 422,1289 419,1250 418,1247 444,1246 456,1245 507,1245"/>
					<TextEquiv>
						<Unicode>Καὶ</Unicode>
					</TextEquiv>
				</Word>
				<Word id="r1110">
					<Coords points="578,1241 581,1242 582,1269 583,1273 583,1280 582,1283 579,1287 575,1290 573,1290 565,1289 563,1287 562,1285 561,1279 562,1272 563,1270 567,1266 569,1265 572,1255 573,1245 574,1242 575,1242"/>
					<TextEquiv>
						<Unicode>ὁ</Unicode>
					</TextEquiv>
				</Word>
				<Word id="r1111">
					<Coords points="715,1241 723,1247 853,1247 860,1250 863,1252 872,1261 930,1261 935,1263 937,1264 938,1266 938,1270 935,1271 934,1287 932,1290 930,1291 929,1292 738,1292 723,1305 706,1289 624,1289 623,1247 623,1244 711,1244"/>
					<TextEquiv>
						<Unicode>Μάρκελλος</Unicode>
					</TextEquiv>
				</Word>
				<Word id="r1112">
					<Coords points="983,1239 985,1240 1010,1243 1020,1246 1020,1252 1018,1270 1014,1271 1013,1293 1012,1297 1010,1299 1008,1300 1003,1302 998,1301 979,1287 972,1285 970,1284 967,1280 966,1275 967,1271 968,1268 969,1266 979,1248 981,1240"/>
					<TextEquiv>
						<Unicode>ἐξ</Unicode>
					</TextEquiv>
				</Word>
				<Word id="r1113">
					<Coords points="1195,1237 1219,1260 1299,1261 1299,1265 1298,1269 1296,1273 1291,1279 1286,1283 1284,1284 1278,1286 1216,1287 1200,1302 1198,1303 1183,1288 1055,1287 1050,1284 1047,1280 1047,1271 1049,1268 1052,1263 1055,1244 1057,1241 1060,1239 1194,1238"/>
					<TextEquiv>
						<Unicode>ἑκατέρων</Unicode>
					</TextEquiv>
				</Word>
				<Word id="r1114">
					<Coords points="1419,1237 1423,1239 1492,1239 1496,1240 1500,1242 1517,1259 1545,1259 1569,1260 1575,1263 1575,1267 1571,1268 1570,1285 1569,1287 1567,1289 1564,1290 1470,1292 1375,1297 1368,1300 1356,1288 1334,1287 1331,1282 1325,1268 1326,1262 1327,1261 1329,1260 1381,1259 1396,1259"/>
					<TextEquiv>
						<Unicode>πρέσβεις</Unicode>
					</TextEquiv>
				</Word>
				<Word id="r1115">
					<Coords points="1619,1239 1648,1266 1644,1268 1643,1284 1642,1288 1639,1289 1635,1285 1611,1284 1609,1283 1606,1281 1605,1279 1604,1276 1604,1270 1605,1267 1617,1255"/>
					<TextEquiv>
						<Unicode>ἐς</Unicode>
					</TextEquiv>
				</Word>
				<TextEquiv>
					<Unicode>49. Καὶ ὁ Μάρκελλος ἐξ ἑκατέρων πρέσβεις ἐς</Unicode>
				</TextEquiv>
			</TextLine>
			<TextLine id="r118">
				<Coords points="1280,1305 1623,1306 1645,1307 1647,1308 1648,1313 1648,1315 1646,1319 1634,1321 1633,1340 1632,1344 1631,1347 1629,1350 1627,1352 1621,1354 1548,1377 1488,1354 1411,1357 1407,1361 1402,1362 1275,1365 1271,1368 391,1372 336,1374 331,1376 315,1360 296,1359 294,1359 282,1378 235,1374 253,1347 234,1330 228,1328 227,1326 225,1320 229,1313 231,1312 756,1310 758,1309 909,1308 911,1307 1278,1307"/>
				<Word id="r1116">
					<Coords points="233,1312 233,1313 235,1313 235,1314 319,1314 319,1315 320,1315 320,1316 321,1316 321,1317 322,1317 322,1318 323,1318 323,1319 324,1319 324,1320 325,1320 325,1321 326,1321 326,1322 327,1322 327,1323 328,1323 328,1324 329,1324 329,1325 330,1325 330,1326 331,1326 331,1327 332,1327 332,1328 333,1328 333,1329 334,1329 334,1330 335,1330 335,1331 336,1331 336,1332 337,1332 337,1333 338,1333 338,1334 427,1334 427,1336 428,1336 428,1340 427,1340 427,1343 426,1343 426,1345 425,1345 425,1347 424,1347 424,1349 423,1349 423,1350 422,1350 422,1351 421,1351 421,1352 419,1352 419,1353 418,1353 418,1354 417,1354 417,1355 416,1355 416,1356 414,1356 414,1357 412,1357 412,1358 410,1358 410,1359 407,1359 407,1360 393,1360 393,1361 392,1361 392,1365 391,1365 391,1369 390,1369 390,1371 363,1371 363,1372 336,1372 336,1373 332,1373 332,1374 331,1374 331,1375 331,1374 330,1374 330,1373 329,1373 329,1372 328,1372 328,1371 327,1371 327,1370 326,1370 326,1369 325,1369 325,1368 324,1368 324,1367 323,1367 323,1366 322,1366 322,1365 321,1365 321,1364 320,1364 320,1363 319,1363 319,1362 318,1362 318,1361 317,1361 317,1360 315,1360 315,1359 293,1359 293,1360 246,1360 247,1360 247,1359 248,1359 248,1358 249,1358 249,1357 250,1357 250,1351 251,1351 251,1350 252,1350 252,1348 253,1348 253,1346 251,1346 251,1337 252,1337 252,1329 233,1329 233,1328 230,1328 230,1327 228,1327 228,1326 227,1326 227,1323 226,1323 226,1319 227,1319 227,1316 228,1316 228,1314 229,1314 229,1313 233,1313"/>
					<TextEquiv>
						<Unicode>Ῥώμην</Unicode>
					</TextEquiv>
				</Word>
				<Word id="r1118">
					<Coords points="495,1311 516,1331 697,1331 699,1336 698,1341 697,1344 688,1353 682,1357 680,1358 679,1359 580,1359 568,1371 557,1360 480,1359 477,1358 475,1355 473,1351 473,1346 474,1342 476,1339 479,1325 480,1314 491,1314"/>
					<TextEquiv>
						<Unicode>ἔπεμπεν</Unicode>
					</TextEquiv>
				</Word>
				<Word id="r1119">
					<Coords points="912,1307 916,1309 936,1312 947,1315 961,1329 1092,1329 1095,1330 1098,1332 1099,1334 1098,1338 1096,1345 1095,1354 1094,1357 1092,1358 944,1359 934,1368 927,1369 912,1358 775,1357 742,1354 742,1344 744,1340 745,1337 746,1336 756,1319 757,1310 758,1309 911,1308"/>
					<TextEquiv>
						<Unicode>ἀντιλέξοντας</Unicode>
					</TextEquiv>
				</Word>
				<Word id="r1120">
					<Coords points="1280,1306 1290,1313 1293,1314 1295,1315 1308,1327 1365,1327 1388,1328 1391,1329 1393,1330 1412,1349 1413,1352 1412,1354 1404,1361 1401,1362 1275,1363 1271,1366 1269,1368 1257,1356 1149,1355 1143,1354 1141,1351 1141,1343 1142,1340 1143,1338 1144,1337 1156,1317 1158,1308 1278,1307"/>
					<TextEquiv>
						<Unicode>ἀλλήλοις,</Unicode>
					</TextEquiv>
				</Word>
				<Word id="r1121">
					<Coords points="1463,1306 1525,1306 1551,1328 1556,1335 1559,1345 1556,1351 1554,1352 1551,1353 1547,1354 1546,1372 1543,1373 1537,1373 1518,1354 1457,1353 1455,1350 1455,1344 1456,1342 1457,1338 1458,1336 1459,1333 1461,1329 1462,1307"/>
					<TextEquiv>
						<Unicode>ἰδίᾳ</Unicode>
					</TextEquiv>
				</Word>
				<Word id="r1122">
					<Coords points="1620,1306 1623,1307 1644,1307 1646,1308 1646,1315 1645,1317 1639,1319 1632,1321 1631,1340 1629,1348 1627,1351 1623,1352 1620,1353 1617,1353 1614,1352 1611,1342 1613,1333 1616,1330 1616,1308 1617,1307"/>
					<TextEquiv>
						<Unicode>δ᾽</Unicode>
					</TextEquiv>
				</Word>
				<TextEquiv>
					<Unicode>Ῥώμην ἔπεμπεν ἀντιλέξοντας ἀλλήλοις, ἰδίᾳ δ᾽</Unicode>
				</TextEquiv>
			</TextLine>
			<TextLine id="r119">
				<Coords points="1584,1396 1587,1397 1646,1397 1648,1398 1649,1401 1646,1405 1629,1407 1628,1423 1627,1425 1623,1426 1001,1428 988,1440 987,1441 594,1442 589,1444 576,1431 259,1430 234,1428 231,1426 229,1423 228,1420 228,1413 229,1411 240,1400 240,1383 241,1382 243,1381 1033,1377 1037,1374 1528,1373"/>
				<Word id="r1123">
					<Coords points="243,1381 463,1388 467,1390 478,1401 514,1402 515,1408 513,1426 511,1427 507,1428 258,1429 233,1427 231,1426 229,1423 228,1420 228,1413 229,1411 240,1400 240,1383 241,1382"/>
					<TextEquiv>
						<Unicode>ἐπέστελλε</Unicode>
					</TextEquiv>
				</Word>
				<Word id="r1124">
					<Coords points="603,1383 608,1384 612,1387 613,1396 615,1409 614,1415 613,1418 612,1422 611,1424 610,1428 609,1433 608,1436 607,1438 604,1439 597,1440 593,1441 590,1442 589,1443 569,1428 563,1427 562,1424 562,1419 553,1407 555,1403 561,1401 581,1401 598,1384"/>
					<TextEquiv>
						<Unicode>τῇ</Unicode>
					</TextEquiv>
				</Word>
				<Word id="r1125">
					<Coords points="672,1381 812,1381 817,1383 819,1387 820,1401 820,1410 819,1413 818,1417 817,1420 816,1422 812,1434 807,1435 803,1436 800,1439 798,1440 796,1439 794,1437 650,1436 650,1431 651,1428 652,1426 653,1421 654,1418 655,1416 657,1406 658,1404 659,1401 660,1397 664,1389 668,1384 670,1383"/>
					<TextEquiv>
						<Unicode>βουλῇ</Unicode>
					</TextEquiv>
				</Word>
				<Word id="r1126">
					<Coords points="1038,1374 1041,1375 1063,1397 1118,1397 1154,1398 1154,1405 1150,1413 1145,1418 1142,1420 1136,1423 1135,1424 1002,1425 987,1440 893,1440 877,1425 856,1420 850,1409 849,1406 850,1403 851,1401 852,1400 854,1399 910,1397 1014,1397 1036,1375"/>
					<TextEquiv>
						<Unicode>προτρέπων</Unicode>
					</TextEquiv>
				</Word>
				<Word id="r1127">
					<Coords points="1197,1375 1199,1376 1222,1397 1224,1398 1229,1403 1225,1407 1223,1424 1217,1427 1210,1424 1192,1423 1185,1421 1182,1418 1181,1412 1182,1406 1193,1394 1193,1376 1195,1376"/>
					<TextEquiv>
						<Unicode>ἐς</Unicode>
					</TextEquiv>
				</Word>
				<Word id="r1128">
					<Coords points="1301,1374 1331,1396 1339,1397 1342,1398 1345,1400 1346,1403 1343,1406 1341,1414 1340,1423 1334,1426 1328,1424 1265,1423 1264,1415 1256,1406 1255,1402 1256,1398 1257,1397 1259,1396 1277,1396"/>
					<TextEquiv>
						<Unicode>τὰς</Unicode>
					</TextEquiv>
				</Word>
				<Word id="r1129">
					<Coords points="1523,1374 1548,1396 1645,1397 1647,1398 1646,1402 1638,1405 1629,1406 1627,1407 1626,1423 1624,1425 1621,1426 1619,1424 1403,1422 1380,1421 1375,1419 1372,1414 1372,1409 1373,1405 1376,1402 1379,1377 1381,1375 1519,1375"/>
					<TextEquiv>
						<Unicode>διαλύσεις:</Unicode>
					</TextEquiv>
				</Word>
				<TextEquiv>
					<Unicode>ἐπέστελλε τῇ βουλῇ προτρέπων ἐς τὰς διαλύσεις:</Unicode>
				</TextEquiv>
			</TextLine>
			<TextLine id="r120">
				<Coords points="1157,1442 1160,1443 1503,1443 1508,1445 1535,1447 1537,1448 1553,1464 1627,1464 1629,1465 1630,1469 1647,1489 1646,1493 1645,1495 1641,1499 1639,1500 1539,1502 1535,1504 695,1509 690,1511 254,1509 240,1498 236,1497 230,1491 229,1487 230,1481 232,1477 240,1469 241,1452 348,1449 1154,1443"/>
				<Word id="r1130">
					<Coords points="351,1449 365,1459 368,1461 370,1462 379,1470 470,1470 472,1471 475,1472 477,1476 477,1485 476,1488 475,1490 473,1493 469,1495 436,1496 277,1498 265,1499 254,1509 241,1498 237,1497 229,1488 230,1483 231,1479 232,1477 241,1468 241,1452 346,1452"/>
					<TextEquiv>
						<Unicode>ἐβούλετο</Unicode>
					</TextEquiv>
				</Word>
				<Word id="r1131">
					<Coords points="565,1448 587,1467 607,1467 610,1468 612,1469 613,1471 615,1477 614,1485 613,1487 611,1490 609,1492 606,1493 593,1494 592,1499 591,1503 590,1509 527,1509 527,1496 515,1480 516,1474 520,1470 540,1470"/>
					<TextEquiv>
						<Unicode>γὰρ</Unicode>
					</TextEquiv>
				</Word>
				<Word id="r1132">
					<Coords points="725,1447 730,1449 731,1454 721,1462 713,1465 712,1487 710,1491 705,1493 703,1494 695,1495 694,1498 693,1508 689,1510 669,1495 661,1494 656,1491 655,1489 653,1483 653,1481 656,1475 666,1465 666,1448 721,1448"/>
					<TextEquiv>
						<Unicode>ἐφ᾽</Unicode>
					</TextEquiv>
				</Word>
				<Word id="r1133">
					<Coords points="774,1446 777,1447 779,1448 933,1448 938,1451 940,1454 941,1466 942,1468 942,1476 941,1479 940,1481 939,1485 936,1488 932,1491 866,1493 765,1493 763,1492 762,1491 760,1488 759,1483 760,1478 763,1473 768,1468 768,1450 770,1448"/>
					<TextEquiv>
						<Unicode>ἑαυτοῦ</Unicode>
					</TextEquiv>
				</Word>
				<Word id="r1134">
					<Coords points="1023,1444 1047,1466 1067,1466 1067,1475 1064,1481 1059,1486 1055,1489 1049,1492 993,1493 991,1493 990,1485 981,1474 982,1470 983,1468 989,1467 997,1466"/>
					<TextEquiv>
						<Unicode>τὸν</Unicode>
					</TextEquiv>
				</Word>
				<Word id="r1135">
					<Coords points="1157,1443 1169,1451 1173,1452 1176,1453 1188,1464 1283,1464 1323,1466 1323,1470 1321,1476 1319,1480 1316,1484 1312,1486 1309,1488 1307,1490 1302,1491 1246,1492 1230,1505 1216,1493 1100,1492 1096,1479 1093,1471 1095,1467 1127,1465 1133,1465"/>
					<TextEquiv>
						<Unicode>πόλεμον</Unicode>
					</TextEquiv>
				</Word>
				<Word id="r1136">
					<Coords points="1365,1443 1502,1443 1505,1444 1509,1446 1534,1447 1536,1448 1552,1464 1626,1464 1628,1465 1629,1471 1646,1488 1644,1494 1638,1500 1537,1501 1534,1503 1531,1504 1519,1492 1363,1491 1358,1490 1356,1489 1353,1487 1351,1483 1351,1477 1352,1473 1353,1471 1354,1470 1363,1453 1364,1444"/>
					<TextEquiv>
						<Unicode>ἐκλυθῆναι,</Unicode>
					</TextEquiv>
				</Word>
				<TextEquiv>
					<Unicode>ἐβούλετο γὰρ ἐφ᾽ ἑαυτοῦ τὸν πόλεμον ἐκλυθῆναι,</Unicode>
				</TextEquiv>
			</TextLine>
			<TextLine id="r121">
				<Coords points="1277,1510 1570,1511 1573,1512 1593,1532 1630,1532 1631,1535 1647,1551 1649,1555 1648,1557 1646,1560 1313,1561 1304,1569 1300,1573 526,1578 516,1581 484,1583 482,1583 480,1581 281,1581 292,1567 237,1565 233,1563 230,1557 230,1551 231,1548 233,1546 234,1521 236,1519 277,1517 1275,1512"/>
				<Word id="r1137">
					<Coords points="279,1517 284,1520 308,1522 317,1525 319,1526 332,1539 348,1539 384,1541 384,1545 382,1551 380,1554 378,1558 374,1560 370,1563 367,1565 364,1566 319,1567 301,1580 283,1566 236,1564 232,1562 231,1559 230,1557 230,1551 231,1548 233,1546 234,1521 235,1519 276,1519"/>
					<TextEquiv>
						<Unicode>δόξαν</Unicode>
					</TextEquiv>
				</Word>
				<Word id="r1138">
					<Coords points="453,1517 457,1519 455,1521 454,1557 451,1563 447,1565 421,1565 416,1564 414,1562 413,1560 412,1554 413,1547 414,1545 416,1542 418,1540 421,1539 427,1538"/>
					<TextEquiv>
						<Unicode>οἱ</Unicode>
					</TextEquiv>
				</Word>
				<Word id="r1139">
					<Coords points="671,1516 694,1536 719,1536 720,1539 719,1542 716,1547 715,1550 714,1552 706,1558 702,1560 685,1563 683,1568 682,1572 681,1575 679,1576 525,1577 518,1579 515,1580 487,1581 482,1581 483,1580 484,1545 485,1542 487,1540 491,1538 517,1537 648,1537"/>
					<TextEquiv>
						<Unicode>χρηστὴν</Unicode>
					</TextEquiv>
				</Word>
				<Word id="r1140">
					<Coords points="817,1515 820,1517 824,1525 825,1528 828,1549 829,1555 826,1559 823,1561 821,1562 747,1562 746,1559 751,1544 752,1540 753,1538 769,1536 794,1536"/>
					<TextEquiv>
						<Unicode>καὶ</Unicode>
					</TextEquiv>
				</Word>
				<Word id="r1141">
					<Coords points="876,1514 950,1515 954,1523 955,1535 961,1539 962,1546 961,1553 959,1556 957,1557 956,1559 954,1560 951,1561 949,1562 900,1562 861,1559 859,1556 859,1549 860,1546 861,1544 874,1523"/>
					<TextEquiv>
						<Unicode>ἀπὸ</Unicode>
					</TextEquiv>
				</Word>
				<Word id="r1142">
					<Coords points="1094,1513 1100,1514 1102,1515 1126,1533 1133,1534 1135,1537 1133,1540 1132,1559 1130,1560 1124,1562 1122,1561 998,1560 998,1552 989,1541 990,1538 992,1535 1034,1534 1046,1534 1062,1518 1064,1517 1086,1517"/>
					<TextEquiv>
						<Unicode>τοῦδε</Unicode>
					</TextEquiv>
				</Word>
				<Word id="r1143">
					<Coords points="1278,1511 1309,1520 1327,1532 1343,1532 1380,1534 1380,1540 1379,1543 1377,1547 1373,1552 1368,1555 1366,1557 1362,1558 1359,1559 1312,1560 1299,1573 1224,1573 1212,1561 1169,1560 1168,1559 1169,1534 1189,1533 1254,1533"/>
					<TextEquiv>
						<Unicode>νομίζων</Unicode>
					</TextEquiv>
				</Word>
				<Word id="r1144">
					<Coords points="1440,1511 1569,1511 1572,1512 1592,1532 1629,1532 1630,1535 1647,1552 1648,1554 1647,1556 1645,1559 1425,1559 1422,1558 1420,1555 1418,1551 1418,1544 1422,1538 1423,1525 1425,1514 1437,1512 1439,1512"/>
					<TextEquiv>
						<Unicode>ἔσεσθαι.</Unicode>
					</TextEquiv>
				</Word>
				<TextEquiv>
					<Unicode>δόξαν οἱ χρηστὴν καὶ ἀπὸ τοῦδε νομίζων ἔσεσθαι.</Unicode>
				</TextEquiv>
			</TextLine>
			<TextLine id="r122">
				<Coords points="570,1584 572,1583 842,1582 845,1581 1605,1578 1628,1601 1650,1601 1650,1609 1648,1615 1644,1620 1639,1624 1636,1625 1633,1627 1617,1629 1615,1633 1614,1637 1613,1640 1613,1642 528,1647 523,1649 509,1635 238,1634 238,1626 230,1617 229,1614 230,1611 232,1609 234,1608 260,1608 279,1590 282,1589"/>
				<Word id="r1145">
					<Coords points="283,1589 287,1590 290,1592 306,1607 328,1608 328,1615 327,1617 325,1623 323,1625 315,1631 311,1633 238,1630 230,1617 229,1615 230,1612 232,1609 234,1608 261,1608 280,1590"/>
					<TextEquiv>
						<Unicode>τῶν</Unicode>
					</TextEquiv>
				</Word>
				<Word id="r1146">
					<Coords points="418,1587 422,1589 423,1592 425,1596 426,1599 427,1601 428,1607 430,1608 431,1611 429,1612 428,1632 426,1633 389,1633 383,1631 381,1628 380,1626 380,1617 382,1613 384,1590 385,1588 415,1588"/>
					<TextEquiv>
						<Unicode>δὲ</Unicode>
					</TextEquiv>
				</Word>
				<Word id="r1147">
					<Coords points="573,1583 577,1586 651,1586 655,1588 671,1604 754,1604 755,1609 754,1614 753,1616 751,1619 744,1626 740,1629 734,1631 732,1632 632,1632 621,1643 529,1645 524,1647 523,1648 509,1634 487,1630 480,1615 484,1608 487,1607 535,1606 538,1605 550,1605 571,1584"/>
					<TextEquiv>
						<Unicode>πρέσβεων</Unicode>
					</TextEquiv>
				</Word>
				<Word id="r1148">
					<Coords points="846,1581 848,1582 850,1584 849,1586 848,1592 847,1597 846,1621 844,1627 841,1630 813,1630 807,1628 805,1625 804,1613 805,1611 807,1609 808,1607 811,1605 814,1604 819,1603 844,1582"/>
					<TextEquiv>
						<Unicode>οἱ</Unicode>
					</TextEquiv>
				</Word>
				<Word id="r1149">
					<Coords points="945,1581 968,1602 985,1602 985,1612 983,1616 981,1619 979,1623 976,1624 974,1626 971,1627 967,1629 950,1630 914,1631 899,1645 897,1642 898,1638 899,1635 900,1633 902,1627 904,1617 906,1609 907,1606 915,1604"/>
					<TextEquiv>
						<Unicode>μὲν</Unicode>
					</TextEquiv>
				</Word>
				<Word id="r1150">
					<Coords points="1051,1582 1054,1583 1074,1602 1090,1602 1089,1608 1087,1624 1086,1626 1080,1629 1044,1628 1040,1626 1037,1622 1037,1612 1039,1610 1040,1608 1048,1600 1048,1584"/>
					<TextEquiv>
						<Unicode>ἐκ</Unicode>
					</TextEquiv>
				</Word>
				<Word id="r1151">
					<Coords points="1178,1585 1185,1587 1204,1603 1209,1604 1212,1605 1215,1609 1212,1611 1211,1626 1210,1629 1186,1630 1184,1636 1183,1638 1182,1641 1180,1642 1166,1629 1138,1628 1137,1619 1129,1608 1130,1604 1131,1603 1146,1602 1157,1602"/>
					<TextEquiv>
						<Unicode>τῆς</Unicode>
					</TextEquiv>
				</Word>
				<Word id="r1152">
					<Coords points="1372,1579 1397,1601 1427,1601 1432,1603 1434,1604 1435,1606 1435,1609 1433,1611 1431,1619 1429,1628 1425,1632 1282,1632 1269,1643 1267,1631 1259,1622 1258,1620 1257,1615 1258,1610 1260,1606 1277,1588 1279,1585 1363,1585"/>
					<TextEquiv>
						<Unicode>φιλίας</Unicode>
					</TextEquiv>
				</Word>
				<Word id="r1153">
					<Coords points="1491,1580 1494,1581 1516,1602 1518,1603 1522,1606 1523,1608 1522,1610 1518,1612 1517,1626 1515,1630 1511,1632 1506,1631 1484,1628 1481,1627 1478,1625 1475,1621 1474,1616 1475,1613 1477,1608 1480,1604 1486,1591 1487,1582"/>
					<TextEquiv>
						<Unicode>ἐς</Unicode>
					</TextEquiv>
				</Word>
				<Word id="r1154">
					<Coords points="1603,1579 1627,1601 1649,1605 1648,1611 1647,1614 1643,1619 1640,1622 1635,1624 1633,1626 1616,1628 1614,1631 1613,1633 1612,1637 1611,1642 1596,1628 1569,1627 1569,1621 1560,1608 1562,1602 1569,1601 1579,1601"/>
					<TextEquiv>
						<Unicode>τὴν</Unicode>
					</TextEquiv>
				</Word>
				<TextEquiv>
					<Unicode>τῶν δὲ πρέσβεων οἱ μὲν ἐκ τῆς φιλίας ἐς τὴν</Unicode>
				</TextEquiv>
			</TextLine>
			<TextLine id="r123">
				<Coords points="1117,1648 1273,1649 1275,1650 1414,1651 1417,1653 1573,1654 1581,1658 1592,1669 1658,1672 1660,1673 1662,1675 1660,1678 1659,1679 1658,1698 1657,1699 1089,1697 1046,1698 1043,1704 1041,1705 905,1708 901,1710 897,1711 784,1712 776,1704 227,1715 235,1699 229,1688 228,1685 230,1679 234,1677 266,1677 289,1654 572,1653 603,1651 876,1650 879,1649 1116,1649"/>
				<Word id="r1155">
					<Coords points="291,1654 302,1661 307,1662 310,1663 312,1664 324,1675 384,1675 384,1682 382,1688 380,1690 379,1692 377,1693 376,1695 373,1698 370,1699 366,1701 363,1702 287,1703 235,1699 229,1688 228,1686 230,1680 231,1678 233,1677 266,1677"/>
					<TextEquiv>
						<Unicode>πόλιν</Unicode>
					</TextEquiv>
				</Word>
				<Word id="r1156">
					<Coords points="605,1651 629,1673 697,1673 718,1674 722,1676 722,1682 720,1690 719,1700 717,1702 714,1703 712,1702 431,1701 429,1700 426,1698 423,1693 423,1686 425,1682 426,1681 436,1663 438,1654 602,1653"/>
					<TextEquiv>
						<Unicode>ἐσελθόντες</Unicode>
					</TextEquiv>
				</Word>
				<Word id="r1157">
					<Coords points="880,1649 882,1650 893,1653 909,1657 928,1670 1023,1670 1025,1671 1028,1673 1030,1676 1046,1693 1047,1696 1043,1700 1041,1704 1040,1705 907,1706 904,1707 900,1709 896,1710 783,1711 766,1699 760,1698 754,1692 753,1686 755,1680 756,1678 766,1668 766,1652 768,1651 879,1650"/>
					<TextEquiv>
						<Unicode>ἐξενίζοντο,</Unicode>
					</TextEquiv>
				</Word>
				<Word id="r1158">
					<Coords points="1117,1649 1121,1651 1119,1653 1118,1688 1117,1692 1114,1695 1079,1696 1077,1693 1076,1691 1076,1682 1077,1679 1080,1674 1084,1671 1093,1671"/>
					<TextEquiv>
						<Unicode>οἱ</Unicode>
					</TextEquiv>
				</Word>
				<Word id="r1159">
					<Coords points="1170,1649 1204,1650 1206,1654 1207,1657 1209,1665 1212,1672 1212,1675 1210,1682 1208,1695 1201,1696 1164,1693 1161,1688 1161,1682 1162,1679 1164,1677 1166,1674 1167,1650 1169,1650"/>
					<TextEquiv>
						<Unicode>δὲ</Unicode>
					</TextEquiv>
				</Word>
				<Word id="r1160">
					<Coords points="1272,1650 1276,1651 1301,1669 1310,1670 1311,1671 1311,1676 1309,1684 1308,1692 1304,1696 1282,1696 1263,1695 1259,1693 1257,1690 1256,1687 1256,1683 1257,1679 1258,1677 1269,1659 1270,1651"/>
					<TextEquiv>
						<Unicode>ἐκ</Unicode>
					</TextEquiv>
				</Word>
				<Word id="r1161">
					<Coords points="1409,1651 1414,1652 1417,1654 1433,1669 1456,1669 1457,1671 1457,1676 1456,1679 1454,1682 1450,1687 1445,1692 1442,1693 1440,1694 1437,1695 1366,1696 1366,1689 1357,1676 1360,1670 1387,1670"/>
					<TextEquiv>
						<Unicode>τῶν</Unicode>
					</TextEquiv>
				</Word>
				<Word id="r1162">
					<Coords points="1571,1654 1579,1658 1593,1671 1628,1671 1642,1680 1649,1682 1639,1684 1625,1685 1624,1695 1623,1696 1501,1696 1498,1685 1494,1680 1494,1678 1495,1674 1496,1672 1500,1670 1551,1669 1554,1669 1568,1655"/>
					<TextEquiv>
						<Unicode>πολε-</Unicode>
					</TextEquiv>
				</Word>
				<TextEquiv>
					<Unicode>πόλιν ἐσελθόντες ἐξενίζοντο, οἱ δὲ ἐκ τῶν πολε-</Unicode>
				</TextEquiv>
			</TextLine>
			<TextLine id="r124">
				<Coords points="1471,1715 1474,1717 1495,1737 1632,1737 1633,1739 1634,1742 1647,1755 1648,1758 1649,1760 1647,1764 1499,1765 1485,1779 233,1784 228,1785 228,1782 229,1778 232,1769 233,1764 235,1758 236,1756 237,1750 239,1746 258,1745 281,1722 283,1721 827,1719 829,1717 1469,1716"/>
				<Word id="r1163">
					<Coords points="283,1721 307,1744 355,1746 356,1749 371,1766 371,1768 370,1773 367,1776 363,1778 236,1781 232,1783 228,1783 232,1771 234,1763 236,1757 238,1749 240,1746 257,1746 281,1722"/>
					<TextEquiv>
						<Unicode>μίων,</Unicode>
					</TextEquiv>
				</Word>
				<Word id="r1164">
					<Coords points="444,1722 448,1724 474,1744 482,1746 485,1748 486,1750 483,1753 481,1761 480,1770 479,1772 477,1773 471,1772 429,1769 426,1768 424,1766 423,1764 422,1759 423,1753 424,1750 425,1748 438,1733 439,1728 442,1723"/>
					<TextEquiv>
						<Unicode>ὡς</Unicode>
					</TextEquiv>
				</Word>
				<Word id="r1165">
					<Coords points="570,1720 572,1721 597,1721 599,1722 619,1742 653,1742 657,1745 657,1751 655,1752 653,1770 650,1772 648,1773 645,1773 641,1770 556,1769 553,1768 551,1767 549,1764 547,1760 547,1758 548,1754 549,1751 551,1749 552,1735 554,1724 566,1723"/>
					<TextEquiv>
						<Unicode>ἔθος</Unicode>
					</TextEquiv>
				</Word>
				<Word id="r1166">
					<Coords points="830,1717 832,1718 856,1740 858,1741 860,1744 875,1764 874,1769 868,1774 862,1771 728,1767 726,1766 723,1764 721,1761 720,1759 720,1756 721,1752 722,1750 723,1747 732,1738 733,1721 827,1719 829,1718"/>
					<TextEquiv>
						<Unicode>ἐστίν,</Unicode>
					</TextEquiv>
				</Word>
				<Word id="r1167">
					<Coords points="949,1718 952,1719 971,1721 980,1724 996,1740 1015,1740 1019,1742 1021,1745 1021,1755 1020,1759 1018,1761 1014,1763 1011,1764 974,1765 973,1773 971,1777 967,1779 964,1780 961,1780 959,1779 958,1779 940,1767 933,1766 928,1760 927,1755 928,1750 932,1738 933,1726 940,1720"/>
					<TextEquiv>
						<Unicode>ἔξω</Unicode>
					</TextEquiv>
				</Word>
				<Word id="r1168">
					<Coords points="1210,1719 1213,1720 1234,1739 1255,1739 1255,1745 1254,1748 1253,1750 1252,1753 1250,1755 1242,1762 1238,1764 1235,1765 1233,1766 1193,1766 1182,1776 1173,1780 1169,1779 1149,1779 1136,1766 1082,1765 1081,1764 1080,1759 1072,1745 1073,1742 1074,1740 1076,1739 1154,1737 1189,1737 1207,1720"/>
					<TextEquiv>
						<Unicode>τειχῶν</Unicode>
					</TextEquiv>
				</Word>
				<Word id="r1169">
					<Coords points="1470,1716 1470,1717 1472,1717 1472,1718 1474,1718 1474,1719 1476,1719 1476,1720 1477,1720 1477,1721 1478,1721 1478,1727 1479,1727 1478,1727 1478,1733 1477,1733 1477,1737 1535,1737 1535,1738 1632,1738 1632,1741 1633,1741 1633,1743 1634,1743 1634,1744 1635,1744 1635,1745 1636,1745 1636,1746 1637,1746 1637,1747 1638,1747 1638,1748 1639,1748 1639,1749 1640,1749 1640,1751 1641,1751 1641,1752 1642,1752 1642,1753 1643,1753 1643,1754 1644,1754 1644,1755 1645,1755 1645,1756 1646,1756 1646,1757 1647,1757 1647,1759 1648,1759 1647,1759 1647,1761 1646,1761 1646,1763 1499,1763 1499,1764 1497,1764 1497,1765 1496,1765 1496,1766 1495,1766 1495,1767 1494,1767 1494,1768 1493,1768 1493,1769 1492,1769 1492,1770 1491,1770 1491,1771 1490,1771 1490,1772 1489,1772 1489,1773 1488,1773 1488,1774 1487,1774 1487,1775 1486,1775 1486,1776 1485,1776 1485,1777 1484,1777 1484,1778 1483,1778 1483,1779 1483,1773 1482,1773 1483,1773 1483,1770 1484,1770 1484,1767 1485,1767 1485,1763 1326,1763 1326,1764 1326,1763 1323,1763 1323,1762 1321,1762 1321,1761 1320,1761 1320,1759 1319,1759 1319,1758 1318,1758 1318,1754 1317,1754 1318,1754 1318,1749 1319,1749 1319,1746 1320,1746 1320,1744 1321,1744 1321,1743 1322,1743 1322,1742 1323,1742 1323,1740 1324,1740 1324,1738 1325,1738 1325,1736 1326,1736 1326,1734 1327,1734 1327,1732 1328,1732 1328,1730 1329,1730 1329,1728 1330,1728 1330,1726 1331,1726 1331,1718 1333,1718 1333,1717 1470,1717"/>
					<TextEquiv>
						<Unicode>ἐστάθμευον.</Unicode>
					</TextEquiv>
				</Word>
				<TextEquiv>
					<Unicode>μίων, ὡς ἔθος ἐστίν, ἔξω τειχῶν ἐστάθμευον.</Unicode>
				</TextEquiv>
			</TextLine>
			<TextLine id="r125">
				<Coords points="1400,1783 1402,1784 1637,1784 1638,1786 1641,1791 1643,1794 1644,1799 1647,1820 1650,1823 1647,1829 1644,1833 1509,1833 1508,1835 1506,1838 1503,1840 1459,1843 1393,1845 454,1850 444,1840 235,1839 233,1838 231,1835 232,1826 234,1821 236,1819 246,1801 247,1793 346,1792 348,1790 1399,1784"/>
				<Word id="r1171">
					<Coords points="349,1790 525,1791 546,1795 559,1798 571,1810 686,1810 689,1824 690,1827 687,1833 682,1835 572,1837 569,1838 558,1839 548,1849 454,1849 444,1839 234,1838 232,1836 231,1834 232,1825 233,1823 235,1821 236,1819 247,1801 248,1793 346,1792 348,1791"/>
					<TextEquiv>
						<Unicode>ἀποδοκιμάζουσα</Unicode>
					</TextEquiv>
				</Word>
				<Word id="r1172">
					<Coords points="749,1788 778,1788 780,1789 782,1793 782,1795 781,1799 780,1801 773,1803 767,1804 766,1825 765,1828 763,1832 758,1834 756,1835 750,1835 748,1834 745,1832 743,1829 742,1820 743,1818 745,1816 746,1813 747,1790"/>
					<TextEquiv>
						<Unicode>δ᾽</Unicode>
					</TextEquiv>
				</Word>
				<Word id="r1173">
					<Coords points="852,1789 857,1792 858,1811 860,1815 860,1819 859,1823 858,1826 856,1834 855,1837 854,1841 853,1844 850,1847 835,1829 832,1819 833,1816 835,1813 846,1798 847,1792 848,1790 850,1790"/>
					<TextEquiv>
						<Unicode>ἡ</Unicode>
					</TextEquiv>
				</Word>
				<Word id="r1174">
					<Coords points="1063,1786 1066,1787 1067,1790 1070,1796 1071,1800 1079,1810 1080,1813 1081,1817 1079,1823 1078,1827 1074,1839 1073,1843 1072,1845 912,1846 909,1844 914,1824 917,1815 918,1810 919,1807 921,1803 922,1800 925,1794 927,1792 935,1788 1059,1788"/>
					<TextEquiv>
						<Unicode>βουλὴ</Unicode>
					</TextEquiv>
				</Word>
				<Word id="r1175">
					<Coords points="1189,1789 1209,1807 1234,1807 1234,1815 1233,1818 1231,1821 1227,1825 1223,1828 1217,1832 1213,1833 1199,1834 1198,1839 1197,1843 1194,1846 1180,1834 1154,1833 1153,1829 1144,1814 1145,1809 1151,1808 1163,1807"/>
					<TextEquiv>
						<Unicode>τὴν</Unicode>
					</TextEquiv>
				</Word>
				<Word id="r1176">
					<Coords points="1400,1784 1400,1785 1402,1785 1402,1786 1403,1786 1403,1787 1404,1787 1404,1788 1405,1788 1405,1789 1406,1789 1406,1790 1407,1790 1407,1791 1408,1791 1408,1792 1409,1792 1409,1793 1410,1793 1410,1794 1411,1794 1411,1795 1413,1795 1413,1796 1414,1796 1414,1797 1415,1797 1415,1798 1416,1798 1416,1799 1417,1799 1417,1800 1418,1800 1418,1801 1419,1801 1419,1802 1420,1802 1420,1803 1421,1803 1421,1804 1422,1804 1422,1805 1495,1805 1495,1812 1494,1812 1494,1816 1493,1816 1493,1818 1492,1818 1492,1819 1488,1819 1488,1820 1487,1820 1487,1824 1505,1824 1505,1825 1507,1825 1507,1826 1508,1826 1508,1827 1509,1827 1509,1832 1508,1832 1508,1833 1507,1833 1507,1834 1506,1834 1506,1836 1505,1836 1505,1837 1504,1837 1504,1838 1503,1838 1503,1839 1458,1839 1458,1843 1392,1843 1392,1844 1388,1844 1388,1843 1341,1843 1341,1842 1340,1842 1340,1841 1339,1841 1339,1840 1338,1840 1338,1839 1337,1839 1337,1838 1336,1838 1336,1837 1335,1837 1335,1836 1334,1836 1334,1835 1333,1835 1333,1834 1332,1834 1332,1833 1331,1833 1331,1832 1301,1832 1301,1831 1299,1831 1299,1830 1298,1830 1298,1828 1297,1828 1297,1826 1296,1826 1296,1824 1295,1824 1295,1820 1296,1820 1296,1815 1297,1815 1297,1813 1298,1813 1298,1812 1299,1812 1299,1811 1300,1811 1300,1810 1301,1810 1301,1809 1302,1809 1302,1808 1303,1808 1303,1807 1305,1807 1305,1806 1309,1806 1309,1805 1310,1805 1310,1804 1311,1804 1311,1803 1312,1803 1312,1802 1313,1802 1313,1801 1314,1801 1314,1800 1315,1800 1315,1799 1316,1799 1316,1798 1317,1798 1317,1797 1318,1797 1318,1796 1319,1796 1319,1795 1320,1795 1320,1794 1321,1794 1321,1793 1322,1793 1322,1792 1323,1792 1323,1791 1324,1791 1324,1790 1325,1790 1325,1789 1326,1789 1326,1788 1327,1788 1327,1787 1328,1787 1328,1786 1329,1786 1329,1785 1400,1785"/>
					<TextEquiv>
						<Unicode>εἰρήνην,</Unicode>
					</TextEquiv>
				</Word>
				<Word id="r1178">
					<Coords points="1636,1785 1638,1787 1639,1789 1641,1792 1642,1794 1643,1799 1646,1820 1648,1824 1646,1828 1643,1832 1562,1830 1563,1826 1565,1822 1566,1818 1568,1812 1569,1808 1570,1807 1586,1805 1616,1805"/>
					<TextEquiv>
						<Unicode>καὶ</Unicode>
					</TextEquiv>
				</Word>
				<TextEquiv>
					<Unicode>ἀποδοκιμάζουσα δ᾽ ἡ βουλὴ τὴν εἰρήνην, καὶ</Unicode>
				</TextEquiv>
			</TextLine>
			<TextLine id="r126">
				<Coords points="1587,1851 1612,1874 1647,1874 1649,1879 1648,1884 1646,1890 1645,1892 1638,1899 1634,1901 1573,1901 1560,1913 1557,1915 1556,1916 1233,1916 1231,1917 591,1920 533,1923 229,1924 228,1890 228,1887 229,1885 230,1884 235,1881 237,1880 292,1880 305,1867 307,1866 426,1865 429,1863 1585,1852"/>
				<Word id="r1179">
					<Coords points="434,1863 463,1880 472,1881 478,1887 477,1889 473,1890 472,1908 470,1910 467,1911 274,1912 263,1923 229,1923 228,1890 228,1887 229,1885 230,1884 232,1883 235,1881 237,1880 292,1880 305,1867 307,1866 426,1866"/>
					<TextEquiv>
						<Unicode>χαλεπῶς</Unicode>
					</TextEquiv>
				</Word>
				<Word id="r1180">
					<Coords points="581,1862 601,1878 748,1878 751,1895 751,1900 749,1903 745,1905 604,1906 590,1920 536,1921 532,1922 530,1916 523,1902 521,1899 520,1897 519,1893 520,1889 521,1886 538,1867 539,1864 540,1863 577,1863"/>
					<TextEquiv>
						<Unicode>φέρουσα</Unicode>
					</TextEquiv>
				</Word>
				<Word id="r1181">
					<Coords points="802,1860 819,1860 836,1877 868,1877 871,1892 872,1895 871,1899 869,1902 863,1904 803,1904 797,1901 794,1894 794,1889 796,1884 799,1881 801,1862"/>
					<TextEquiv>
						<Unicode>ὅτι</Unicode>
					</TextEquiv>
				</Word>
				<Word id="r1182">
					<Coords points="975,1858 978,1883 993,1899 994,1902 993,1904 991,1907 987,1911 978,1912 970,1914 968,1917 908,1917 908,1912 909,1909 911,1907 912,1900 913,1897 915,1889 916,1886 917,1882 919,1878 953,1877"/>
					<TextEquiv>
						<Unicode>μή,</Unicode>
					</TextEquiv>
				</Word>
				<Word id="r1183">
					<Coords points="1113,1857 1155,1857 1155,1858 1157,1858 1157,1859 1158,1859 1158,1860 1159,1860 1159,1861 1160,1861 1160,1862 1161,1862 1161,1863 1163,1863 1163,1864 1164,1864 1164,1865 1165,1865 1165,1866 1166,1866 1166,1867 1167,1867 1167,1868 1168,1868 1168,1869 1170,1869 1170,1870 1171,1870 1171,1871 1172,1871 1172,1872 1173,1872 1173,1873 1174,1873 1174,1874 1248,1874 1248,1875 1252,1875 1252,1876 1254,1876 1254,1877 1255,1877 1255,1880 1256,1880 1256,1883 1257,1883 1257,1887 1256,1887 1256,1891 1255,1891 1255,1893 1254,1893 1254,1896 1253,1896 1253,1897 1252,1897 1252,1898 1251,1898 1251,1899 1250,1899 1250,1900 1248,1900 1248,1901 1241,1901 1241,1902 1239,1902 1239,1903 1238,1903 1238,1904 1237,1904 1237,1905 1236,1905 1236,1906 1235,1906 1235,1907 1234,1907 1234,1913 1233,1913 1233,1914 1232,1914 1232,1915 1230,1915 1230,1916 1229,1916 1229,1917 1229,1916 1227,1916 1227,1915 1226,1915 1226,1914 1225,1914 1225,1913 1224,1913 1224,1912 1223,1912 1223,1911 1222,1911 1222,1910 1221,1910 1221,1909 1219,1909 1219,1908 1218,1908 1218,1907 1217,1907 1217,1906 1216,1906 1216,1905 1215,1905 1215,1904 1214,1904 1214,1903 1213,1903 1213,1902 1212,1902 1212,1901 1210,1901 1210,1900 1103,1900 1103,1901 1080,1901 1080,1902 1023,1902 1023,1900 1022,1900 1023,1900 1023,1898 1024,1898 1024,1896 1025,1896 1025,1893 1026,1893 1026,1889 1027,1889 1027,1886 1028,1886 1028,1883 1029,1883 1029,1880 1030,1880 1030,1879 1031,1879 1031,1878 1039,1878 1039,1877 1047,1877 1047,1876 1090,1876 1090,1875 1091,1875 1091,1874 1092,1874 1092,1873 1094,1873 1094,1872 1095,1872 1095,1871 1096,1871 1096,1870 1098,1870 1098,1869 1099,1869 1099,1868 1100,1868 1100,1867 1102,1867 1102,1866 1103,1866 1103,1865 1104,1865 1104,1864 1106,1864 1106,1863 1107,1863 1107,1862 1108,1862 1108,1861 1110,1861 1110,1860 1111,1860 1111,1859 1112,1859 1112,1858 1113,1858"/>
					<TextEquiv>
						<Unicode>καθάπερ</Unicode>
					</TextEquiv>
				</Word>
				<Word id="r1185">
					<Coords points="1440,1854 1469,1874 1476,1875 1481,1881 1479,1883 1476,1884 1474,1902 1468,1904 1464,1903 1436,1901 1299,1900 1298,1899 1297,1897 1296,1893 1297,1889 1302,1879 1303,1878 1307,1876 1316,1875 1344,1855 1437,1855"/>
					<TextEquiv>
						<Unicode>αὐτοὺς</Unicode>
					</TextEquiv>
				</Word>
				<Word id="r1186">
					<Coords points="1586,1852 1610,1874 1646,1874 1647,1876 1647,1879 1646,1884 1644,1890 1640,1895 1635,1899 1572,1900 1558,1913 1556,1915 1523,1914 1522,1912 1510,1894 1506,1884 1507,1881 1508,1880 1523,1860 1524,1854 1583,1854"/>
					<TextEquiv>
						<Unicode>ἠξίου</Unicode>
					</TextEquiv>
				</Word>
				<TextEquiv>
					<Unicode>χαλεπῶς φέρουσα ὅτι μή, καθάπερ αὐτοὺς ἠξίου</Unicode>
				</TextEquiv>
			</TextLine>
			<TextLine id="r127">
				<Coords points="1346,1920 1348,1921 1608,1921 1634,1943 1641,1944 1645,1946 1648,1949 1645,1952 1643,1953 1641,1971 1268,1973 1257,1984 680,1988 677,1990 325,1988 313,1976 232,1976 231,1933 230,1931 348,1930 353,1929 581,1928 583,1926 1344,1921"/>
				<Word id="r1187">
					<Coords points="354,1929 452,1929 452,1930 454,1930 454,1931 455,1931 455,1932 457,1932 457,1933 458,1933 458,1934 459,1934 459,1935 461,1935 461,1936 462,1936 462,1937 463,1937 463,1938 465,1938 465,1939 466,1939 466,1940 467,1940 467,1941 469,1941 469,1942 470,1942 470,1943 471,1943 471,1944 473,1944 473,1945 474,1945 474,1946 475,1946 475,1947 477,1947 477,1948 478,1948 478,1949 479,1949 479,1950 522,1950 522,1954 521,1954 521,1957 520,1957 520,1959 519,1959 519,1961 518,1961 518,1964 512,1964 512,1965 511,1965 511,1968 509,1968 509,1969 508,1969 508,1970 506,1970 506,1971 504,1971 504,1972 493,1972 493,1973 483,1973 483,1974 387,1974 387,1975 354,1975 354,1976 351,1976 351,1977 340,1977 340,1978 338,1978 338,1979 337,1979 337,1980 336,1980 336,1981 334,1981 334,1982 333,1982 333,1983 332,1983 332,1984 330,1984 330,1985 329,1985 329,1986 328,1986 328,1987 327,1987 327,1988 327,1987 325,1987 325,1986 324,1986 324,1985 323,1985 323,1984 322,1984 322,1983 321,1983 321,1982 320,1982 320,1981 318,1981 318,1980 317,1980 317,1979 316,1979 316,1978 315,1978 315,1977 314,1977 314,1976 313,1976 313,1975 232,1975 232,1933 231,1933 231,1931 230,1931 351,1931 351,1930 354,1930"/>
					<TextEquiv>
						<Unicode>Νωβελίων</Unicode>
					</TextEquiv>
				</Word>
				<Word id="r1189">
					<Coords points="587,1926 591,1927 591,1962 590,1966 589,1968 587,1971 584,1973 582,1974 574,1974 572,1973 570,1970 568,1965 568,1963 569,1957 570,1955 576,1949 579,1948 580,1929 581,1927 583,1927"/>
					<TextEquiv>
						<Unicode>ὁ</Unicode>
					</TextEquiv>
				</Word>
				<Word id="r1190">
					<Coords points="718,1926 720,1927 722,1931 724,1934 726,1939 729,1949 732,1953 732,1959 731,1964 730,1967 728,1969 724,1972 723,1973 694,1973 683,1975 681,1978 679,1986 678,1988 676,1989 661,1975 639,1974 636,1962 632,1957 632,1954 634,1950 644,1948 690,1947 695,1947"/>
					<TextEquiv>
						<Unicode>πρὸ</Unicode>
					</TextEquiv>
				</Word>
				<Word id="r1191">
					<Coords points="959,1924 967,1930 1005,1930 1008,1931 1012,1933 1022,1943 1096,1944 1097,1950 1111,1964 1112,1968 1111,1973 1110,1975 1105,1979 1103,1980 880,1983 874,1986 861,1973 843,1972 774,1971 774,1927 818,1926 955,1926"/>
					<TextEquiv>
						<Unicode>Μαρκέλλου,</Unicode>
					</TextEquiv>
				</Word>
				<Word id="r1192">
					<Coords points="1346,1921 1370,1943 1415,1943 1417,1944 1420,1946 1421,1948 1421,1950 1419,1952 1417,1953 1416,1970 1413,1971 1268,1972 1254,1984 1240,1971 1219,1970 1175,1969 1169,1968 1169,1951 1150,1929 1151,1925 1152,1923 1342,1923"/>
					<TextEquiv>
						<Unicode>Ῥωμαίοις</Unicode>
					</TextEquiv>
				</Word>
				<Word id="r1193">
					<Coords points="1514,1921 1607,1921 1609,1922 1635,1944 1641,1945 1643,1946 1646,1950 1641,1951 1640,1962 1638,1971 1636,1970 1466,1969 1464,1968 1462,1964 1462,1956 1463,1954 1465,1951 1467,1947 1469,1945 1477,1941 1494,1941"/>
					<TextEquiv>
						<Unicode>αὑτοὺς</Unicode>
					</TextEquiv>
				</Word>
				<TextEquiv>
					<Unicode>Νωβελίων ὁ πρὸ Μαρκέλλου, Ῥωμαίοις αὑτοὺς</Unicode>
				</TextEquiv>
			</TextLine>
			<TextLine id="r128">
				<Coords points="1321,1987 1323,1988 1634,1989 1636,1993 1637,1999 1639,2002 1640,2004 1641,2011 1644,2012 1646,2027 1648,2029 1647,2033 1643,2037 1599,2037 1554,2039 1552,2043 1551,2046 1549,2050 1548,2051 1502,2053 492,2060 487,2061 413,2061 398,2046 241,2045 236,2044 233,2042 231,2039 230,2036 230,2034 231,2029 233,2025 242,2016 243,1999 1319,1989"/>
				<Word id="r1194">
					<Coords points="466,1997 472,2000 500,2000 515,2015 643,2015 645,2019 659,2037 659,2040 658,2044 656,2047 502,2049 491,2060 413,2060 398,2045 240,2044 235,2043 233,2042 231,2039 230,2036 230,2034 231,2029 233,2025 243,2015 243,1999 461,1999"/>
					<TextEquiv>
						<Unicode>ἐπετετρόφεσαν,</Unicode>
					</TextEquiv>
				</Word>
				<Word id="r1195">
					<Coords points="770,1995 777,1999 911,1999 917,2002 928,2013 962,2013 997,2014 998,2017 995,2026 993,2027 992,2029 990,2032 987,2035 984,2036 981,2038 978,2039 796,2041 777,2058 759,2042 680,2041 680,1997 722,1996 766,1996"/>
					<TextEquiv>
						<Unicode>Μάρκελλον</Unicode>
					</TextEquiv>
				</Word>
				<Word id="r1196">
					<Coords points="1070,1992 1074,1993 1160,1993 1163,1994 1165,1995 1184,2013 1186,2014 1189,2018 1186,2021 1185,2036 1184,2038 1183,2041 1179,2042 1177,2042 1175,2041 1023,2039 1019,2038 1017,2037 1016,2035 1016,2027 1017,2023 1021,2017 1026,2013 1031,2012 1047,2012"/>
					<TextEquiv>
						<Unicode>αὐτοῖς</Unicode>
					</TextEquiv>
				</Word>
				<Word id="r1197">
					<Coords points="1321,1988 1323,1989 1346,2011 1434,2012 1435,2015 1434,2019 1431,2024 1430,2026 1427,2030 1425,2032 1422,2034 1419,2035 1417,2036 1414,2037 1274,2039 1260,2052 1256,2053 1251,2052 1230,2037 1224,2036 1220,2031 1219,2025 1220,2020 1222,2016 1232,1998 1233,1990 1318,1990"/>
					<TextEquiv>
						<Unicode>ἐξοίσειν</Unicode>
					</TextEquiv>
				</Word>
				<Word id="r1198">
					<Coords points="1483,1989 1490,1993 1510,1993 1527,2010 1555,2011 1557,2012 1558,2014 1559,2018 1555,2034 1554,2037 1552,2040 1551,2042 1550,2045 1547,2051 1501,2051 1498,2053 1475,2038 1467,2037 1464,2035 1461,2029 1461,2021 1463,2019 1465,2015 1468,1991 1480,1990"/>
					<TextEquiv>
						<Unicode>ἔφη</Unicode>
					</TextEquiv>
				</Word>
				<Word id="r1199">
					<Coords points="1631,1989 1634,1990 1635,1992 1636,1996 1638,2001 1639,2003 1640,2008 1642,2012 1644,2019 1646,2029 1644,2034 1598,2036 1595,2036 1595,2029 1587,2017 1590,2011 1607,2011"/>
					<TextEquiv>
						<Unicode>τὰ</Unicode>
					</TextEquiv>
				</Word>
				<TextEquiv>
					<Unicode>ἐπετετρόφεσαν, Μάρκελλον αὐτοῖς ἐξοίσειν ἔφη τὰ</Unicode>
				</TextEquiv>
			</TextLine>
			<TextLine id="r129">
				<Coords points="1407,2057 1410,2059 1621,2059 1643,2080 1646,2084 1645,2088 1643,2089 1642,2106 1641,2108 1638,2109 1637,2110 1424,2110 1413,2121 296,2127 277,2114 270,2113 237,2112 233,2110 232,2109 230,2106 229,2102 230,2097 231,2094 232,2092 235,2089 235,2068 237,2065 1405,2058"/>
				<Word id="r1200">
					<Coords points="237,2065 309,2068 319,2071 333,2085 448,2085 450,2086 467,2102 471,2107 470,2110 469,2112 320,2113 307,2125 301,2126 276,2113 269,2112 236,2111 234,2110 231,2108 229,2105 229,2101 230,2096 231,2093 233,2090 235,2068 236,2066"/>
					<TextEquiv>
						<Unicode>δόξαντα.</Unicode>
					</TextEquiv>
				</Word>
				<Word id="r1201">
					<Coords points="654,2063 657,2064 661,2072 662,2076 665,2096 667,2101 666,2104 663,2108 580,2110 580,2105 582,2101 583,2098 584,2096 585,2093 586,2089 588,2086 590,2084 631,2084"/>
					<TextEquiv>
						<Unicode>καὶ</Unicode>
					</TextEquiv>
				</Word>
				<Word id="r1202">
					<Coords points="943,2061 967,2082 989,2082 990,2084 990,2087 989,2090 986,2096 978,2104 975,2106 969,2108 826,2110 809,2124 791,2111 788,2110 745,2109 742,2108 739,2106 738,2103 738,2096 739,2093 741,2091 742,2089 747,2086 750,2085 752,2084 918,2081 920,2081"/>
					<TextEquiv>
						<Unicode>στρατιὰν</Unicode>
					</TextEquiv>
				</Word>
				<Word id="r1203">
					<Coords points="1102,2060 1171,2060 1195,2079 1203,2080 1206,2081 1210,2086 1208,2089 1205,2090 1203,2108 1199,2110 1193,2109 1072,2107 1067,2104 1064,2100 1063,2096 1065,2090 1072,2082 1075,2081 1079,2080"/>
					<TextEquiv>
						<Unicode>εὐθὺς</Unicode>
					</TextEquiv>
				</Word>
				<Word id="r1204">
					<Coords points="1406,2058 1428,2078 1529,2079 1529,2087 1528,2090 1526,2094 1524,2095 1522,2099 1518,2102 1515,2104 1511,2105 1508,2106 1426,2107 1411,2121 1401,2119 1382,2107 1288,2106 1284,2104 1281,2098 1281,2092 1284,2086 1293,2077 1293,2060 1294,2059 1404,2059"/>
					<TextEquiv>
						<Unicode>ἐκλήρουν</Unicode>
					</TextEquiv>
				</Word>
				<Word id="r1205">
					<Coords points="1618,2059 1621,2060 1645,2083 1644,2086 1641,2088 1640,2106 1639,2108 1635,2109 1631,2106 1609,2105 1605,2103 1603,2100 1602,2091 1605,2085 1614,2068"/>
					<TextEquiv>
						<Unicode>ἐς</Unicode>
					</TextEquiv>
				</Word>
				<TextEquiv>
					<Unicode>δόξαντα. καὶ στρατιὰν εὐθὺς ἐκλήρουν ἐς</Unicode>
				</TextEquiv>
			</TextLine>
			<TextLine id="r130">
				<Coords points="1250,2125 1262,2128 1271,2129 1607,2129 1609,2130 1631,2148 1640,2149 1644,2159 1642,2165 1640,2167 1636,2170 1630,2173 1629,2174 1458,2174 1371,2176 1368,2178 1364,2179 1281,2180 1272,2188 1268,2190 352,2195 349,2197 346,2196 331,2193 272,2192 259,2180 240,2184 230,2143 228,2136 230,2133 912,2130 994,2128 1246,2128"/>
				<Word id="r1206">
					<Coords points="230,2133 399,2133 424,2154 430,2155 464,2155 464,2162 463,2164 462,2167 459,2170 457,2174 451,2178 445,2180 441,2181 364,2182 350,2195 348,2196 337,2193 330,2192 272,2192 253,2181 245,2180 245,2163 231,2148 230,2143 228,2136 230,2134"/>
					<TextEquiv>
						<Unicode>Ἰβηρίαν</Unicode>
					</TextEquiv>
				</Word>
				<Word id="r1207">
					<Coords points="554,2136 575,2152 615,2152 618,2154 618,2156 617,2158 616,2162 615,2172 613,2179 612,2180 512,2179 511,2174 502,2160 504,2155 505,2154 532,2154"/>
					<TextEquiv>
						<Unicode>τότε</Unicode>
					</TextEquiv>
				</Word>
				<Word id="r1208">
					<Coords points="757,2132 761,2133 763,2134 781,2151 858,2151 858,2158 857,2161 855,2164 851,2169 846,2173 843,2175 841,2176 838,2177 715,2179 699,2193 684,2180 661,2179 657,2166 654,2160 656,2155 661,2153 692,2152 711,2151 735,2151 753,2133"/>
					<TextEquiv>
						<Unicode>πρῶτον</Unicode>
					</TextEquiv>
				</Word>
				<Word id="r1209">
					<Coords points="996,2128 998,2129 999,2132 1001,2135 1002,2137 1003,2140 1005,2144 1006,2163 1008,2166 1008,2168 1007,2171 1005,2174 999,2176 903,2176 900,2175 897,2173 896,2165 899,2159 911,2147 911,2130 993,2130"/>
					<TextEquiv>
						<Unicode>ἀντὶ</Unicode>
					</TextEquiv>
				</Word>
				<Word id="r1210">
					<Coords points="1250,2126 1255,2129 1275,2132 1285,2135 1296,2146 1389,2146 1391,2147 1392,2149 1392,2154 1390,2155 1376,2156 1372,2158 1371,2173 1370,2175 1368,2177 1363,2178 1280,2179 1270,2188 1268,2189 1264,2190 1260,2189 1248,2177 1052,2175 1051,2173 1052,2170 1053,2168 1056,2159 1057,2157 1059,2151 1076,2149 1177,2148 1191,2134 1243,2131 1247,2128"/>
					<TextEquiv>
						<Unicode>καταλέξεως˙</Unicode>
					</TextEquiv>
				</Word>
				<Word id="r1211">
					<Coords points="1602,2129 1607,2130 1609,2131 1628,2148 1633,2149 1637,2156 1643,2158 1641,2164 1638,2167 1634,2170 1630,2172 1629,2173 1438,2173 1435,2162 1432,2153 1433,2150 1434,2149 1436,2148 1463,2147 1490,2147 1506,2131 1596,2131"/>
					<TextEquiv>
						<Unicode>πολλῶν</Unicode>
					</TextEquiv>
				</Word>
				<TextEquiv>
					<Unicode>Ἰβηρίαν τότε πρῶτον ἀντὶ καταλέξεως˙ πολλῶν</Unicode>
				</TextEquiv>
			</TextLine>
			<TextLine id="r131">
				<Coords points="1178,2194 1584,2195 1606,2215 1610,2216 1640,2216 1643,2232 1644,2236 1641,2240 1568,2242 1329,2244 1326,2246 815,2248 813,2249 522,2250 509,2262 508,2263 299,2264 241,2262 240,2255 229,2238 228,2236 227,2233 228,2229 229,2226 230,2225 233,2223 252,2223 275,2200 964,2197 966,2196 1176,2196"/>
				<Word id="r1212">
					<Coords points="276,2200 300,2222 322,2222 324,2223 326,2226 326,2238 325,2241 323,2245 317,2248 306,2250 304,2257 303,2260 301,2263 298,2262 240,2261 240,2250 229,2238 227,2234 228,2230 229,2227 230,2225 233,2223 252,2223"/>
					<TextEquiv>
						<Unicode>γὰρ</Unicode>
					</TextEquiv>
				</Word>
				<Word id="r1213">
					<Coords points="564,2199 588,2222 665,2222 665,2228 664,2231 663,2233 657,2241 654,2243 650,2245 647,2247 645,2248 522,2248 506,2263 493,2250 360,2249 357,2248 355,2247 354,2243 354,2237 355,2233 358,2230 361,2226 367,2223 378,2223 400,2201 563,2200"/>
					<TextEquiv>
						<Unicode>αἰτιωμένων</Unicode>
					</TextEquiv>
				</Word>
				<Word id="r1214">
					<Coords points="781,2198 811,2221 817,2222 821,2224 822,2227 817,2229 816,2247 813,2248 811,2249 810,2248 718,2247 716,2246 716,2240 707,2227 709,2222 711,2221 756,2221"/>
					<TextEquiv>
						<Unicode>τοὺς</Unicode>
					</TextEquiv>
				</Word>
				<Word id="r1215">
					<Coords points="967,2196 969,2197 989,2217 1079,2217 1088,2219 1090,2220 1091,2224 1087,2226 1085,2243 1083,2246 871,2245 869,2244 868,2242 870,2218 875,2202 876,2199 878,2198 966,2197"/>
					<TextEquiv>
						<Unicode>ὑπάτους</Unicode>
					</TextEquiv>
				</Word>
				<Word id="r1216">
					<Coords points="1177,2195 1216,2195 1237,2216 1328,2216 1331,2217 1335,2219 1336,2223 1333,2226 1331,2227 1330,2243 1327,2244 1322,2246 1318,2244 1138,2243 1134,2241 1133,2239 1133,2230 1135,2228 1136,2226 1148,2206 1149,2197 1175,2197"/>
					<TextEquiv>
						<Unicode>ἀδίκους</Unicode>
					</TextEquiv>
				</Word>
				<Word id="r1217">
					<Coords points="1580,2195 1584,2196 1604,2215 1606,2216 1639,2216 1640,2232 1643,2234 1640,2239 1567,2241 1384,2242 1381,2230 1378,2226 1379,2220 1380,2217 1383,2216 1432,2215 1486,2215 1503,2198 1573,2197 1575,2196 1577,2196"/>
					<TextEquiv>
						<Unicode>ποιεῖσθαι</Unicode>
					</TextEquiv>
				</Word>
				<TextEquiv>
					<Unicode>γὰρ αἰτιωμένων τοὺς ὑπάτους ἀδίκους ποιεῖσθαι</Unicode>
				</TextEquiv>
			</TextLine>
			<TextLine id="r132">
				<Coords points="1552,2261 1554,2262 1577,2283 1580,2284 1615,2284 1642,2286 1644,2287 1645,2289 1645,2291 1643,2293 1641,2301 1640,2310 1636,2314 1570,2314 1557,2327 630,2330 543,2332 524,2330 522,2330 514,2322 305,2321 302,2319 239,2317 238,2309 229,2298 230,2294 232,2291 250,2291 272,2269 274,2268 1551,2262"/>
				<Word id="r1218">
					<Coords points="274,2268 276,2269 304,2291 312,2292 315,2293 317,2295 318,2298 316,2300 314,2301 313,2317 312,2319 307,2321 301,2317 238,2316 238,2308 229,2298 230,2295 232,2291 250,2291 272,2269"/>
					<TextEquiv>
						<Unicode>τὰς</Unicode>
					</TextEquiv>
				</Word>
				<Word id="r1219">
					<Coords points="668,2267 699,2290 707,2291 710,2292 712,2293 713,2296 711,2298 709,2305 708,2314 707,2316 705,2318 640,2319 629,2330 543,2330 523,2329 522,2329 510,2317 385,2316 368,2315 369,2312 370,2310 371,2306 375,2294 376,2292 390,2291 426,2290 619,2290 635,2274 638,2272 662,2272"/>
					<TextEquiv>
						<Unicode>καταγραφὰς</Unicode>
					</TextEquiv>
				</Word>
				<Word id="r1220">
					<Coords points="851,2266 853,2267 852,2305 851,2308 849,2309 847,2312 844,2314 764,2314 763,2312 764,2310 765,2307 766,2305 769,2293 770,2290 786,2288 827,2288"/>
					<TextEquiv>
						<Unicode>καί</Unicode>
					</TextEquiv>
				</Word>
				<Word id="r1221">
					<Coords points="1008,2286 1032,2286 1037,2287 1040,2289 1041,2294 1039,2296 1037,2297 1035,2315 1030,2317 1026,2316 911,2313 910,2309 902,2297 901,2295 903,2289 906,2288 959,2287 1007,2287"/>
					<TextEquiv>
						<Unicode>τινας</Unicode>
					</TextEquiv>
				</Word>
				<Word id="r1222">
					<Coords points="1109,2265 1112,2266 1134,2287 1138,2290 1139,2293 1136,2296 1135,2304 1133,2313 1131,2315 1128,2316 1123,2315 1101,2313 1097,2312 1095,2311 1092,2305 1092,2297 1093,2295 1095,2293 1104,2275 1106,2266"/>
					<TextEquiv>
						<Unicode>ἐς</Unicode>
					</TextEquiv>
				</Word>
				<Word id="r1223">
					<Coords points="1235,2264 1263,2284 1271,2285 1275,2286 1280,2291 1277,2294 1275,2295 1274,2311 1272,2314 1263,2314 1199,2311 1198,2307 1190,2295 1189,2292 1190,2289 1196,2286 1206,2285"/>
					<TextEquiv>
						<Unicode>τὰς</Unicode>
					</TextEquiv>
				</Word>
				<Word id="r1224">
					<Coords points="1552,2262 1554,2263 1575,2283 1577,2284 1614,2284 1616,2285 1641,2286 1643,2287 1643,2292 1639,2293 1637,2311 1570,2313 1556,2327 1438,2327 1422,2311 1333,2310 1332,2307 1336,2295 1337,2291 1338,2288 1340,2285 1431,2284 1449,2267 1451,2266 1547,2266"/>
					<TextEquiv>
						<Unicode>κουφοτέρας</Unicode>
					</TextEquiv>
				</Word>
				<TextEquiv>
					<Unicode>τὰς καταγραφὰς καί τινας ἐς τὰς κουφοτέρας</Unicode>
				</TextEquiv>
			</TextLine>
			<TextLine id="r39">
				<Coords points="1224,2331 1226,2331 1226,2332 1227,2332 1227,2333 1228,2333 1228,2335 1229,2335 1229,2337 1383,2337 1383,2336 1384,2336 1384,2334 1385,2334 1385,2332 1386,2332 1386,2331 1387,2331 1387,2330 1388,2330 1388,2331 1390,2331 1390,2332 1391,2332 1391,2352 1412,2352 1412,2353 1536,2353 1536,2352 1577,2352 1577,2338 1578,2338 1578,2334 1579,2334 1579,2332 1580,2332 1580,2331 1581,2331 1581,2330 1586,2330 1586,2352 1643,2352 1643,2353 1645,2353 1645,2357 1644,2357 1644,2358 1643,2358 1643,2377 1605,2377 1605,2378 1410,2378 1410,2379 1397,2379 1397,2387 1396,2387 1396,2391 1395,2391 1395,2394 1393,2394 1393,2393 1377,2393 1377,2392 1376,2392 1376,2380 1230,2380 1230,2381 1065,2381 1065,2382 1026,2382 1026,2390 1025,2390 1025,2391 1024,2391 1024,2393 1023,2393 1023,2394 1019,2394 1019,2395 1011,2395 1011,2394 1010,2394 1010,2393 1009,2393 1009,2383 875,2383 875,2386 874,2386 874,2387 873,2387 873,2388 872,2388 872,2389 869,2389 869,2390 775,2390 775,2393 774,2393 774,2394 773,2394 773,2396 767,2396 767,2384 610,2384 610,2385 592,2385 592,2386 501,2386 501,2387 500,2387 500,2388 499,2388 499,2389 497,2389 497,2390 496,2390 496,2389 494,2389 494,2386 304,2386 304,2389 303,2389 303,2394 302,2394 302,2400 301,2400 301,2402 299,2402 299,2403 298,2403 298,2402 297,2402 297,2401 296,2401 296,2387 277,2387 277,2386 236,2386 236,2385 234,2385 234,2384 232,2384 232,2383 231,2383 231,2382 230,2382 230,2381 229,2381 229,2378 228,2378 228,2375 227,2375 227,2373 228,2373 228,2370 229,2370 229,2369 230,2369 230,2367 231,2367 231,2366 232,2366 232,2365 233,2365 233,2364 235,2364 235,2363 236,2363 236,2362 238,2362 238,2361 241,2361 241,2360 288,2360 288,2359 315,2359 315,2358 439,2358 439,2349 440,2349 440,2346 441,2346 441,2344 442,2344 442,2343 443,2343 443,2341 444,2341 444,2339 447,2339 447,2359 574,2359 574,2358 667,2358 667,2357 690,2357 690,2344 691,2344 691,2343 693,2343 693,2342 744,2342 744,2341 745,2341 745,2339 746,2339 746,2337 753,2337 753,2356 924,2356 924,2349 925,2349 925,2338 926,2338 926,2336 962,2336 962,2335 1022,2335 1022,2340 1033,2340 1033,2341 1034,2341 1034,2342 1035,2342 1035,2354 1150,2354 1150,2335 1151,2335 1151,2334 1221,2334 1221,2333 1223,2333 1223,2331 1224,2331 1224,2330"/>
				<Word id="r1225">
					<Coords points="445,2339 466,2359 497,2359 502,2360 506,2362 507,2364 507,2367 503,2368 502,2385 497,2388 496,2389 312,2389 299,2401 298,2402 279,2386 276,2385 235,2384 233,2383 230,2381 228,2377 227,2374 227,2372 229,2369 231,2365 235,2363 237,2361 240,2360 314,2358 425,2358"/>
					<TextEquiv>
						<Unicode>στρατείας</Unicode>
					</TextEquiv>
				</Word>
				<Word id="r1226">
					<Coords points="749,2337 771,2356 827,2356 862,2358 863,2362 875,2374 876,2377 877,2379 876,2381 874,2382 872,2386 868,2388 775,2392 767,2395 757,2385 587,2384 551,2383 551,2380 553,2374 554,2372 558,2360 560,2359 573,2358 677,2357 691,2343 693,2342 741,2342"/>
					<TextEquiv>
						<Unicode>καταλέγειν,</Unicode>
					</TextEquiv>
				</Word>
				<Word id="r1227">
					<Coords points="962,2335 1023,2337 1032,2340 1049,2354 1053,2355 1086,2355 1086,2362 1084,2368 1079,2373 1074,2377 1070,2379 1064,2380 1034,2381 1020,2393 1014,2394 999,2382 925,2381 922,2379 919,2373 919,2367 921,2363 923,2361 925,2337 926,2336 961,2336"/>
					<TextEquiv>
						<Unicode>ἔδοξεν</Unicode>
					</TextEquiv>
				</Word>
				<Word id="r1228">
					<Coords points="1224,2331 1227,2333 1231,2339 1232,2342 1233,2344 1234,2350 1235,2355 1241,2364 1240,2370 1239,2373 1237,2376 1235,2378 1229,2379 1137,2378 1135,2375 1136,2366 1138,2363 1150,2351 1150,2334 1220,2334"/>
					<TextEquiv>
						<Unicode>ἀπὸ</Unicode>
					</TextEquiv>
				</Word>
				<Word id="r1229">
					<Coords points="1387,2330 1389,2331 1410,2352 1412,2353 1480,2353 1480,2362 1474,2374 1472,2376 1410,2377 1393,2393 1384,2392 1364,2379 1289,2376 1290,2372 1293,2363 1294,2361 1296,2355 1301,2354 1322,2337 1380,2337"/>
					<TextEquiv>
						<Unicode>κλήρου</Unicode>
					</TextEquiv>
				</Word>
				<Word id="r1230">
					<Coords points="1583,2330 1607,2352 1642,2352 1644,2354 1642,2358 1642,2376 1604,2376 1540,2374 1530,2359 1531,2356 1534,2353 1536,2352 1559,2352"/>
					<TextEquiv>
						<Unicode>τότε</Unicode>
					</TextEquiv>
				</Word>
				<TextEquiv>
					<Unicode>στρατείας καταλέγειν, ἔδοξεν ἀπὸ κλήρου τότε</Unicode>
				</TextEquiv>
			</TextLine>
			<TextLine id="r40">
				<Coords points="312,2442 312,2443 313,2443 313,2465 319,2465 319,2468 318,2468 318,2469 313,2469 313,2480 313,2479 312,2479 312,2478 311,2478 311,2477 310,2477 310,2476 309,2476 309,2475 308,2475 308,2474 307,2474 307,2470 306,2470 306,2469 302,2469 302,2468 231,2468 231,2449 232,2449 232,2447 233,2447 233,2446 234,2446 234,2445 235,2445 235,2444 237,2444 237,2443 240,2443 240,2442"/>
				<Word id="r1231">
					<Coords points="240,2442 310,2442 310,2443 312,2443 312,2453 313,2453 313,2465 317,2465 317,2466 318,2466 316,2466 316,2467 315,2467 315,2468 314,2468 314,2469 313,2469 313,2472 312,2472 312,2473 312,2472 309,2472 309,2471 307,2471 307,2470 306,2470 306,2469 302,2469 302,2468 298,2468 298,2467 231,2467 231,2449 232,2449 232,2447 233,2447 233,2446 234,2446 234,2445 235,2445 235,2444 237,2444 237,2443 240,2443"/>
					<TextEquiv>
						<Unicode>214</Unicode>
					</TextEquiv>
				</Word>
				<TextEquiv>
					<Unicode>214</Unicode>
				</TextEquiv>
			</TextLine>
		</TextRegion>
	</Page>
</PcGts>
