1747 2693
119 213 216 248 CAP.

140 252 188 281 IX

312 78 603 119 APPIAN'S
655 78 891 119 ROMAN
939 78 1245 130 HISTORY,
1293 80 1471 123 BOOK
1522 81 1583 121 VI

240 203 568 261 συναγαγεῖν.
644 199 712 249 ὧν
749 199 1056 259 ἐστρατήγει
1094 200 1322 254 Λικίνιος
1360 200 1652 256 Λεύκολλος

238 276 452 329 ὕπατος,
480 276 780 335 πρεσβευτῇ
813 275 1075 336 χρώμενος
1104 276 1377 340 Κορνηλίῳ
1406 272 1654 326 Σκιπίωνι

237 354 307 415 τῷ
336 348 650 413 Καρχηδόνα
676 348 785 412 μετ᾽
807 349 863 397 οὐ
882 349 1021 398 πολὺ
1042 349 1226 407 ἑλόντι,
1248 350 1333 399 καὶ
1355 350 1655 411 Νομαντίαν

236 424 467 489 ὕστερον.

307 506 391 554 50.
421 499 481 547 Ὁ
502 499 591 562 μὲν
611 499 668 561 δὴ
692 499 990 552 Λεύκολλος
1010 499 1205 558 ὥδευεν,
1226 499 1249 550 ὁ
1269 500 1320 550 δὲ
1340 501 1653 566 Μάρκελλος

236 574 323 623 τόν
350 596 404 623 τε
429 574 659 637 πόλεμον
685 579 902 639 προεῖπε
942 579 1047 628 τοῖς
1089 576 1437 638 Κελτίβηρσι,
1465 577 1553 625 καὶ
1592 577 1654 623 τὰ

235 650 403 714 ὅμηρα
429 650 666 699 αἰτοῦσιν
705 650 981 698 ἀπέδωκεν.
1058 650 1143 699 τὸν
1185 650 1224 698 δ᾽
1254 652 1304 699 ἐν
1328 650 1497 713 Ῥώμῃ
1540 651 1655 704 τοὺς

234 724 421 788 λόγους
473 724 768 788 διαθέμενον
819 725 948 790 ὑπὲρ
999 728 1097 774 τῶν
1158 726 1502 791 Κελτιβήρων
1551 725 1655 793 ἰδίᾳ

236 800 363 864 πρὸς
389 799 548 849 αὑτὸν
575 800 908 853 ἀνακαλέσας
937 800 1021 849 ἐπὶ
1047 801 1188 849 πολὺ
1215 801 1487 864 διέτριβεν˙
1530 801 1655 864 ὑπὲρ

236 875 356 923 ὅτου
385 874 445 937 δὴ
472 874 557 924 καὶ
588 874 920 923 ὑπωπτεύετο
958 875 1048 937 μὲν
1092 875 1179 923 καὶ
1225 874 1355 932 τότε,
1382 881 1588 938 μᾶλλον
1616 875 1653 923 δ᾽

237 951 503 1012 ἐπιστώθη
565 955 669 1002 τοῖς
728 951 940 1012 ὕστερον
989 952 1289 1009 γενομένοις,
1340 952 1419 999 ὅτι
1469 952 1654 1003 αὐτοὺς

238 1020 502 1067 ἀνέπειθεν
529 1020 692 1082 ἑαυτῷ
722 1019 785 1067 τὰ
812 1019 946 1067 κατὰ
975 1023 1113 1083 σφᾶς
1141 1019 1439 1084 ἐπιτρέψαι,
1459 1019 1655 1083 ἐπειγό-

237 1109 383 1151 μενος
446 1089 545 1151 ἄρα
609 1089 709 1151 πρὸ
771 1092 861 1136 τοῦ
922 1087 1226 1136 Λευκόλλου
1290 1088 1377 1137 τὸν
1430 1087 1655 1152 πόλεμον

239 1158 616 1220 καταλυθῆναι.
689 1157 817 1219 μετὰ
861 1156 960 1220 γὰρ
1003 1156 1096 1218 τὴν
1141 1156 1425 1206 συνουσίαν
1464 1156 1655 1221 Νεργό-

236 1227 400 1285 βριγα
426 1226 515 1286 μὲν
540 1224 839 1287 Ἀρουακῶν
874 1227 1303 1289 πεντακισχίλιοι
1339 1228 1654 1283 κατέλαβον,

240 1296 555 1358 Μάρκελλος
599 1293 638 1341 δ᾽
678 1294 763 1342 ἐπὶ
808 1293 1110 1356 Νομαντίαν
1155 1294 1350 1358 ἐχώρει,
1379 1294 1466 1344 καὶ
1505 1294 1655 1343 πέντε

239 1361 483 1412 σταδίους
510 1361 765 1427 ἀποσχὼν
793 1361 1343 1426 παρεστρατοπέδευεν
1369 1363 1545 1415 αὐτοῖς
1570 1364 1656 1411 καὶ

240 1429 543 1479 συνεδίωκεν
570 1430 617 1480 ἐς
656 1430 747 1490 τὴν
784 1429 956 1487 πόλιν,
986 1432 1074 1483 ἕως
1116 1429 1138 1480 ὁ
1182 1435 1281 1479 τῶν
1322 1430 1656 1494 Νομαντίνων

239 1499 534 1563 στρατηγὸς
586 1499 839 1548 Λιτέννων
892 1500 1125 1551 ὑποστὰς
1184 1500 1312 1560 ἐβόα
1362 1501 1656 1561 βούλεσθαι

240 1568 543 1632 Μαρκέλλῳ
597 1568 863 1616 συνελθεῖν
916 1569 961 1621 ἐς
1011 1569 1215 1630 λόγους,
1254 1569 1343 1616 καὶ
1394 1569 1656 1616 συνελθὼν

238 1636 337 1702 ἔφη
365 1636 597 1689 Βελλοὺς
629 1636 716 1684 καὶ
742 1635 959 1690 Τίτθους
985 1637 1074 1686 καὶ
1099 1637 1419 1701 Ἀρουακοὺς
1446 1637 1656 1689 ἑαυτοὺς

239 1706 533 1769 ἐπιτρέπειν
584 1705 904 1769 Μαρκέλλῳ.
980 1704 1003 1753 ὁ
1056 1705 1107 1753 δὲ
1156 1705 1376 1769 ἄσμενος
1427 1705 1654 1757 ἀκούσας

238 1776 408 1837 ὅμηρά
434 1796 488 1822 τε
513 1776 602 1823 καὶ
627 1776 875 1837 χρήματα
902 1776 1103 1828 πάντας
1142 1776 1318 1836 ᾔτησε,
1346 1776 1433 1823 καὶ
1472 1776 1655 1835 λαβὼν

239 1843 437 1907 ἀφῆκεν
463 1842 775 1907 ἐλευθέρους.
851 1841 874 1890 ὁ
900 1842 991 1905 μὲν
1019 1842 1077 1902 δὴ
1106 1842 1333 1906 πόλεμος
1379 1842 1402 1890 ὁ
1444 1846 1655 1893 Βελλῶν

239 1933 294 1959 τε
336 1911 420 1959 καὶ
460 1909 658 1959 Τίτθων
697 1911 784 1960 καὶ
820 1909 1120 1975 Ἀρουακῶν
1158 1911 1341 1975 ἔληγεν
1386 1913 1517 1961 οὕτω
1555 1912 1655 1976 πρὸ

239 1980 563 2031 Λευκόλλου.

309 2055 384 2096 51.
423 2047 485 2095 Ὁ
517 2047 568 2096 δὲ
595 2047 894 2099 Λεύκολλος
924 2048 1071 2111 δόξης
1100 2069 1155 2097 τε
1181 2049 1459 2107 ἐπιθυμῶν,
1488 2049 1575 2098 καὶ
1603 2051 1655 2097 ἐκ

237 2117 418 2168 πενίας
478 2116 685 2179 χρῄζων
744 2120 1134 2181 χρηματισμοῦ,
1199 2119 1245 2169 ἐς
1307 2116 1658 2170 Οὐακκαίους.

239 2187 406 2249 ἕτερον
443 2186 587 2248 γένος
638 2186 998 2249 Κελτιβήρων,
1040 2186 1301 2245 ἐνέβαλεν,
1343 2186 1390 2234 οἳ
1438 2186 1654 2248 γείτονες

238 2257 338 2301 τῶν
356 2255 656 2318 Ἀρουακῶν
681 2253 829 2309 εἰσίν,
847 2254 963 2302 οὔτε
991 2253 1123 2306 τινὸς
1150 2255 1289 2318 αὐτῷ
1313 2253 1655 2318 ψηφίσματος

236 2322 521 2384 γεγονότος,
550 2323 667 2370 οὔτε
706 2321 1018 2371 Οὐακκαίων
1051 2322 1324 2384 Ῥωμαίοις
1362 2330 1655 2384 πεπολεμηκότων,

239 2414 325 2452 216
