1747 2693
114 267 215 300 CAP.

144 307 191 334 IX

305 130 598 169 APPIAN'S
651 130 882 171 ROMAN
939 128 1242 180 HISTORY,
1290 128 1466 170 BOOK
1516 128 1577 168 VI

232 250 411 306 κότων,
440 252 554 301 οὐδὲ
581 254 628 304 ἐς
668 250 824 300 αὐτόν
865 272 914 300 τι
954 250 1255 298 Λεύκολλον
1300 249 1651 313 ἁμαρτόντων.

232 328 467 392 περάσας
495 326 548 375 δὲ
586 326 673 375 τὸν
711 325 948 386 ποταμὸν
985 325 1072 373 τὸν
1110 324 1427 384 καλούμενον
1463 325 1646 383 Τάγον,

232 403 447 467 ἀφίκετο
475 403 604 466 πρὸς
644 402 858 450 Καύκαν
895 399 1052 449 πόλιν
1097 400 1185 449 καὶ
1221 399 1648 463 παρεστρατοπέ-

233 477 425 525 δευσεν.
501 476 547 525 οἱ
608 474 647 523 δ᾽
700 475 950 524 ἐπύθοντο
1001 475 1092 537 μὲν
1142 476 1299 522 αὐτοῦ
1349 473 1482 527 τίνος
1540 476 1646 536 ἥκοι

233 552 460 614 δεόμενος
487 552 517 613 ἢ
558 552 608 600 τί
645 551 878 613 πολέμου
917 551 1136 613 χρῄζων,
1175 550 1442 612 φήσαντος
1482 549 1534 598 δὲ
1571 550 1647 597 ὅτι

237 630 605 691 Καρπητανοῖς
649 626 747 675 ὑπὸ
792 626 1105 674 Οὐακκαίων
1141 624 1488 684 ἀδικουμένοις
1525 627 1650 684 βοη-

234 703 365 763 θοίη,
385 703 499 751 τότε
524 703 614 764 μὲν
642 702 932 765 ἀνεχώρουν
959 702 1006 753 ἐς
1034 701 1123 763 τὴν
1144 701 1315 755 πόλιν,
1335 699 1649 762 ξυλευομένῳ

234 776 285 825 δὲ
354 777 492 841 αὐτῷ
561 777 648 826 καὶ
714 779 1124 842 χορτολογοῦντι
1189 775 1463 822 ἐπέκειντο.
1565 776 1650 822 καὶ

234 850 492 901 κτείνουσι
518 851 767 905 πολλούς,
796 851 882 900 καὶ
909 850 1025 903 τοὺς
1051 850 1266 902 λοιποὺς
1306 849 1577 898 διώκουσιν
1604 850 1650 902 ἐς

235 926 292 975 τὸ
333 926 704 990 στρατόπεδον.
733 926 1000 988 γενομένης
1028 925 1080 973 δὲ
1106 925 1193 973 καὶ
1219 925 1578 989 παρατάξεως,
1606 924 1653 972 οἱ

236 998 495 1044 Καυκαῖοι
520 1000 703 1059 ψιλοῖς
732 994 949 1046 ἐοικότες
977 994 1224 1058 ἐκράτουν
1264 994 1347 1042 ἐπὶ
1385 994 1525 1041 πολὺ
1563 997 1651 1042 τοῦ

235 1068 554 1118 Λευκόλλου,
582 1066 736 1128 μέχρι
765 1067 912 1126 σφῶν
939 1063 1003 1111 τὰ
1030 1062 1241 1110 ἀκόντια
1269 1062 1443 1110 πάντα
1472 1066 1651 1123 ἐξανα-

234 1136 395 1193 λώθη˙
438 1134 523 1182 καὶ
553 1131 667 1181 τότε
695 1133 910 1195 ἔφευγον
937 1132 1027 1179 οὐκ
1049 1132 1186 1183 ὄντες
1212 1130 1511 1195 μενεμάχοι,
1533 1130 1651 1195 περί

235 1222 291 1250 τε
316 1200 406 1250 τὰς
434 1200 607 1251 πύλας
635 1202 802 1249 αὐτῶν
831 1200 1129 1262 ὠθουμένων
1167 1199 1494 1262 ἀνῃρέθησαν
1521 1199 1650 1262 ἀμφὶ

235 1269 351 1319 τοὺς
401 1268 753 1334 τρισχιλίους.

308 1344 382 1384 52.
423 1340 524 1399 Τῆς
552 1340 590 1386 δ᾽
619 1339 867 1397 ἐπιούσης
901 1338 944 1384 οἱ
985 1336 1358 1399 πρεσβύτατοι,
1385 1340 1650 1400 στεφανω-

237 1407 455 1465 σάμενοί
479 1428 533 1454 τε
559 1408 643 1455 καὶ
673 1407 910 1468 φέροντες
941 1405 1212 1469 ἱκετηρίας,
1236 1405 1325 1452 τὸν
1352 1408 1651 1452 Λεύκολλον

237 1475 382 1525 αὖθις
416 1475 627 1538 ἠρώτων
666 1476 719 1522 τί
753 1479 1019 1526 ποιοῦντες
1060 1474 1120 1521 ἂν
1160 1473 1258 1522 εἶεν
1295 1473 1461 1538 φίλοι.
1537 1472 1560 1520 ὁ
1600 1472 1649 1521 δὲ

236 1544 423 1594 αὐτοὺς
470 1544 637 1604 ὅμηρά
699 1564 752 1590 τε
813 1544 923 1604 ᾔτει
974 1544 1055 1590 καὶ
1110 1544 1355 1604 ἀργυρίου
1417 1542 1651 1589 τάλαντα

238 1613 437 1667 ἑκατόν,
478 1613 564 1659 καὶ
604 1612 721 1663 τοὺς
762 1612 954 1663 ἱππέας
1000 1612 1168 1658 αὐτῶν
1207 1611 1438 1657 ἐκέλευέν
1478 1610 1522 1657 οἱ
1563 1630 1651 1656 συ-

237 1680 556 1743 στρατεύειν.
630 1681 694 1732 ὡς
731 1678 782 1728 δὲ
813 1681 986 1728 πάντα
1015 1679 1223 1738 ἔλαβεν,
1252 1679 1398 1740 ἠξίου
1426 1678 1650 1740 φρουρὰν

235 1750 283 1800 ἐς
310 1750 401 1810 τὴν
428 1750 584 1798 πόλιν
611 1750 903 1810 ἐσαγαγεῖν.
977 1749 1260 1810 δεξαμένων
1300 1748 1350 1794 δὲ
1378 1748 1463 1794 καὶ
1502 1749 1650 1792 τοῦτο

235 1820 336 1865 τῶν
379 1820 675 1870 Καυκαίων,
726 1819 953 1877 ἐσήγαγε
1004 1818 1297 1881 δισχιλίους
1349 1814 1650 1877 ἀριστίνδην

235 1887 633 1947 ἐξειλεγμένους,
687 1886 759 1938 οἷς
811 1886 1120 1933 ἐσελθοῦσιν
1162 1886 1328 1947 εἴρητο
1379 1882 1650 1945 γίγνεσθαι

236 1955 352 2018 περὶ
415 1955 479 2002 τὰ
542 1952 706 2018 τείχη.
807 1952 1219 2012 καταλαβόντων
1271 1952 1321 2000 δὲ
1372 1952 1502 1999 αὐτὰ
1553 1954 1653 1999 τῶν

237 2022 531 2088 δισχιλίων,
561 2023 789 2084 ἐσήγαγε
829 2022 920 2084 τὴν
960 2021 1128 2082 ἄλλην
1168 2021 1422 2084 στρατιὰν
1461 2020 1484 2068 ὁ
1525 2020 1651 2069 Λεύ-

236 2098 444 2145 κολλος,
497 2096 582 2139 καὶ
634 2096 694 2153 τῇ
747 2094 1011 2153 σάλπιγγι
1065 2089 1382 2151 ὑπεσήμαινε
1439 2089 1651 2135 κτείνειν

238 2161 532 2212 Καυκαίους
577 2160 814 2212 ἅπαντας
851 2159 1064 2218 ἡβηδόν.
1140 2159 1186 2206 οἱ
1222 2158 1313 2218 μὲν
1352 2158 1411 2218 δὴ
1450 2156 1650 2208 πίστεις

237 2249 290 2275 τε
317 2227 406 2275 καὶ
441 2227 585 2278 θεοὺς
625 2227 825 2291 ὁρκίους
866 2227 1283 2287 ἐπικαλούμενοι,
1313 2228 1396 2274 καὶ
1435 2225 1653 2286 Ῥωμαί-

237 2317 321 2346 ους
349 2299 397 2347 ἐς
424 2294 681 2345 ἀπιστίαν
718 2296 1087 2359 λοιδοροῦντες,
1116 2294 1463 2359 διεφθείροντο
1491 2294 1647 2354 ὠμῶς,

236 2365 291 2410 ἐκ
342 2365 626 2426 δισμυρίων
666 2365 862 2426 ἀνδρῶν
902 2364 1037 2412 κατὰ
1076 2364 1246 2416 πύλας
1291 2363 1648 2425 ἀποκρήμνους

238 2456 325 2495 218
