1747 2693
122 270 221 302 CAP.

147 309 194 336 IX

316 134 606 176 APPIAN'S
658 136 893 176 ROMAN
941 137 1249 190 HISTORY,
1296 140 1475 181 BOOK
1527 141 1587 182 VI

244 250 598 315 διαφυγόντων
637 250 845 313 ὀλίγων˙
887 251 910 299 ὁ
944 252 997 299 δὲ
1034 253 1334 307 Λεύκολλος
1373 254 1464 316 τὴν
1502 254 1658 303 πόλιν

242 329 504 390 διήρπαζε,
532 329 617 377 καὶ
658 329 806 391 δόξης
832 329 1118 392 Ῥωμαίους
1156 332 1449 395 ἐνεπίμπλη
1477 339 1654 395 κακῆς.

241 407 289 455 οἱ
314 407 352 454 δ᾽
380 407 536 455 ἄλλοι
572 408 840 470 βάρβαροι
870 409 1110 457 συνέθεον
1148 410 1205 457 ἐκ
1243 412 1344 459 τῶν
1381 411 1584 465 πεδίων,
1613 414 1657 461 οἱ

240 482 331 543 μὲν
374 484 423 536 ἐς
466 482 532 530 τὰ
569 484 892 545 ἀπόκρημνα,
934 485 981 532 οἱ
1020 485 1073 532 δὲ
1113 485 1162 535 ἐς
1201 486 1292 538 τὰς
1333 486 1656 551 ὀχυρωτέρας

242 559 437 612 πόλεις,
467 559 816 621 συμφέροντες
849 559 880 606 ἃ
919 559 1156 608 δύναιντο
1185 562 1271 608 καὶ
1310 562 1656 626 ἐμπιπράντες

241 634 343 681 ὅσα
368 633 611 685 λείποιεν,
641 637 730 682 τοῦ
756 633 911 692 μηδὲν
939 634 1014 682 ἔτι
1040 636 1344 685 Λεύκολλον
1372 639 1548 701 εὑρεῖν.

311 713 387 756 53.
426 707 488 756 ὁ
530 708 582 755 δὲ
619 708 826 770 πολλὴν
863 714 960 771 γῆν
998 709 1182 773 ἔρημον
1211 709 1443 768 ὁδεύσας,
1470 713 1519 766 ἔς
1546 736 1659 762 τινα

241 782 397 831 πόλιν
427 782 776 848 Ἰντερκατίαν
813 785 1045 849 ἀφίκετο,
1084 785 1206 834 ἔνθα
1233 788 1374 848 πεζοὶ
1402 789 1495 850 μὲν
1533 789 1658 853 ὑπὲρ

242 860 538 920 δισμυρίους
577 861 1051 921 συνεπεφεύγεσαν,
1081 860 1259 915 ἱππεῖς
1297 863 1349 911 δὲ
1387 863 1664 931 δισχίλιοι.

242 935 328 980 καὶ
355 935 543 983 αὐτοὺς
582 934 605 982 ὁ
644 936 945 985 Λεύκολλος
982 937 1032 987 ἐς
1062 937 1323 993 συνθήκας
1363 937 1448 988 ὑπ᾽
1486 939 1658 992 ἀνοίας

243 1014 605 1071 προυκαλεῖτο˙
635 1010 681 1058 οἱ
719 1010 758 1058 δ᾽
785 1010 864 1060 ἐπ᾽
904 1011 1083 1060 ὀνείδει
1110 1012 1174 1061 τὰ
1203 1013 1483 1063 Καυκαίων
1521 1017 1657 1080 αὐτῷ

243 1086 551 1150 προύφερον,
592 1087 679 1135 καὶ
724 1086 1068 1135 ἐπυνθάνοντο
1112 1086 1153 1135 εἰ
1197 1088 1282 1136 ἐπὶ
1328 1090 1419 1142 τὰς
1457 1091 1658 1140 ἐκείνων

242 1160 449 1209 πίστεις
499 1161 684 1212 αὐτοὺς
735 1163 935 1222 καλοίη.
1009 1161 1033 1210 ὁ
1086 1161 1142 1217 δ᾽,
1184 1163 1289 1210 οἷον
1339 1165 1566 1217 ἅπαντες
1616 1167 1660 1213 οἱ

243 1237 574 1298 ἁμαρτόντες,
626 1237 735 1284 ἀνθ᾽
776 1238 959 1285 ἑαυτοῦ
1004 1241 1111 1288 τοῖς
1151 1238 1453 1299 ὀνειδίζουσι
1501 1248 1660 1306 χαλε-

243 1311 456 1364 παίνων,
484 1312 674 1376 ἔκειρεν
701 1313 870 1362 αὐτῶν
909 1313 974 1359 τὰ
999 1313 1167 1371 πεδία,
1194 1314 1280 1362 καὶ
1322 1314 1660 1378 περικαθίσας

241 1388 415 1450 κύκλῳ
467 1387 560 1450 τὴν
610 1387 768 1438 πόλιν
816 1388 1043 1450 χώματα
1090 1389 1262 1450 ἤγειρε
1324 1391 1523 1447 πολλά,
1573 1394 1657 1440 καὶ

241 1466 473 1530 συνεχῶς
499 1462 750 1526 ἐξέτασσε
776 1464 1196 1525 προκαλούμενος
1223 1465 1272 1516 ἐς
1296 1465 1486 1529 μάχην.
1549 1466 1597 1516 οἱ
1621 1466 1658 1516 δ᾽

241 1539 381 1587 οὔτω
409 1539 501 1600 μὲν
527 1539 926 1602 ἀντεξέτασσον,
955 1539 1077 1587 ἀλλ᾽
1102 1540 1239 1602 ἦσαν
1277 1543 1659 1605 ἀκροβολισμοὶ

240 1614 399 1672 μόνοι,
429 1615 616 1675 θαμινὰ
644 1615 697 1662 δέ
733 1635 809 1667 τις
835 1617 936 1662 τῶν
970 1617 1260 1677 βαρβάρων
1298 1618 1575 1677 ἐξίππευεν
1612 1619 1660 1671 ἐς

241 1689 298 1738 τὸ
334 1689 661 1751 μεταίχμιον,
704 1692 1084 1753 κεκοσμημένος
1123 1693 1308 1741 ὅπλοις
1344 1695 1657 1755 περιφανῶς,

242 1765 331 1813 καὶ
381 1768 729 1828 προυκαλεῖτο
779 1762 1045 1827 Ῥωμαίων
1097 1765 1146 1818 ἐς
1192 1766 1518 1831 μονομαχίαν
1569 1767 1658 1816 τὸν

242 1842 506 1898 ἐθέλοντα,
536 1841 735 1894 οὐδενὸς
762 1841 804 1888 δ᾽
833 1841 1182 1894 ὑπακούοντος
1210 1843 1546 1894 ἐπιτωθάσας
1575 1844 1659 1891 καὶ

243 1920 311 1981 τῷ
363 1920 602 1981 σχήματι
641 1918 1101 1981 κατορχησάμενος
1139 1916 1420 1981 ἀπεχώρει.
1494 1939 1659 1981 γιγνο-

241 1991 394 2052 μένου
422 1992 473 2040 δὲ
500 1992 686 2040 τούτου
713 1992 990 2047 πολλάκις,
1029 1991 1052 2038 ὁ
1087 1992 1318 2040 Σκιπίων
1357 1993 1431 2040 ἔτι
1459 1994 1567 2045 νέος
1594 1993 1659 2041 ὢν

244 2068 583 2131 ὑπερήλγησέ
640 2088 694 2115 τε
755 2067 841 2115 καὶ
915 2066 1261 2127 προπηδήσας
1328 2066 1528 2127 ὑπέστη
1603 2067 1658 2116 τὸ

240 2143 577 2209 μονομάχιον,
606 2143 834 2208 εὐτυχῶς
861 2142 900 2188 δ᾽
919 2142 1204 2206 ἐκράτησεν
1221 2140 1402 2205 ἀνδρὸς
1427 2146 1658 2205 μεγάλου

240 2218 419 2283 μικρὸς
448 2219 530 2267 ὤν.

313 2299 388 2340 54.
432 2293 538 2340 Καὶ
575 2293 690 2341 τόδε
725 2293 816 2354 μὲν
853 2294 1010 2355 ἐπῇρε
1048 2291 1347 2356 Ῥωμαίους,
1387 2291 1570 2344 νυκτὸς
1606 2292 1653 2341 δὲ

242 2371 402 2431 φόβοι
433 2370 627 2416 πολλοὶ
667 2372 927 2432 κατεῖχον˙
967 2369 1015 2413 οἱ
1051 2369 1151 2431 γὰρ
1194 2369 1385 2421 ἱππεῖς,
1413 2368 1529 2415 ὅσοι
1557 2370 1656 2417 τῶν

242 2475 331 2500 220
