1747 2693
104 263 208 300 CAP.

125 303 168 330 IX

296 127 588 170 APPIAN'S
640 126 873 168 ROMAN
923 124 1227 175 HISTORY,
1276 124 1452 166 BOOK
1506 125 1565 166 VI

224 249 530 310 βαρβάρων,
564 249 686 311 πρὶν
725 248 1012 311 ἀφικέσθαι
1052 248 1368 301 Λεύκολλον,
1399 246 1483 294 ἐπὶ
1519 266 1639 310 χορ-

226 322 472 385 τολογίαν
516 322 964 385 προεληλύθεσαν,
1003 322 1094 368 οὐκ
1149 321 1353 385 ἔχοντες
1409 322 1638 369 ἐσελθεῖν

226 400 274 449 ἐς
324 400 413 459 τὴν
465 399 619 445 πόλιν
669 397 974 445 Λευκόλλου
1023 394 1450 457 περικαθημένου,
1502 416 1641 459 περι-

228 476 424 522 θέοντες
453 472 617 527 ἐβόων
645 472 733 519 καὶ
760 471 1174 529 συνετάρασσον˙
1204 469 1291 516 καὶ
1314 469 1641 535 συνεπήχουν

229 548 275 595 οἱ
312 548 452 595 ἔνδον
493 547 677 596 αὐτοῖς.
719 546 835 593 ὅθεν
873 545 895 591 ὁ
937 545 1105 607 φόβος
1134 544 1194 603 ἦν
1233 546 1336 592 τοῖς
1375 542 1641 605 Ῥωμαίοις

228 621 483 672 ποικίλος.
512 621 730 682 ἔκαμνον
757 618 809 666 δὲ
838 619 924 666 καὶ
944 622 1007 682 τῇ
1035 621 1245 681 φυλακῇ
1273 617 1333 665 δι᾽
1355 617 1643 682 ἀγρυπνίαν

228 696 313 742 καὶ
363 697 573 757 ἀήθειαν
625 696 828 758 τροφῶν
878 692 1186 758 ἐπιχωρίων˙
1231 693 1365 740 οἴνου
1410 693 1509 755 γὰρ
1556 693 1644 739 οὐκ

227 772 371 818 ὄντος
413 770 515 818 οὐδ᾽
562 770 702 817 ἁλῶν
743 767 844 816 οὐδ᾽
884 768 1030 828 ὄξους
1082 767 1185 814 οὐδ᾽
1227 765 1419 822 ἐλαίου,
1456 765 1646 829 πυροὺς

229 845 316 893 καὶ
345 845 522 907 κριθὰς
552 845 638 893 καὶ
678 844 889 905 ἐλάφων
932 843 1055 905 κρέα
1084 842 1262 889 πολλὰ
1304 841 1390 888 καὶ
1427 845 1649 904 λαγωῶν

231 920 388 983 χωρὶς
435 920 576 968 ἁλῶν
617 919 851 982 ἑψόμενα
898 918 1195 979 σιτούμενοι
1240 918 1646 979 κατερρήγνυντο

232 997 320 1044 τὰς
347 996 623 1055 γαστέρας,
650 995 736 1041 καὶ
777 994 971 1041 πολλοὶ
1011 994 1097 1041 καὶ
1136 993 1469 1045 ἀπώλλυντο,
1496 991 1648 1056 μέχρι

230 1070 359 1118 ποτὲ
398 1070 454 1117 τὸ
494 1072 648 1134 χῶμα
693 1069 901 1131 ἠγέρθη,
930 1068 1017 1115 καὶ
1061 1067 1123 1115 τὰ
1166 1067 1314 1131 τείχη
1357 1069 1456 1114 τῶν
1497 1073 1650 1114 πολε-

231 1143 360 1206 μίων
386 1145 668 1196 τύπτοντες
695 1145 957 1207 μηχαναῖς
973 1141 1121 1204 μέρος
1148 1142 1239 1201 μέν
1267 1162 1315 1188 τι
1336 1142 1648 1196 κατέβαλον,

235 1220 319 1268 καὶ
370 1220 653 1283 ἐσέδραμον
702 1219 749 1270 ἐς
801 1219 893 1280 τὴν
943 1218 1118 1266 πόλιν˙
1157 1215 1289 1278 μετὰ
1334 1215 1374 1263 δ᾽
1418 1218 1475 1265 οὐ
1514 1218 1650 1264 πολὺ

232 1296 542 1354 βιασθέντες
582 1315 635 1341 τε
664 1295 749 1342 καὶ
787 1294 1178 1357 ἀναχωροῦντες
1217 1290 1568 1340 ἐσπίπτουσιν
1607 1294 1653 1342 ἔς

234 1390 347 1416 τινα
400 1367 678 1431 δεξαμενὴν
720 1367 903 1420 ὕδατος
957 1364 1040 1415 ὑπ᾽
1092 1364 1371 1428 ἀγνωσίας,
1434 1366 1556 1413 ἔνθα
1610 1369 1652 1414 οἱ

234 1443 443 1492 πλείους
481 1444 772 1491 ἀπώλοντο.
848 1442 935 1489 καὶ
977 1441 1158 1493 νυκτὸς
1201 1441 1244 1487 οἱ
1282 1441 1551 1503 βάρβαροι
1590 1442 1648 1488 τὰ

233 1518 463 1569 πεσόντα
505 1517 877 1582 ἀνῳκοδόμουν.
952 1516 1088 1564 πάνυ
1131 1514 1170 1562 δ᾽
1211 1514 1462 1577 ἑκατέρων
1502 1538 1652 1564 κακο-

235 1597 542 1644 παθούντων
570 1593 617 1654 (ὁ
646 1593 743 1654 γὰρ
770 1593 921 1653 λιμὸς
949 1593 1141 1654 ἀμφοῖν
1176 1592 1395 1654 ἥπτετο)
1422 1588 1654 1641 Σκιπίων

235 1671 505 1734 ἀνεδέχετο
546 1673 651 1721 τοῖς
689 1668 985 1731 βαρβάροις
1025 1666 1169 1715 οὐδὲν
1220 1666 1437 1713 ἔσεσθαι
1487 1667 1653 1731 παρά-

236 1744 476 1795 σπονδον,
501 1744 586 1791 καὶ
606 1742 900 1794 πιστευθεὶς
926 1742 1056 1789 κατὰ
1079 1742 1227 1793 κλέος
1251 1741 1433 1802 ἀρετῆς
1451 1740 1653 1789 διέλυσε

236 1821 322 1869 τὸν
347 1821 578 1881 πόλεμον
604 1819 689 1867 ἐπὶ
715 1818 907 1873 τοῖσδε,
948 1816 1234 1880 Λευκόλλῳ
1262 1816 1475 1876 δοθῆναι
1513 1816 1652 1880 παρὰ

235 1899 336 1944 τῶν
356 1894 713 1956 Ἰντερκατίων
746 1894 942 1954 σάγους
978 1892 1187 1954 μυρίους
1228 1891 1314 1939 καὶ
1350 1891 1655 1952 θρεμμάτων

235 1991 285 2018 τι
322 1968 522 2030 πλῆθος
562 1968 860 2030 ὡρισμένον,
897 1967 983 2015 καὶ
1022 1966 1344 2028 πεντήκοντα
1384 1964 1570 2030 ἄνδρας
1608 1967 1653 2015 ἐς

235 2046 417 2108 ὅμηρα.
491 2044 691 2108 χρυσὸν
717 2041 769 2089 δὲ
796 2042 881 2089 καὶ
911 2041 1134 2102 ἄργυρον
1161 2040 1460 2091 Λεύκολλος
1481 2041 1653 2098 αἰτῶν,

235 2120 292 2167 οὗ
322 2120 379 2182 δὴ
407 2120 575 2183 χάριν,
599 2117 875 2180 ἡγούμενος
903 2116 1030 2176 ὅλην
1056 2114 1291 2180 Ἰβηρίαν
1314 2114 1654 2181 πολύχρυσον

235 2193 365 2241 εἶναι
417 2192 504 2241 καὶ
544 2191 926 2255 πολυάργυρον,
979 2189 1236 2252 ἐπολέμει,
1290 2191 1381 2237 οὐκ
1443 2191 1649 2250 ἔλαβεν˙

235 2268 292 2314 οὐ
318 2268 417 2330 γὰρ
445 2267 605 2330 εἶχον,
635 2265 737 2315 οὐδ᾽
765 2266 818 2314 ἐν
857 2263 978 2328 δόξῃ
1006 2265 1151 2312 ταῦτ᾽
1176 2266 1359 2312 ἐκεῖνοι
1391 2268 1651 2324 Κελτιβή-

234 2363 334 2407 ρων
362 2342 602 2388 τίθενται.

238 2448 322 2474 222
