<?xml version="1.0" encoding="UTF-8"?>
<PcGts xmlns:xsi="http://www.w3.org/2001/XMLSchema-instance" xmlns="http://schema.primaresearch.org/PAGE/gts/pagecontent/2013-07-15" xsi:schemaLocation="http://schema.primaresearch.org/PAGE/gts/pagecontent/2013-07-15 http://schema.primaresearch.org/PAGE/gts/pagecontent/2013-07-15/pagecontent.xsd">
	<Metadata>
		<Creator/>
		<Created>2014-06-09T05:07:43</Created>
		<LastChange>2014-06-09T05:07:43</LastChange>
	</Metadata>
	<Page imageFilename="0240.jpg" imageWidth="1747" imageHeight="2693">
		<TextRegion type="paragraph" id="r2">
			<Coords points="81,243 181,242 182,1702 77,1698 71,247 75,244"/>
			<TextLine id="r32">
				<Coords points="150,248 150,249 157,249 157,250 159,250 159,251 161,251 161,253 162,253 162,258 161,258 161,259 160,259 160,260 159,260 159,261 158,261 158,262 157,262 157,263 174,271 178,279 152,275 151,275 151,276 91,276 91,277 87,277 87,276 85,276 85,275 83,275 83,274 82,274 82,273 80,273 80,271 79,271 79,269 78,269 78,256 79,256 79,254 80,254 80,253 81,253 81,252 82,252 82,251 83,251 83,250 85,250 85,249 88,249 88,248"/>
				<Word id="r1186">
					<Coords points="88,248 146,248 156,249 160,251 161,255 181,277 171,282 152,275 86,275 82,273 80,271 79,269 78,262 79,254 83,250 86,249"/>
					<TextEquiv>
						<Unicode>CAP.</Unicode>
					</TextEquiv>
				</Word>
				<TextEquiv>
					<Unicode>CAP.</Unicode>
				</TextEquiv>
			</TextLine>
			<TextLine id="r34">
				<Coords points="139,288 139,289 141,289 141,314 144,314 144,315 138,315 138,316 99,316 99,315 95,315 96,315 96,288"/>
				<Word id="r1187">
					<Coords points="96,288 138,288 140,289 141,313 140,314 137,315 98,314 96,314"/>
					<TextEquiv>
						<Unicode>IX</Unicode>
					</TextEquiv>
				</Word>
				<TextEquiv>
					<Unicode>IX</Unicode>
				</TextEquiv>
			</TextLine>
			<TextLine id="r36">
				<Coords points="159,1613 159,1614 162,1614 162,1615 163,1615 163,1616 164,1616 164,1619 165,1619 165,1621 166,1621 166,1623 167,1623 167,1636 173,1636 173,1637 175,1637 175,1642 174,1642 174,1643 93,1643 93,1642 90,1642 90,1641 88,1641 88,1640 87,1640 87,1639 86,1639 86,1638 85,1638 85,1637 84,1637 84,1636 83,1636 83,1633 82,1633 82,1631 81,1631 81,1624 82,1624 82,1621 83,1621 83,1619 84,1619 84,1618 85,1618 85,1616 87,1616 87,1615 88,1615 88,1614 91,1614 91,1613"/>
				<Word id="r1188">
					<Coords points="91,1613 155,1613 162,1615 163,1618 165,1622 182,1642 173,1646 156,1641 92,1641 89,1640 85,1637 82,1632 81,1630 81,1623 82,1620 84,1618 85,1616"/>
					<TextEquiv>
						<Unicode>CAP.</Unicode>
					</TextEquiv>
				</Word>
				<TextEquiv>
					<Unicode>CAP.</Unicode>
				</TextEquiv>
			</TextLine>
			<TextLine id="r37">
				<Coords points="135,1654 137,1654 137,1655 138,1655 138,1680 139,1680 139,1681 109,1681 109,1680 110,1680 110,1678 112,1678 112,1654 135,1654 135,1653"/>
				<Word id="r1189">
					<Coords points="112,1654 136,1654 137,1679 109,1679 111,1677"/>
					<TextEquiv>
						<Unicode>X</Unicode>
					</TextEquiv>
				</Word>
				<TextEquiv>
					<Unicode>X</Unicode>
				</TextEquiv>
			</TextLine>
		</TextRegion>
		<TextRegion type="paragraph" id="r1">
			<Coords points="278,95 191,319 190,2511 1656,2501 1654,89 1381,79"/>
			<TextLine id="r100">
				<Coords points="985,106 987,107 1512,109 1536,110 1537,148 1537,150 1199,152 1197,156 1194,159 1189,162 1177,152 269,151 263,150 270,141 277,127 279,122 282,113 284,110 324,109 984,107"/>
				<Word id="r1000">
					<Coords points="324,109 543,109 553,110 554,112 555,133 556,136 556,143 555,146 553,148 549,150 268,150 266,146 270,140 271,138 273,136 274,132 278,124 281,115 283,112 284,110 323,110"/>
					<TextEquiv>
						<Unicode>APPIAN&apos;S</Unicode>
					</TextEquiv>
				</Word>
				<Word id="r1001">
					<Coords points="666,108 842,108 841,110 838,113 837,115 836,144 835,148 816,149 661,150 607,149 608,148 608,109 665,109"/>
					<TextEquiv>
						<Unicode>ROMAN</Unicode>
					</TextEquiv>
				</Word>
				<Word id="r1002">
					<Coords points="985,107 985,108 987,108 987,109 1102,109 1102,108 1181,108 1181,111 1179,111 1179,112 1178,112 1178,113 1177,113 1177,114 1176,114 1176,115 1175,115 1175,116 1174,116 1174,117 1173,117 1173,118 1172,118 1172,120 1171,120 1171,121 1170,121 1170,131 1169,131 1169,140 1168,140 1168,142 1194,142 1194,144 1195,144 1195,145 1196,145 1196,146 1197,146 1197,147 1198,147 1198,148 1199,148 1198,148 1198,151 1197,151 1197,153 1196,153 1196,155 1195,155 1195,156 1194,156 1194,157 1193,157 1193,158 1192,158 1192,159 1190,159 1190,160 1188,160 1188,161 1188,160 1187,160 1187,159 1186,159 1187,159 1187,158 1188,158 1188,157 1189,157 1189,153 1190,153 1190,150 990,150 990,149 985,149 985,148 893,148 893,147 894,147 894,108 985,108"/>
					<TextEquiv>
						<Unicode>HISTORY,</Unicode>
					</TextEquiv>
				</Word>
				<Word id="r1005">
					<Coords points="1250,109 1423,109 1423,147 1425,148 1424,150 1303,150 1301,149 1247,148 1249,147"/>
					<TextEquiv>
						<Unicode>BOOK</Unicode>
					</TextEquiv>
				</Word>
				<Word id="r1006">
					<Coords points="1477,109 1511,109 1535,110 1536,150 1491,149 1490,147 1487,138 1486,134 1484,129 1483,127 1480,118 1479,116 1475,110 1476,110"/>
					<TextEquiv>
						<Unicode>VI</Unicode>
					</TextEquiv>
				</Word>
				<TextEquiv>
					<Unicode>APPIAN&apos;S ROMAN HISTORY, BOOK VI</Unicode>
				</TextEquiv>
			</TextLine>
			<TextLine id="r101">
				<Coords points="1186,228 1188,229 1431,230 1453,231 1457,234 1467,237 1481,251 1607,252 1610,253 1611,256 1609,260 1608,277 1605,278 1468,279 1455,291 1454,292 1020,292 1016,293 1004,281 338,280 275,278 270,275 269,268 270,266 271,258 274,242 283,239 290,238 381,235 385,232 1184,229"/>
				<Word id="r1007">
					<Coords points="290,238 327,238 327,256 344,273 345,276 344,279 337,279 274,277 270,275 269,268 270,266 271,258 272,252 273,247 275,242 278,241 288,239"/>
					<TextEquiv>
						<Unicode>55.</Unicode>
					</TextEquiv>
				</Word>
				<Word id="r1008">
					<Coords points="386,232 493,232 495,234 497,237 498,240 500,244 500,278 499,279 455,279 400,280 400,263 385,243 384,235 385,233"/>
					<TextEquiv>
						<Unicode>Ἐπὶ</Unicode>
					</TextEquiv>
				</Word>
				<Word id="r1009">
					<Coords points="549,232 584,233 585,235 587,240 588,243 589,252 592,254 592,257 591,258 590,277 586,278 580,278 548,277 545,275 542,269 543,265 544,260 547,257 547,234"/>
					<TextEquiv>
						<Unicode>δὲ</Unicode>
					</TextEquiv>
				</Word>
				<Word id="r1010">
					<Coords points="908,231 931,251 975,252 975,259 973,263 968,269 961,274 956,276 954,277 630,277 629,234 629,233 631,232 904,232"/>
					<TextEquiv>
						<Unicode>Παλλαντίαν</Unicode>
					</TextEquiv>
				</Word>
				<Word id="r1011">
					<Coords points="1040,230 1063,250 1066,251 1084,251 1085,266 1087,268 1086,271 1085,273 1083,275 1079,276 1037,280 1033,284 1032,287 1028,289 1021,291 1017,292 1014,291 1013,262 1012,257 1013,256 1024,239 1030,233"/>
					<TextEquiv>
						<Unicode>ᾔει</Unicode>
					</TextEquiv>
				</Word>
				<Word id="r1012">
					<Coords points="1185,229 1197,237 1201,238 1204,240 1215,250 1243,250 1277,252 1278,256 1290,268 1293,274 1292,276 1291,279 1287,283 1283,284 1275,278 1129,276 1125,265 1122,256 1123,253 1125,252 1159,252 1182,230"/>
					<TextEquiv>
						<Unicode>πόλιν,</Unicode>
					</TextEquiv>
				</Word>
				<Word id="r1013">
					<Coords points="1336,230 1339,231 1340,233 1341,236 1344,242 1345,245 1347,252 1349,255 1349,262 1348,267 1346,271 1345,275 1344,278 1343,283 1341,289 1335,289 1335,287 1322,267 1319,257 1320,254 1326,243 1333,231"/>
					<TextEquiv>
						<Unicode>ἣ</Unicode>
					</TextEquiv>
				</Word>
				<Word id="r1014">
					<Coords points="1387,230 1430,230 1452,231 1456,234 1466,237 1481,252 1499,252 1530,253 1530,262 1528,266 1523,271 1518,275 1514,277 1467,278 1448,291 1424,278 1417,277 1389,276 1383,275 1381,272 1380,269 1380,265 1383,256 1384,233"/>
					<TextEquiv>
						<Unicode>δόξαν</Unicode>
					</TextEquiv>
				</Word>
				<Word id="r1015">
					<Coords points="1563,252 1606,252 1609,253 1609,256 1608,259 1606,277 1604,278 1566,274 1557,260 1558,256 1561,253"/>
					<TextEquiv>
						<Unicode>τε</Unicode>
					</TextEquiv>
				</Word>
				<TextEquiv>
					<Unicode>55. Ἐπὶ δὲ Παλλαντίαν ᾔει πόλιν, ἣ δόξαν τε</Unicode>
				</TextEquiv>
			</TextLine>
			<TextLine id="r102">
				<Coords points="1095,298 1440,298 1462,320 1575,321 1607,323 1608,325 1606,333 1597,342 1593,345 1590,346 1589,347 1477,347 1462,361 1461,362 499,362 495,364 466,363 237,362 223,348 203,346 201,343 201,338 202,335 204,333 205,331 216,320 216,303 218,302 1094,299"/>
				<Word id="r1016">
					<Coords points="219,302 222,303 225,305 347,305 371,323 379,324 383,329 379,332 378,347 376,351 371,353 349,354 348,356 347,360 344,361 237,362 217,347 207,346 202,344 201,341 202,337 203,334 205,331 216,320 216,303 218,303"/>
					<TextEquiv>
						<Unicode>ἀρετῆς</Unicode>
					</TextEquiv>
				</Word>
				<Word id="r1017">
					<Coords points="455,302 455,303 459,303 459,304 463,304 462,304 462,306 461,306 461,321 523,321 523,322 528,322 528,325 527,325 527,327 526,327 526,329 525,329 525,339 524,339 524,346 503,346 503,347 502,347 502,353 501,353 501,359 500,359 500,361 496,361 496,362 493,362 493,363 493,362 468,362 469,362 469,360 470,360 470,359 471,359 471,358 472,358 472,357 473,357 473,347 429,347 429,346 427,346 427,345 425,345 425,343 424,343 424,342 423,342 423,340 422,340 422,333 423,333 423,331 424,331 424,329 425,329 425,327 426,327 426,326 427,326 427,325 428,325 428,324 429,324 429,323 430,323 430,322 431,322 431,321 432,321 432,320 433,320 433,319 434,319 434,318 435,318 435,317 436,317 436,316 437,316 437,315 438,315 438,314 439,314 439,313 440,313 440,312 441,312 441,311 442,311 442,310 443,310 443,309 444,309 444,308 445,308 445,307 446,307 446,306 447,306 447,305 450,305 450,304 453,304 453,303 455,303"/>
					<TextEquiv>
						<Unicode>εἶχε</Unicode>
					</TextEquiv>
				</Word>
				<Word id="r1019">
					<Coords points="650,301 659,302 676,306 695,319 713,320 716,322 734,340 734,346 733,348 732,351 729,353 672,355 669,357 666,358 570,360 566,360 565,358 566,355 568,351 569,346 570,344 571,341 573,333 574,328 575,324 576,322 593,321 619,320 630,320"/>
					<TextEquiv>
						<Unicode>μείζω,</Unicode>
					</TextEquiv>
				</Word>
				<Word id="r1020">
					<Coords points="850,300 855,302 857,306 859,312 860,314 862,334 863,337 859,343 857,344 855,346 778,346 777,344 778,342 781,333 782,328 783,324 784,322 793,320 802,319 829,319"/>
					<TextEquiv>
						<Unicode>καὶ</Unicode>
					</TextEquiv>
				</Word>
				<Word id="r1021">
					<Coords points="1095,298 1098,300 1099,303 1101,307 1103,310 1105,333 1108,336 1106,341 1102,345 921,345 918,334 917,323 921,320 970,319 974,319 988,305 1088,305"/>
					<TextEquiv>
						<Unicode>πολλοὶ</Unicode>
					</TextEquiv>
				</Word>
				<Word id="r1022">
					<Coords points="1439,299 1462,321 1574,321 1606,323 1606,325 1605,329 1605,333 1595,342 1591,345 1589,346 1476,346 1461,361 1357,361 1343,347 1158,345 1154,344 1152,343 1151,342 1149,338 1148,335 1149,332 1151,329 1152,327 1156,323 1163,321 1168,320 1191,319 1352,319 1368,303 1434,303"/>
					<TextEquiv>
						<Unicode>συνεπεφεύγεσαν</Unicode>
					</TextEquiv>
				</Word>
				<TextEquiv>
					<Unicode>ἀρετῆς εἶχε μείζω, καὶ πολλοὶ συνεπεφεύγεσαν</Unicode>
				</TextEquiv>
			</TextLine>
			<TextLine id="r103">
				<Coords points="1220,366 1504,369 1508,371 1526,389 1618,390 1622,391 1624,392 1625,394 1626,398 1626,401 1625,407 1624,409 1622,412 1619,414 1616,415 1426,417 1421,419 798,427 796,429 407,425 231,420 209,418 205,417 202,415 200,412 199,410 199,403 201,399 212,388 212,371 1212,366 1217,365"/>
				<Word id="r1023">
					<Coords points="215,371 239,392 243,394 246,396 247,398 243,401 241,402 240,419 232,419 208,417 204,416 202,415 200,412 199,410 199,403 201,399 212,388 212,372"/>
					<TextEquiv>
						<Unicode>ἐς</Unicode>
					</TextEquiv>
				</Word>
				<Word id="r1024">
					<Coords points="423,370 444,388 470,389 471,391 471,396 454,398 452,402 451,405 449,407 443,412 440,414 438,415 431,416 414,425 405,418 303,416 300,415 298,414 296,410 296,407 297,403 299,399 303,395 308,391 324,391 344,371 419,371"/>
					<TextEquiv>
						<Unicode>αὐτήν˙</Unicode>
					</TextEquiv>
				</Word>
				<Word id="r1025">
					<Coords points="534,370 570,370 592,388 598,389 629,393 628,398 627,400 625,403 619,409 617,410 613,413 611,414 610,415 521,414 518,413 516,412 514,409 513,405 513,403 514,401 516,396 518,392 521,372 533,371"/>
					<TextEquiv>
						<Unicode>ὅθεν</Unicode>
					</TextEquiv>
				</Word>
				<Word id="r1026">
					<Coords points="728,369 815,370 817,373 817,402 814,408 811,410 809,411 806,412 798,413 797,427 788,428 774,414 684,413 681,411 679,407 679,405 680,400 682,396 684,394 685,392 689,389 697,388 707,387"/>
					<TextEquiv>
						<Unicode>αὐτῷ</Unicode>
					</TextEquiv>
				</Word>
				<Word id="r1027">
					<Coords points="1215,366 1252,393 1251,397 1249,400 1239,410 1236,412 1234,413 1233,414 1020,414 1006,415 995,424 985,415 879,413 874,412 871,410 870,407 871,398 872,395 876,391 880,389 891,388 931,387 997,387 1014,370 1018,368 1211,367"/>
					<TextEquiv>
						<Unicode>συνεβούλευόν</Unicode>
					</TextEquiv>
				</Word>
				<Word id="r1028">
					<Coords points="1344,387 1400,387 1424,388 1429,390 1432,392 1432,397 1430,399 1428,407 1426,416 1424,417 1421,418 1419,419 1414,415 1312,414 1310,413 1310,404 1302,394 1301,391 1303,389 1343,388"/>
					<TextEquiv>
						<Unicode>τινες</Unicode>
					</TextEquiv>
				</Word>
				<Word id="r1029">
					<Coords points="1501,369 1504,370 1506,371 1526,390 1583,390 1585,391 1586,393 1587,396 1610,397 1611,399 1611,401 1587,401 1586,406 1585,408 1583,411 1580,413 1577,414 1486,413 1484,408 1486,400 1487,397 1488,396 1499,377"/>
					<TextEquiv>
						<Unicode>ἀπο-</Unicode>
					</TextEquiv>
				</Word>
				<TextEquiv>
					<Unicode>ἐς αὐτήν˙ ὅθεν αὐτῷ συνεβούλευόν τινες ἀπο-</Unicode>
				</TextEquiv>
			</TextLine>
			<TextLine id="r104">
				<Coords points="1518,435 1520,436 1540,456 1587,456 1608,457 1610,472 1612,475 1611,478 1605,484 1293,485 1281,496 1280,497 1206,498 1202,500 285,500 234,501 232,502 229,503 202,504 198,504 199,503 201,464 205,461 207,460 233,459 328,459 345,443 349,441 669,434 671,433"/>
				<Word id="r1030">
					<Coords points="350,441 354,442 356,443 379,459 388,462 387,466 384,472 374,482 368,485 367,486 299,486 285,499 284,500 233,500 231,501 228,502 199,502 200,498 202,463 205,461 207,460 233,459 329,459 345,443 347,442"/>
					<TextEquiv>
						<Unicode>χωρεῖν</Unicode>
					</TextEquiv>
				</Word>
				<Word id="r1031">
					<Coords points="521,438 524,439 526,442 527,445 528,452 530,458 535,462 536,467 535,473 534,475 532,477 531,479 529,481 527,482 526,483 487,486 483,493 482,496 480,497 468,485 443,484 440,473 438,460 450,458 493,457 501,456"/>
					<TextEquiv>
						<Unicode>πρὸ</Unicode>
					</TextEquiv>
				</Word>
				<Word id="r1032">
					<Coords points="672,434 697,456 760,456 766,459 767,461 768,464 780,476 781,478 780,480 778,482 761,484 755,487 688,488 678,497 664,484 594,483 592,482 589,470 586,462 587,460 588,459 590,458 596,456 648,456"/>
					<TextEquiv>
						<Unicode>πείρας.</Unicode>
					</TextEquiv>
				</Word>
				<Word id="r1033">
					<Coords points="873,434 878,464 878,470 876,476 874,479 871,481 869,482 861,482 859,481 858,480 856,477 855,471 856,464 860,459 861,458 867,455 867,436"/>
					<TextEquiv>
						<Unicode>ὁ</Unicode>
					</TextEquiv>
				</Word>
				<Word id="r1034">
					<Coords points="939,434 969,434 970,436 973,441 974,443 977,452 980,459 979,461 978,462 977,482 965,482 937,481 935,480 932,478 930,473 930,471 932,465 934,460 935,437 936,435 938,435"/>
					<TextEquiv>
						<Unicode>δὲ</Unicode>
					</TextEquiv>
				</Word>
				<Word id="r1035">
					<Coords points="1272,435 1295,455 1335,455 1440,457 1441,461 1441,463 1440,467 1439,470 1432,477 1427,480 1423,481 1421,482 1293,483 1280,496 1207,496 1203,498 1172,499 1156,483 1053,482 1038,477 1032,466 1031,464 1032,461 1034,458 1036,457 1084,456 1088,456 1103,441 1264,441"/>
					<TextEquiv>
						<Unicode>πολυχρήματον</Unicode>
					</TextEquiv>
				</Word>
				<Word id="r1036">
					<Coords points="1513,435 1518,436 1539,456 1586,456 1607,457 1609,473 1611,474 1610,477 1604,484 1489,483 1486,482 1483,480 1480,474 1480,469 1482,467 1483,463 1484,462 1505,440 1506,438 1508,436"/>
					<TextEquiv>
						<Unicode>εἶναι</Unicode>
					</TextEquiv>
				</Word>
				<TextEquiv>
					<Unicode>χωρεῖν πρὸ πείρας. ὁ δὲ πολυχρήματον εἶναι</Unicode>
				</TextEquiv>
			</TextLine>
			<TextLine id="r105">
				<Coords points="910,501 1507,507 1509,508 1527,526 1609,526 1612,541 1613,544 1612,546 1607,551 1605,552 1452,553 1439,566 1138,567 1108,569 866,568 840,567 435,565 425,555 205,554 202,543 199,531 200,529 202,528 304,528 326,507 328,506 907,504"/>
				<Word id="r1037">
					<Coords points="328,506 429,506 448,525 572,525 575,526 578,528 579,534 576,535 575,548 574,552 573,554 449,555 437,565 424,554 205,549 201,540 200,536 199,533 200,530 201,529 203,528 305,528 326,507"/>
					<TextEquiv>
						<Unicode>πυνθανόμενος</Unicode>
					</TextEquiv>
				</Word>
				<Word id="r1038">
					<Coords points="665,505 688,524 707,524 710,526 711,528 709,537 708,545 704,549 702,550 627,550 625,549 622,547 620,543 620,537 621,533 629,525 642,525"/>
					<TextEquiv>
						<Unicode>οὐκ</Unicode>
					</TextEquiv>
				</Word>
				<Word id="r1039">
					<Coords points="911,502 935,523 994,523 995,526 1013,547 1012,553 1006,559 929,562 875,566 873,567 841,567 825,551 755,550 753,549 751,545 751,543 752,538 753,535 755,532 757,530 766,513 767,505 906,505"/>
					<TextEquiv>
						<Unicode>ἀνεχώρει,</Unicode>
					</TextEquiv>
				</Word>
				<Word id="r1040">
					<Coords points="1100,503 1124,523 1191,529 1195,541 1193,545 1191,546 1190,548 1188,549 1162,550 1151,551 1150,557 1149,562 1148,565 1137,566 1110,567 1041,566 1040,564 1041,559 1044,550 1045,546 1046,543 1047,539 1049,533 1050,528 1051,526 1059,525 1072,524"/>
					<TextEquiv>
						<Unicode>μέχρι</Unicode>
					</TextEquiv>
				</Word>
				<Word id="r1041">
					<Coords points="1503,507 1507,508 1526,526 1608,526 1610,541 1612,543 1611,545 1604,552 1452,552 1436,566 1419,551 1239,549 1236,547 1234,544 1234,536 1237,531 1242,528 1244,526 1246,525 1280,524 1341,524 1355,510 1497,509"/>
					<TextEquiv>
						<Unicode>σιτολογοῦντα</Unicode>
					</TextEquiv>
				</Word>
				<TextEquiv>
					<Unicode>πυνθανόμενος οὐκ ἀνεχώρει, μέχρι σιτολογοῦντα</Unicode>
				</TextEquiv>
			</TextLine>
			<TextLine id="r106">
				<Coords points="1082,570 1086,571 1438,571 1447,580 1497,580 1500,582 1502,583 1512,593 1546,593 1583,594 1614,596 1614,601 1611,607 1611,609 1602,617 1599,619 1596,620 1594,621 1593,622 1499,622 1483,637 1481,638 1477,639 1474,638 937,638 922,623 203,622 201,621 199,615 199,610 200,607 202,605 203,602 207,598 209,597 212,596 231,596 252,575 650,572 652,571 1079,571"/>
				<Word id="r1042">
					<Coords points="252,575 314,575 334,595 356,595 356,602 352,610 345,617 342,619 338,621 337,622 202,621 200,620 199,615 199,610 200,607 202,605 203,602 207,598 209,597 212,596 231,596"/>
					<TextEquiv>
						<Unicode>αὐτὸν</Unicode>
					</TextEquiv>
				</Word>
				<Word id="r1043">
					<Coords points="425,574 428,578 426,613 423,619 393,620 387,619 385,618 384,615 384,605 386,602 388,598 391,596 394,595 400,595"/>
					<TextEquiv>
						<Unicode>οἱ</Unicode>
					</TextEquiv>
				</Word>
				<Word id="r1044">
					<Coords points="653,571 674,592 785,598 789,610 787,614 784,617 780,619 457,619 456,576 472,574 650,573 652,572"/>
					<TextEquiv>
						<Unicode>Παλλάντιοι</Unicode>
					</TextEquiv>
				</Word>
				<Word id="r1045">
					<Coords points="999,574 1002,575 1004,576 1026,592 1034,593 1038,594 1043,599 1040,602 1038,603 1037,619 1036,622 1032,623 982,624 969,636 968,637 937,637 920,620 817,618 814,616 812,613 812,606 815,600 819,597 821,595 825,594 830,593 854,592 977,592 994,576 996,575"/>
					<TextEquiv>
						<Unicode>συνεχῶς</Unicode>
					</TextEquiv>
				</Word>
				<Word id="r1046">
					<Coords points="1082,571 1090,575 1222,575 1224,576 1240,592 1284,592 1319,593 1319,601 1318,604 1316,608 1312,613 1308,615 1306,617 1303,618 1301,619 1296,620 1095,619 1072,618 1070,614 1069,611 1072,599 1073,596 1075,593 1077,573"/>
					<TextEquiv>
						<Unicode>ἱππεῦσιν</Unicode>
					</TextEquiv>
				</Word>
				<Word id="r1047">
					<Coords points="1362,571 1437,571 1446,580 1496,580 1499,582 1501,583 1511,593 1545,593 1582,594 1598,595 1613,598 1612,602 1611,604 1610,607 1609,609 1600,617 1597,619 1594,620 1593,621 1498,621 1481,637 1477,638 1473,637 1446,634 1358,631 1358,629 1347,612 1343,601 1346,596 1358,580 1359,574 1360,572"/>
					<TextEquiv>
						<Unicode>ἠνώχλουν</Unicode>
					</TextEquiv>
				</Word>
				<TextEquiv>
					<Unicode>αὐτὸν οἱ Παλλάντιοι συνεχῶς ἱππεῦσιν ἠνώχλουν</Unicode>
				</TextEquiv>
			</TextLine>
			<TextLine id="r107">
				<Coords points="844,639 1364,640 1366,643 1571,644 1574,645 1576,646 1593,663 1614,664 1614,669 1612,675 1608,680 1603,683 1602,685 1601,686 1597,688 1575,689 1534,690 1519,705 622,703 609,690 209,689 209,682 200,671 201,667 203,665 245,664 343,664 365,642 843,640"/>
				<Word id="r1048">
					<Coords points="249,664 255,668 253,669 252,676 251,688 209,685 200,671 201,668 203,665 245,665"/>
					<TextEquiv>
						<Unicode>τε</Unicode>
					</TextEquiv>
				</Word>
				<Word id="r1049">
					<Coords points="366,642 368,644 370,647 371,649 372,652 374,656 377,677 378,681 377,683 375,686 372,688 293,687 294,684 296,680 297,676 298,674 299,671 300,667 302,665 304,664 343,664"/>
					<TextEquiv>
						<Unicode>καὶ</Unicode>
					</TextEquiv>
				</Word>
				<Word id="r1050">
					<Coords points="680,644 680,645 682,645 682,646 684,646 684,647 685,647 685,648 687,648 687,649 689,649 689,650 690,650 690,651 692,651 692,652 693,652 693,653 695,653 695,654 697,654 697,655 698,655 698,656 700,656 700,657 701,657 701,658 703,658 703,659 705,659 705,660 706,660 706,661 708,661 708,662 709,662 709,663 716,663 716,669 715,669 715,671 714,671 714,674 713,674 713,676 712,676 712,677 711,677 711,678 710,678 710,679 709,679 709,680 708,680 708,681 707,681 707,682 705,682 705,683 703,683 703,684 701,684 701,685 699,685 699,686 696,686 696,687 639,687 639,688 637,688 637,689 636,689 636,690 635,690 635,691 634,691 634,692 633,692 633,693 632,693 632,694 631,694 631,695 630,695 630,696 629,696 629,697 628,697 628,698 627,698 627,699 626,699 626,700 625,700 625,701 624,701 624,702 622,702 622,703 622,702 621,702 621,701 620,701 620,700 619,700 619,699 618,699 618,698 617,698 617,697 616,697 616,696 615,696 615,695 614,695 614,694 613,694 613,693 612,693 612,692 611,692 611,691 610,691 610,690 609,690 609,689 608,689 608,688 607,688 607,687 433,687 433,688 429,688 429,687 425,687 425,686 423,686 423,684 422,684 422,683 421,683 421,674 422,674 422,672 423,672 423,671 424,671 424,670 425,670 425,669 426,669 426,668 427,668 427,667 428,667 428,666 429,666 429,665 434,665 434,664 466,664 466,663 526,663 526,662 527,662 527,661 528,661 528,660 529,660 529,659 530,659 530,658 531,658 531,657 532,657 532,656 533,656 533,655 534,655 534,654 535,654 535,653 536,653 536,652 537,652 537,651 538,651 538,650 539,650 539,649 541,649 541,648 607,648 607,647 673,647 673,646 676,646 676,645 680,645"/>
					<TextEquiv>
						<Unicode>σιτολογεῖν</Unicode>
					</TextEquiv>
				</Word>
				<Word id="r1052">
					<Coords points="845,640 859,646 866,648 868,649 881,661 981,661 983,664 996,680 997,683 996,686 993,687 767,687 764,686 762,685 759,681 758,676 760,669 770,658 770,641 842,641"/>
					<TextEquiv>
						<Unicode>ἐκώλυον.</Unicode>
					</TextEquiv>
				</Word>
				<Word id="r1053">
					<Coords points="1090,640 1094,642 1236,642 1239,644 1241,645 1257,661 1279,661 1279,667 1278,670 1276,674 1272,680 1268,683 1266,684 1262,687 1260,688 1199,688 1181,704 1163,688 1113,687 1075,685 1073,684 1071,680 1071,676 1072,674 1076,668 1077,666 1086,649"/>
					<TextEquiv>
						<Unicode>ἀπορῶν</Unicode>
					</TextEquiv>
				</Word>
				<Word id="r1054">
					<Coords points="1332,640 1365,642 1367,645 1369,651 1370,653 1373,662 1374,666 1373,668 1372,669 1371,687 1369,688 1366,689 1363,688 1332,687 1329,686 1327,685 1325,682 1324,678 1324,673 1326,669 1328,667 1329,642 1330,641"/>
					<TextEquiv>
						<Unicode>δὲ</Unicode>
					</TextEquiv>
				</Word>
				<Word id="r1055">
					<Coords points="1568,644 1572,645 1574,646 1593,664 1613,666 1612,671 1611,674 1607,679 1605,680 1601,681 1600,685 1596,687 1574,688 1534,689 1519,704 1444,704 1425,687 1421,686 1421,679 1413,668 1414,664 1415,663 1431,662 1457,661 1513,661 1528,646 1563,645 1565,645"/>
					<TextEquiv>
						<Unicode>τροφῶν</Unicode>
					</TextEquiv>
				</Word>
				<TextEquiv>
					<Unicode>τε καὶ σιτολογεῖν ἐκώλυον. ἀπορῶν δὲ τροφῶν</Unicode>
				</TextEquiv>
			</TextLine>
			<TextLine id="r108">
				<Coords points="1082,706 1084,707 1575,708 1603,731 1612,736 1613,738 1614,741 1613,745 1611,750 1609,753 1607,754 1605,756 1599,757 1596,765 1594,773 1590,774 1587,774 1583,771 706,769 698,761 206,758 204,757 201,755 199,751 199,743 200,740 202,738 203,736 212,720 213,712 215,710 773,708 775,707 1081,707"/>
				<Word id="r1056">
					<Coords points="216,710 219,711 221,712 222,736 223,739 223,747 222,751 220,755 216,757 205,757 201,755 199,751 199,743 200,740 202,738 203,736 206,734 209,733 213,731 213,712"/>
					<TextEquiv>
						<Unicode>ὁ</Unicode>
					</TextEquiv>
				</Word>
				<Word id="r1057">
					<Coords points="371,710 380,716 442,716 485,717 487,718 500,731 558,731 562,732 565,734 567,737 563,740 562,754 561,757 560,759 556,760 552,758 270,757 270,755 279,745 280,743 282,737 283,735 285,729 289,721 290,717 291,714 292,713 365,713"/>
					<TextEquiv>
						<Unicode>Λεύκολλος</Unicode>
					</TextEquiv>
				</Word>
				<Word id="r1058">
					<Coords points="778,707 801,728 875,728 876,730 877,736 891,753 890,758 889,760 885,762 882,763 803,766 799,768 706,769 694,757 611,756 609,755 607,751 607,747 608,744 612,738 613,736 623,719 625,710 773,709 775,708"/>
					<TextEquiv>
						<Unicode>ἀνεζεύγνυ,</Unicode>
					</TextEquiv>
				</Word>
				<Word id="r1059">
					<Coords points="1082,707 1084,708 1107,730 1252,734 1251,740 1248,744 1240,752 1238,753 1235,755 1232,756 1230,757 1119,757 1107,769 1020,769 1007,756 943,755 940,754 940,745 931,735 932,733 938,730 943,729 1060,728"/>
					<TextEquiv>
						<Unicode>τετράγωνον</Unicode>
					</TextEquiv>
				</Word>
				<Word id="r1060">
					<Coords points="1306,708 1309,709 1335,729 1342,730 1343,733 1341,739 1340,741 1338,744 1334,748 1328,753 1324,755 1323,756 1302,756 1297,755 1295,754 1294,753 1292,750 1291,745 1292,739 1302,719 1303,710 1304,709"/>
					<TextEquiv>
						<Unicode>ἐν</Unicode>
					</TextEquiv>
				</Word>
				<Word id="r1061">
					<Coords points="1573,708 1575,709 1601,732 1605,733 1609,735 1612,737 1613,740 1610,749 1608,752 1605,754 1598,756 1594,757 1593,769 1589,773 1567,759 1561,758 1415,757 1397,752 1392,742 1391,738 1392,734 1395,732 1397,731 1419,731 1434,716 1537,714 1541,711 1570,710"/>
					<TextEquiv>
						<Unicode>πλινθίῳ</Unicode>
					</TextEquiv>
				</Word>
				<TextEquiv>
					<Unicode>ὁ Λεύκολλος ἀνεζεύγνυ, τετράγωνον ἐν πλινθίῳ</Unicode>
				</TextEquiv>
			</TextLine>
			<TextLine id="r109">
				<Coords points="1418,777 1575,782 1577,783 1594,800 1615,800 1616,802 1616,805 1615,808 1613,812 1611,815 1606,820 1601,824 1595,827 1192,827 1175,841 1171,840 384,840 371,827 209,826 208,824 208,818 199,807 200,804 201,802 204,801 212,800 239,778 241,777 1414,775"/>
				<Word id="r1062">
					<Coords points="241,777 264,799 285,799 287,800 288,803 287,808 286,811 275,822 273,823 270,825 268,826 209,825 208,820 199,807 200,805 201,802 203,801 211,800 217,800 239,778"/>
					<TextEquiv>
						<Unicode>τὸν</Unicode>
					</TextEquiv>
				</Word>
				<Word id="r1063">
					<Coords points="493,777 517,799 537,799 539,800 540,802 539,805 538,809 536,812 528,820 526,821 523,823 521,824 520,825 400,826 385,839 370,826 322,825 318,824 316,823 314,820 313,818 313,813 314,809 316,807 317,804 325,800 333,799 470,798"/>
					<TextEquiv>
						<Unicode>στρατὸν</Unicode>
					</TextEquiv>
				</Word>
				<Word id="r1064">
					<Coords points="607,777 630,797 715,797 716,801 717,804 731,818 732,821 728,825 727,827 640,828 628,839 607,826 599,825 582,824 580,823 578,818 578,815 579,812 581,808 583,805 587,800 591,780 602,779"/>
					<TextEquiv>
						<Unicode>ἄγων,</Unicode>
					</TextEquiv>
				</Word>
				<Word id="r1065">
					<Coords points="776,777 927,777 947,797 1022,797 1022,803 1021,806 1020,808 1016,814 1010,820 1004,823 1003,824 874,824 860,836 848,825 793,824 769,823 766,821 763,816 763,809 767,803 770,799 772,780 773,778 775,778"/>
					<TextEquiv>
						<Unicode>ἑπομένων</Unicode>
					</TextEquiv>
				</Word>
				<Word id="r1066">
					<Coords points="1114,777 1117,778 1197,780 1199,785 1199,812 1198,815 1195,819 1189,822 1180,823 1179,836 1173,840 1155,824 1106,823 1063,821 1061,818 1061,811 1063,808 1069,800 1073,798 1076,797 1092,797"/>
					<TextEquiv>
						<Unicode>αὐτῷ</Unicode>
					</TextEquiv>
				</Word>
				<Word id="r1067">
					<Coords points="1311,776 1315,778 1317,782 1320,791 1321,793 1322,812 1325,815 1324,818 1321,822 1320,824 1312,824 1240,821 1241,817 1243,811 1244,809 1247,800 1264,798 1288,798"/>
					<TextEquiv>
						<Unicode>καὶ</Unicode>
					</TextEquiv>
				</Word>
				<Word id="r1068">
					<Coords points="1412,776 1437,798 1474,798 1478,800 1478,804 1476,805 1475,824 1371,824 1371,816 1363,807 1362,805 1363,803 1364,800 1365,799 1387,799"/>
					<TextEquiv>
						<Unicode>τότε</Unicode>
					</TextEquiv>
				</Word>
				<Word id="r1069">
					<Coords points="1569,782 1575,783 1593,800 1614,800 1614,805 1613,808 1612,810 1611,813 1602,822 1596,825 1526,825 1525,823 1525,815 1517,805 1523,800 1528,799 1547,799"/>
					<TextEquiv>
						<Unicode>τῶν</Unicode>
					</TextEquiv>
				</Word>
				<TextEquiv>
					<Unicode>τὸν στρατὸν ἄγων, ἑπομένων αὐτῷ καὶ τότε τῶν</Unicode>
				</TextEquiv>
			</TextLine>
			<TextLine id="r110">
				<Coords points="960,843 964,845 1617,846 1618,849 1616,852 1615,887 1613,892 1607,895 1325,898 1319,901 710,911 616,905 615,899 614,894 202,893 208,887 208,868 212,861 217,850 219,849 956,845"/>
				<Word id="r1070">
					<Coords points="486,848 511,866 518,867 553,867 555,869 556,872 555,875 553,879 550,883 547,886 544,888 540,891 205,890 208,868 217,850 219,849 483,849"/>
					<TextEquiv>
						<Unicode>Παλλαντίων</Unicode>
					</TextEquiv>
				</Word>
				<Word id="r1071">
					<Coords points="675,847 695,865 763,865 765,866 768,880 769,883 766,889 727,893 725,898 724,904 720,908 708,910 703,909 679,907 616,904 615,902 616,900 617,896 618,893 619,889 620,886 621,884 622,881 623,877 624,874 625,870 628,866 654,866"/>
					<TextEquiv>
						<Unicode>μέχρι</Unicode>
					</TextEquiv>
				</Word>
				<Word id="r1072">
					<Coords points="959,844 982,865 1022,866 1022,871 1021,876 1019,881 1016,883 1012,884 1011,886 1010,889 1004,891 953,892 929,893 912,907 896,893 832,892 832,890 833,887 835,883 837,877 839,875 840,871 842,869 843,865 844,863 846,860 847,857 851,849 954,846 957,845"/>
					<TextEquiv>
						<Unicode>Δορίου</Unicode>
					</TextEquiv>
				</Word>
				<Word id="r1073">
					<Coords points="1300,849 1307,853 1309,860 1311,869 1327,887 1328,891 1327,895 1325,897 1319,900 1318,901 1218,901 1214,902 1205,893 1079,888 1072,875 1073,872 1075,868 1076,867 1105,866 1280,865 1294,851 1296,850"/>
					<TextEquiv>
						<Unicode>ποταμοῦ,</Unicode>
					</TextEquiv>
				</Word>
				<Word id="r1074">
					<Coords points="1413,846 1447,846 1449,847 1471,866 1475,867 1507,867 1508,871 1508,874 1507,877 1505,881 1503,884 1496,890 1494,891 1491,893 1487,895 1465,894 1398,893 1394,891 1393,889 1391,886 1391,879 1392,877 1395,872 1397,852 1401,848 1411,848"/>
					<TextEquiv>
						<Unicode>ὅθεν</Unicode>
					</TextEquiv>
				</Word>
				<Word id="r1075">
					<Coords points="1614,846 1617,848 1615,851 1614,853 1613,887 1612,889 1611,892 1605,895 1603,894 1580,893 1577,892 1575,891 1574,890 1573,888 1572,884 1573,879 1574,876 1579,870 1586,868 1610,848"/>
					<TextEquiv>
						<Unicode>οἱ</Unicode>
					</TextEquiv>
				</Word>
				<TextEquiv>
					<Unicode>Παλλαντίων μέχρι Δορίου ποταμοῦ, ὅθεν οἱ</Unicode>
				</TextEquiv>
			</TextLine>
			<TextLine id="r111">
				<Coords points="1091,911 1093,912 1569,913 1571,914 1593,936 1616,936 1616,942 1615,946 1614,949 1613,951 1604,959 1599,962 1597,963 1580,963 1579,965 1578,969 1577,972 1576,974 1054,975 1052,976 1048,977 199,976 198,972 200,966 202,963 203,959 204,953 205,950 207,946 208,940 209,937 225,937 247,915 1089,912"/>
				<Word id="r1076">
					<Coords points="248,915 270,936 288,936 289,938 289,942 288,946 285,950 283,953 279,956 274,960 270,962 269,963 215,963 200,976 198,974 201,965 202,963 203,960 205,952 208,943 209,939 217,937"/>
					<TextEquiv>
						<Unicode>μὲν</Unicode>
					</TextEquiv>
				</Word>
				<Word id="r1077">
					<Coords points="524,915 547,935 653,935 656,950 658,952 654,958 652,960 346,962 330,961 328,961 328,917 335,916 520,916"/>
					<TextEquiv>
						<Unicode>Παλλάντιοι</Unicode>
					</TextEquiv>
				</Word>
				<Word id="r1078">
					<Coords points="834,913 865,935 872,936 874,937 877,939 878,942 875,944 873,945 872,962 870,964 868,965 865,965 863,964 698,962 697,938 697,936 719,935 732,934 811,934"/>
					<TextEquiv>
						<Unicode>νυκτὸς</Unicode>
					</TextEquiv>
				</Word>
				<Word id="r1079">
					<Coords points="1090,912 1116,933 1121,934 1221,935 1222,942 1236,958 1235,963 1231,968 1107,971 1053,974 1051,975 1020,976 1005,961 935,960 932,959 930,958 929,956 929,949 932,943 934,941 944,924 945,915 946,914 948,913 1088,913"/>
					<TextEquiv>
						<Unicode>ἀνεχώρουν,</Unicode>
					</TextEquiv>
				</Word>
				<Word id="r1080">
					<Coords points="1295,913 1299,940 1300,942 1300,951 1299,954 1297,958 1293,960 1289,961 1284,961 1282,960 1279,958 1278,956 1277,953 1277,946 1278,944 1280,941 1282,937 1288,935 1290,915"/>
					<TextEquiv>
						<Unicode>ὁ</Unicode>
					</TextEquiv>
				</Word>
				<Word id="r1081">
					<Coords points="1357,913 1361,914 1382,914 1385,915 1386,918 1386,920 1385,924 1384,926 1382,927 1372,928 1371,951 1370,956 1362,960 1352,960 1349,958 1347,953 1347,945 1349,941 1351,939 1352,915"/>
					<TextEquiv>
						<Unicode>δ᾽</Unicode>
					</TextEquiv>
				</Word>
				<Word id="r1082">
					<Coords points="1452,915 1455,916 1478,936 1482,938 1485,940 1486,943 1485,945 1481,947 1480,961 1478,965 1473,967 1468,966 1450,963 1445,962 1440,960 1437,956 1437,946 1438,944 1449,925"/>
					<TextEquiv>
						<Unicode>ἐς</Unicode>
					</TextEquiv>
				</Word>
				<Word id="r1083">
					<Coords points="1567,913 1569,914 1592,936 1615,939 1614,944 1613,948 1612,950 1611,951 1602,959 1600,960 1598,962 1579,963 1577,965 1576,969 1575,972 1573,974 1561,963 1533,962 1533,953 1525,944 1524,941 1525,939 1526,938 1528,937 1536,936"/>
					<TextEquiv>
						<Unicode>τὴν</Unicode>
					</TextEquiv>
				</Word>
				<TextEquiv>
					<Unicode>μὲν Παλλάντιοι νυκτὸς ἀνεχώρουν, ὁ δ᾽ ἐς τὴν</Unicode>
				</TextEquiv>
			</TextLine>
			<TextLine id="r112">
				<Coords points="916,981 1429,984 1548,987 1550,988 1567,1005 1609,1005 1613,1007 1615,1010 1616,1012 1616,1018 1615,1021 1614,1023 1612,1026 1604,1030 1210,1032 1200,1041 1196,1043 1110,1043 1055,1045 1051,1047 581,1048 550,1047 278,1046 263,1031 202,1038 216,1018 200,995 201,987 205,986 231,985 316,984 319,983 915,982"/>
				<Word id="r1084">
					<Coords points="320,983 326,985 328,986 483,986 485,987 503,1005 522,1005 523,1009 523,1012 522,1016 521,1018 519,1021 517,1023 513,1026 507,1030 505,1031 293,1032 279,1045 278,1046 264,1032 210,1031 210,1007 202,998 200,995 201,990 205,986 231,985 319,984"/>
					<TextEquiv>
						<Unicode>Τυρδιτανῶν</Unicode>
					</TextEquiv>
				</Word>
				<Word id="r1085">
					<Coords points="623,983 645,1003 728,1003 728,1012 726,1014 724,1017 721,1022 716,1025 713,1028 709,1030 651,1031 637,1045 586,1046 551,1046 553,1010 555,1006 559,1004 586,1003 601,1003"/>
					<TextEquiv>
						<Unicode>χώραν</Unicode>
					</TextEquiv>
				</Word>
				<Word id="r1086">
					<Coords points="917,982 940,1003 969,1003 970,1008 969,1013 965,1019 958,1026 950,1030 947,1031 946,1030 763,1029 757,1026 755,1023 755,1015 756,1012 758,1008 760,985 761,983 914,983"/>
					<TextEquiv>
						<Unicode>διελθὼν</Unicode>
					</TextEquiv>
				</Word>
				<Word id="r1087">
					<Coords points="1012,982 1015,983 1197,983 1201,986 1211,988 1226,1003 1262,1003 1263,1006 1277,1021 1278,1024 1277,1027 1276,1029 1275,1030 1244,1030 1209,1031 1198,1041 1197,1042 1109,1042 1055,1044 1052,1045 1050,1046 1020,1047 998,1024 997,1018 998,1012 1009,1000 1009,983"/>
					<TextEquiv>
						<Unicode>ἐχείμαζεν.</Unicode>
					</TextEquiv>
				</Word>
				<Word id="r1088">
					<Coords points="1426,984 1431,988 1435,996 1436,1018 1439,1021 1438,1024 1433,1030 1354,1030 1353,1024 1354,1022 1355,1019 1356,1017 1358,1011 1360,1007 1361,1004 1377,1003 1405,1003"/>
					<TextEquiv>
						<Unicode>καὶ</Unicode>
					</TextEquiv>
				</Word>
				<Word id="r1089">
					<Coords points="1543,987 1548,988 1566,1005 1608,1005 1610,1006 1613,1008 1614,1010 1614,1018 1612,1024 1610,1026 1604,1029 1603,1030 1475,1025 1466,1011 1467,1007 1468,1006 1470,1005 1509,1004 1522,1004"/>
					<TextEquiv>
						<Unicode>τοῦτο</Unicode>
					</TextEquiv>
				</Word>
				<TextEquiv>
					<Unicode>Τυρδιτανῶν χώραν διελθὼν ἐχείμαζεν. καὶ τοῦτο</Unicode>
				</TextEquiv>
			</TextLine>
			<TextLine id="r113">
				<Coords points="1444,1050 1447,1051 1631,1049 1630,1081 1628,1089 1627,1092 1625,1094 1624,1101 1623,1109 1622,1111 1534,1114 1531,1116 1528,1114 419,1110 415,1105 334,1104 331,1102 210,1100 209,1092 200,1081 201,1077 202,1075 204,1074 231,1074 253,1052 1442,1051"/>
				<Word id="r1090">
					<Coords points="253,1052 264,1060 268,1061 270,1062 282,1073 343,1074 347,1076 349,1080 347,1083 344,1084 343,1098 341,1102 332,1102 209,1099 209,1091 200,1081 202,1075 203,1074 231,1074"/>
					<TextEquiv>
						<Unicode>τέλος</Unicode>
					</TextEquiv>
				</Word>
				<Word id="r1091">
					<Coords points="420,1052 447,1073 463,1073 463,1079 460,1088 458,1090 451,1096 445,1099 435,1100 426,1103 425,1107 421,1110 419,1109 406,1089 403,1078 404,1075 411,1062 412,1054"/>
					<TextEquiv>
						<Unicode>ἦν</Unicode>
					</TextEquiv>
				</Word>
				<Word id="r1092">
					<Coords points="592,1055 598,1057 600,1059 602,1073 603,1075 603,1079 602,1083 601,1086 597,1092 596,1094 592,1097 590,1098 559,1098 527,1099 523,1099 522,1094 514,1080 515,1075 519,1073 555,1072 571,1072 587,1056"/>
					<TextEquiv>
						<Unicode>τοῦ</Unicode>
					</TextEquiv>
				</Word>
				<Word id="r1093">
					<Coords points="671,1052 901,1052 925,1071 932,1072 969,1072 969,1079 967,1083 966,1086 963,1087 962,1091 959,1093 955,1095 952,1097 950,1098 763,1098 717,1099 714,1099 674,1098 671,1097 667,1096 665,1095 661,1092 657,1086 655,1082 654,1079 654,1071 655,1066 657,1064 659,1061 660,1058 663,1057 666,1055 668,1053 670,1053"/>
					<TextEquiv>
						<Unicode>Οὐακκαίων</Unicode>
					</TextEquiv>
				</Word>
				<Word id="r1094">
					<Coords points="1150,1052 1171,1071 1251,1072 1252,1075 1267,1090 1268,1095 1267,1101 1262,1106 1160,1109 1154,1112 1140,1098 1027,1097 1026,1093 1019,1081 1020,1077 1022,1073 1029,1072 1035,1071 1079,1071 1092,1058 1142,1058"/>
					<TextEquiv>
						<Unicode>πολέμου,</Unicode>
					</TextEquiv>
				</Word>
				<Word id="r1095">
					<Coords points="1444,1051 1447,1052 1448,1055 1450,1059 1451,1062 1456,1072 1460,1089 1460,1093 1459,1098 1457,1100 1412,1100 1403,1110 1400,1113 1384,1099 1327,1098 1324,1087 1320,1082 1320,1079 1321,1075 1322,1073 1328,1072 1378,1071 1422,1071"/>
					<TextEquiv>
						<Unicode>παρὰ</Unicode>
					</TextEquiv>
				</Word>
				<Word id="r1096">
					<Coords points="1593,1051 1595,1060 1617,1083 1617,1085 1594,1087 1592,1091 1591,1096 1588,1105 1587,1109 1587,1112 1535,1112 1531,1114 1526,1096 1523,1092 1512,1079 1516,1074 1520,1073 1539,1057 1586,1057"/>
					<TextEquiv>
						<Unicode>ψή-</Unicode>
					</TextEquiv>
				</Word>
				<TextEquiv>
					<Unicode>τέλος ἦν τοῦ Οὐακκαίων πολέμου, παρὰ ψή-</Unicode>
				</TextEquiv>
			</TextLine>
			<TextLine id="r114">
				<Coords points="402,1118 1607,1121 1611,1126 1612,1129 1613,1131 1614,1134 1615,1136 1616,1157 1618,1159 1617,1161 1615,1164 1612,1168 1306,1169 1293,1182 215,1183 211,1184 211,1172 202,1162 201,1156 202,1149 222,1128 223,1126 396,1122 401,1119"/>
				<Word id="r1097">
					<Coords points="225,1126 240,1140 356,1140 368,1141 370,1156 373,1160 369,1166 366,1167 316,1168 302,1182 214,1182 212,1178 202,1162 201,1158 202,1152 222,1128"/>
					<TextEquiv>
						<Unicode>φισμα</Unicode>
					</TextEquiv>
				</Word>
				<Word id="r1098">
					<Coords points="404,1119 408,1120 597,1120 618,1141 665,1142 665,1147 663,1151 662,1154 660,1156 658,1159 655,1161 653,1162 651,1164 645,1166 547,1167 514,1168 501,1180 500,1181 487,1168 464,1167 416,1167 416,1150 397,1130 396,1127 397,1124 398,1122 399,1121"/>
					<TextEquiv>
						<Unicode>Ῥωμαίων</Unicode>
					</TextEquiv>
				</Word>
				<Word id="r1099">
					<Coords points="776,1119 778,1120 780,1123 781,1125 783,1128 784,1135 787,1143 789,1145 791,1149 791,1151 790,1156 787,1162 784,1164 778,1166 698,1166 696,1163 695,1153 693,1143 694,1142 702,1129 703,1122 704,1121 706,1120 774,1120"/>
					<TextEquiv>
						<Unicode>ὑπὸ</Unicode>
					</TextEquiv>
				</Word>
				<Word id="r1100">
					<Coords points="992,1120 1000,1125 1043,1125 1047,1126 1050,1127 1052,1128 1064,1140 1134,1140 1134,1149 1133,1151 1131,1157 1129,1161 1125,1164 1122,1165 1120,1166 891,1167 834,1166 831,1165 831,1164 840,1154 842,1148 844,1144 846,1138 848,1135 850,1129 851,1127 853,1121 989,1121"/>
					<TextEquiv>
						<Unicode>Λευκόλλου</Unicode>
					</TextEquiv>
				</Word>
				<Word id="r1101">
					<Coords points="1351,1121 1371,1140 1441,1141 1442,1144 1457,1160 1458,1163 1457,1166 1456,1168 1306,1168 1291,1182 1290,1181 1186,1180 1185,1167 1174,1155 1173,1150 1174,1145 1176,1143 1178,1142 1221,1140 1331,1140"/>
					<TextEquiv>
						<Unicode>γενομένου.</Unicode>
					</TextEquiv>
				</Word>
				<Word id="r1102">
					<Coords points="1605,1121 1610,1125 1611,1128 1612,1130 1613,1133 1615,1137 1615,1158 1616,1159 1615,1162 1612,1165 1611,1168 1532,1165 1533,1161 1535,1155 1536,1153 1539,1144 1540,1142 1541,1141 1584,1141"/>
					<TextEquiv>
						<Unicode>καὶ</Unicode>
					</TextEquiv>
				</Word>
				<TextEquiv>
					<Unicode>φισμα Ῥωμαίων ὑπὸ Λευκόλλου γενομένου. καὶ</Unicode>
				</TextEquiv>
			</TextLine>
			<TextLine id="r115">
				<Coords points="924,1186 928,1187 1128,1188 1131,1189 1156,1208 1163,1209 1183,1228 1184,1232 1182,1237 1161,1237 1160,1243 1159,1245 1159,1248 743,1251 740,1252 735,1253 723,1241 212,1236 209,1235 207,1234 206,1233 204,1229 203,1225 204,1221 207,1215 216,1199 217,1190 218,1189 221,1188 223,1187 921,1187"/>
				<Word id="r1103">
					<Coords points="223,1187 225,1188 225,1215 226,1223 226,1228 224,1230 223,1233 220,1235 211,1235 208,1234 206,1233 204,1230 203,1227 203,1224 204,1220 206,1216 208,1213 211,1211 216,1210 217,1189 220,1188 222,1188"/>
					<TextEquiv>
						<Unicode>ὁ</Unicode>
					</TextEquiv>
				</Word>
				<Word id="r1104">
					<Coords points="357,1188 362,1192 465,1195 469,1196 471,1197 474,1198 485,1209 519,1209 545,1210 548,1211 551,1213 552,1215 552,1218 548,1219 547,1237 541,1239 535,1237 313,1236 256,1234 265,1223 266,1219 267,1217 268,1214 269,1212 270,1209 272,1205 273,1202 274,1200 276,1194 277,1192 278,1191 354,1190 356,1189"/>
					<TextEquiv>
						<Unicode>Λεύκολλος</Unicode>
					</TextEquiv>
				</Word>
				<Word id="r1105">
					<Coords points="596,1189 655,1190 657,1193 660,1199 662,1223 665,1226 664,1229 663,1231 659,1235 657,1236 589,1236 586,1235 583,1233 580,1228 580,1226 581,1219 584,1216 586,1213 594,1198"/>
					<TextEquiv>
						<Unicode>ἐπὶ</Unicode>
					</TextEquiv>
				</Word>
				<Word id="r1106">
					<Coords points="779,1187 784,1188 812,1208 818,1209 820,1210 821,1213 818,1216 817,1233 811,1236 758,1237 744,1250 741,1251 736,1252 719,1237 702,1236 697,1221 693,1216 694,1214 697,1210 699,1209 724,1209 742,1192 744,1191 774,1189 777,1188"/>
					<TextEquiv>
						<Unicode>τῷδε</Unicode>
					</TextEquiv>
				</Word>
				<Word id="r1107">
					<Coords points="923,1187 928,1188 954,1189 956,1193 958,1196 959,1199 960,1201 962,1209 963,1211 963,1213 962,1215 961,1216 960,1234 958,1235 957,1236 885,1235 859,1234 855,1233 851,1231 850,1228 850,1219 852,1215 854,1212 858,1210 871,1209 891,1189 893,1188 919,1188"/>
					<TextEquiv>
						<Unicode>οὐδὲ</Unicode>
					</TextEquiv>
				</Word>
				<Word id="r1108">
					<Coords points="1005,1188 1127,1188 1130,1189 1132,1190 1156,1209 1163,1210 1183,1230 1182,1233 1181,1235 1160,1237 1158,1243 1158,1248 1049,1248 1036,1235 999,1233 996,1232 994,1231 992,1228 991,1225 991,1220 992,1217 994,1215 995,1213 1004,1196"/>
					<TextEquiv>
						<Unicode>ἐκρίθη.</Unicode>
					</TextEquiv>
				</Word>
				<TextEquiv>
					<Unicode>ὁ Λεύκολλος ἐπὶ τῷδε οὐδὲ ἐκρίθη.</Unicode>
				</TextEquiv>
			</TextLine>
			<TextLine id="r38">
				<Coords points="921,1458 923,1458 923,1459 924,1459 924,1460 925,1460 925,1462 926,1462 926,1463 927,1463 927,1497 928,1497 928,1498 931,1498 931,1499 933,1499 933,1501 934,1501 933,1501 933,1502 930,1502 930,1501 889,1501 889,1462 888,1462 888,1461 889,1461 889,1460 890,1460 890,1459 892,1459 892,1458 921,1458 921,1457"/>
				<Word id="r1169">
					<Coords points="892,1458 923,1459 925,1462 928,1496 932,1500 889,1500 888,1461 890,1459"/>
					<TextEquiv>
						<Unicode>X</Unicode>
					</TextEquiv>
				</Word>
				<TextEquiv>
					<Unicode>X</Unicode>
				</TextEquiv>
			</TextLine>
			<TextLine id="r39">
				<Coords points="902,1587 902,1588 903,1588 903,1610 1088,1610 1088,1604 1089,1604 1089,1600 1090,1600 1090,1598 1091,1598 1091,1595 1092,1595 1092,1593 1093,1593 1093,1592 1094,1592 1094,1590 1095,1590 1095,1589 1096,1589 1096,1588 1099,1588 1099,1590 1100,1590 1100,1610 1237,1610 1237,1592 1239,1592 1239,1590 1251,1590 1251,1589 1252,1589 1252,1588 1257,1588 1257,1595 1300,1595 1300,1596 1401,1596 1401,1589 1410,1589 1410,1590 1411,1590 1411,1591 1515,1591 1515,1590 1516,1590 1516,1589 1518,1589 1518,1590 1520,1590 1520,1610 1541,1610 1541,1611 1544,1611 1544,1612 1570,1612 1570,1613 1596,1613 1596,1614 1621,1614 1621,1619 1620,1619 1620,1623 1619,1623 1619,1625 1618,1625 1618,1627 1617,1627 1617,1628 1616,1628 1616,1629 1615,1629 1615,1630 1614,1630 1614,1631 1613,1631 1613,1632 1611,1632 1611,1633 1610,1633 1610,1634 1608,1634 1608,1635 1606,1635 1606,1636 1604,1636 1604,1637 1603,1637 1603,1638 1530,1638 1530,1639 1529,1639 1529,1641 1528,1641 1528,1645 1527,1645 1527,1649 1526,1649 1526,1651 1525,1651 1525,1653 1523,1653 1523,1654 1522,1654 1522,1651 1507,1651 1507,1650 1446,1650 1446,1649 1445,1649 1445,1639 1346,1639 1346,1638 1179,1638 1179,1639 1177,1639 1177,1640 1176,1640 1176,1641 1173,1641 1173,1642 1105,1642 1105,1650 1104,1650 1104,1652 1103,1652 1103,1653 1102,1653 1102,1652 1101,1652 1101,1651 1038,1651 1038,1650 1037,1650 1037,1637 915,1637 915,1638 854,1638 854,1641 853,1641 853,1645 852,1645 852,1649 851,1649 851,1651 850,1651 850,1652 841,1652 841,1653 839,1653 839,1654 808,1654 808,1655 808,1654 807,1654 807,1637 663,1637 663,1638 653,1638 653,1637 549,1637 549,1638 536,1638 536,1637 280,1637 280,1636 278,1636 278,1635 276,1635 276,1634 274,1634 274,1632 273,1632 274,1632 274,1626 275,1626 275,1620 276,1620 276,1613 277,1613 277,1608 278,1608 278,1603 279,1603 279,1600 280,1600 280,1597 294,1597 294,1596 321,1596 321,1595 391,1595 391,1594 404,1594 404,1593 417,1593 417,1592 480,1592 480,1591 542,1591 542,1590 553,1590 553,1589 564,1589 564,1588 567,1588 567,1589 569,1589 569,1590 664,1590 664,1591 666,1591 666,1592 760,1592 760,1593 762,1593 762,1594 764,1594 764,1595 765,1595 765,1596 766,1596 766,1598 767,1598 767,1608 893,1608 893,1598 894,1598 894,1594 895,1594 895,1592 896,1592 896,1589 897,1589 897,1588 898,1588 898,1587"/>
				<Word id="r1170">
					<Coords points="323,1595 327,1596 332,1600 332,1617 349,1634 348,1636 279,1635 275,1633 274,1629 275,1622 277,1610 278,1605 279,1601 280,1598 293,1596 320,1596"/>
					<TextEquiv>
						<Unicode>56.</Unicode>
					</TextEquiv>
				</Word>
				<Word id="r1171">
					<Coords points="480,1591 480,1592 483,1592 483,1593 486,1593 486,1594 487,1594 487,1595 488,1595 488,1596 489,1596 489,1597 490,1597 490,1604 491,1604 491,1609 492,1609 492,1613 493,1613 493,1616 494,1616 493,1616 493,1619 492,1619 492,1622 491,1622 491,1625 490,1625 490,1627 489,1627 489,1629 488,1629 488,1631 487,1631 487,1632 486,1632 486,1633 485,1633 485,1634 484,1634 484,1635 483,1635 483,1636 400,1636 400,1615 399,1615 399,1614 398,1614 398,1613 397,1613 397,1612 396,1612 396,1610 395,1610 395,1609 394,1609 394,1608 393,1608 393,1607 392,1607 392,1606 391,1606 391,1599 390,1599 392,1599 392,1598 393,1598 393,1597 395,1597 395,1596 396,1596 396,1595 397,1595 397,1594 410,1594 410,1593 420,1593 420,1592 480,1592"/>
					<TextEquiv>
						<Unicode>Tοῦ</Unicode>
					</TextEquiv>
				</Word>
				<Word id="r1173">
					<Coords points="565,1588 569,1590 571,1592 571,1600 570,1603 567,1604 559,1605 558,1627 557,1629 556,1632 554,1634 552,1635 548,1636 537,1636 536,1635 534,1632 533,1626 534,1620 537,1617 537,1593 538,1591 541,1590 560,1589 563,1589"/>
					<TextEquiv>
						<Unicode>δ᾽</Unicode>
					</TextEquiv>
				</Word>
				<Word id="r1174">
					<Coords points="662,1590 666,1592 759,1592 761,1593 764,1595 765,1597 768,1611 769,1618 768,1621 767,1623 766,1628 764,1630 763,1632 761,1634 757,1635 652,1636 615,1635 614,1634 612,1630 611,1627 612,1624 613,1622 614,1619 618,1614 619,1613 622,1611 639,1611 659,1591"/>
					<TextEquiv>
						<Unicode>αὐτοῦ</Unicode>
					</TextEquiv>
				</Word>
				<Word id="r1175">
					<Coords points="899,1587 924,1610 997,1610 998,1614 997,1619 996,1622 994,1626 991,1630 985,1636 914,1636 863,1637 845,1651 839,1652 838,1653 807,1653 807,1616 811,1610 813,1609 841,1608 877,1608"/>
					<TextEquiv>
						<Unicode>χρόνου</Unicode>
					</TextEquiv>
				</Word>
				<Word id="r1176">
					<Coords points="1097,1588 1120,1610 1177,1610 1182,1612 1184,1615 1183,1620 1181,1628 1179,1637 1177,1638 1174,1640 1172,1641 1113,1641 1101,1651 1037,1649 1037,1645 1038,1641 1040,1637 1041,1631 1042,1629 1045,1617 1046,1614 1048,1612 1064,1610 1074,1610"/>
					<TextEquiv>
						<Unicode>μέρος</Unicode>
					</TextEquiv>
				</Word>
				<Word id="r1177">
					<Coords points="1254,1588 1264,1596 1306,1596 1309,1597 1322,1610 1354,1610 1357,1611 1360,1613 1361,1615 1361,1626 1359,1630 1356,1634 1351,1637 1229,1636 1227,1635 1225,1631 1226,1622 1229,1618 1233,1612 1238,1591 1250,1590"/>
					<TextEquiv>
						<Unicode>ἄλλο</Unicode>
					</TextEquiv>
				</Word>
				<Word id="r1178">
					<Coords points="1401,1589 1517,1589 1519,1590 1541,1611 1544,1612 1569,1612 1588,1613 1620,1616 1619,1620 1618,1623 1617,1625 1611,1631 1608,1633 1604,1635 1602,1637 1539,1637 1523,1652 1520,1651 1506,1649 1446,1649 1429,1638 1421,1637 1418,1636 1418,1620 1403,1600 1401,1594"/>
					<TextEquiv>
						<Unicode>Ἰβήρων</Unicode>
					</TextEquiv>
				</Word>
				<TextEquiv>
					<Unicode>56. Tοῦ δ᾽ αὐτοῦ χρόνου μέρος ἄλλο Ἰβήρων</Unicode>
				</TextEquiv>
			</TextLine>
			<TextLine id="r117">
				<Coords points="384,1656 1528,1657 1550,1679 1619,1679 1619,1695 1618,1698 1616,1701 1613,1703 1610,1704 1608,1705 1311,1709 1308,1713 1307,1714 505,1714 396,1717 392,1720 379,1708 249,1707 205,1705 203,1697 204,1693 206,1689 209,1685 213,1683 215,1681 232,1681 253,1660 378,1658 383,1657"/>
				<Word id="r1109">
					<Coords points="384,1657 414,1679 423,1680 497,1681 498,1684 512,1699 513,1702 513,1704 512,1708 510,1711 507,1713 504,1714 396,1715 393,1718 391,1719 379,1707 248,1706 204,1704 203,1700 203,1697 204,1693 206,1689 209,1685 213,1683 215,1681 232,1681 253,1660 378,1659 382,1658"/>
					<TextEquiv>
						<Unicode>αὐτονόμων,</Unicode>
					</TextEquiv>
				</Word>
				<Word id="r1110">
					<Coords points="604,1658 607,1659 608,1660 610,1666 612,1670 613,1673 613,1676 609,1677 608,1700 605,1704 576,1706 574,1706 570,1705 568,1704 566,1702 565,1700 564,1695 565,1690 568,1684 570,1682 573,1680 576,1679 581,1679"/>
					<TextEquiv>
						<Unicode>οἳ</Unicode>
					</TextEquiv>
				</Word>
				<Word id="r1111">
					<Coords points="938,1658 940,1659 942,1662 943,1665 945,1668 946,1671 947,1673 949,1694 950,1698 948,1702 944,1706 663,1704 664,1703 672,1694 673,1690 674,1687 675,1685 676,1682 677,1680 679,1674 681,1670 682,1667 683,1663 685,1660 935,1660"/>
					<TextEquiv>
						<Unicode>Λυσιτανοὶ</Unicode>
					</TextEquiv>
				</Word>
				<Word id="r1112">
					<Coords points="1166,1661 1171,1662 1189,1679 1292,1679 1313,1700 1314,1703 1313,1707 1309,1710 1304,1713 1296,1707 1013,1704 1013,1700 1014,1695 1015,1693 1017,1685 1018,1683 1020,1681 1037,1679 1066,1679 1081,1665 1083,1664 1159,1663 1162,1662"/>
					<TextEquiv>
						<Unicode>καλοῦνται,</Unicode>
					</TextEquiv>
				</Word>
				<Word id="r1113">
					<Coords points="1526,1657 1549,1679 1604,1679 1618,1687 1617,1697 1615,1700 1613,1702 1609,1703 1607,1704 1366,1706 1365,1663 1366,1660 1523,1660"/>
					<TextEquiv>
						<Unicode>Πουνίκου</Unicode>
					</TextEquiv>
				</Word>
				<TextEquiv>
					<Unicode>αὐτονόμων, οἳ Λυσιτανοὶ καλοῦνται, Πουνίκου</Unicode>
				</TextEquiv>
			</TextLine>
			<TextLine id="r118">
				<Coords points="818,1725 1455,1727 1477,1730 1489,1732 1504,1747 1596,1747 1599,1748 1618,1767 1619,1774 1615,1782 1613,1783 1481,1783 1475,1786 1471,1787 1433,1789 1430,1791 258,1792 254,1793 238,1777 211,1776 205,1772 204,1769 204,1764 208,1756 212,1754 214,1752 218,1751 247,1751 265,1733 267,1732 302,1731 406,1730 408,1728 578,1727 580,1726 817,1726"/>
				<Word id="r1114">
					<Coords points="307,1731 329,1749 352,1750 352,1755 351,1759 350,1762 347,1766 343,1769 341,1771 337,1774 335,1775 332,1776 330,1777 272,1777 255,1792 238,1776 210,1775 208,1774 205,1772 204,1769 204,1764 208,1756 212,1754 214,1752 218,1751 247,1751 265,1733 267,1732 302,1732"/>
					<TextEquiv>
						<Unicode>σφῶν</Unicode>
					</TextEquiv>
				</Word>
				<Word id="r1115">
					<Coords points="581,1726 603,1747 671,1747 673,1748 673,1750 672,1759 669,1765 668,1768 665,1769 663,1770 661,1772 632,1774 538,1776 525,1789 437,1789 406,1787 406,1785 394,1768 389,1758 391,1754 404,1738 405,1733 407,1729 409,1728 580,1727"/>
					<TextEquiv>
						<Unicode>ἡγουμένου</Unicode>
					</TextEquiv>
				</Word>
				<Word id="r1116">
					<Coords points="757,1726 761,1728 762,1731 766,1739 767,1742 772,1754 775,1763 775,1767 772,1771 724,1774 721,1768 713,1754 714,1750 716,1749 726,1748"/>
					<TextEquiv>
						<Unicode>τὰ</Unicode>
					</TextEquiv>
				</Word>
				<Word id="r1117">
					<Coords points="815,1726 1010,1726 1031,1747 1080,1748 1080,1755 1079,1757 1076,1762 1073,1766 1067,1770 1065,1771 1064,1773 1061,1774 1059,1775 930,1775 916,1788 902,1775 878,1774 831,1773 831,1755 813,1736 812,1734 811,1731 812,1729"/>
					<TextEquiv>
						<Unicode>Ῥωμαίων</Unicode>
					</TextEquiv>
				</Word>
				<Word id="r1118">
					<Coords points="1132,1727 1224,1727 1244,1747 1318,1747 1320,1754 1323,1763 1323,1766 1321,1770 1319,1771 1317,1773 1228,1774 1212,1788 1197,1775 1125,1774 1124,1773 1121,1763 1118,1752 1120,1749 1128,1736 1129,1730"/>
					<TextEquiv>
						<Unicode>ὑπήκοα</Unicode>
					</TextEquiv>
				</Word>
				<Word id="r1119">
					<Coords points="1375,1727 1455,1728 1469,1729 1476,1731 1488,1732 1503,1747 1595,1747 1598,1748 1618,1771 1617,1775 1614,1781 1480,1782 1474,1785 1470,1786 1433,1788 1430,1790 1426,1791 1410,1775 1369,1774 1365,1771 1362,1758 1364,1754 1374,1744 1374,1728"/>
					<TextEquiv>
						<Unicode>ἐλῄζοντο,</Unicode>
					</TextEquiv>
				</Word>
				<TextEquiv>
					<Unicode>σφῶν ἡγουμένου τὰ Ῥωμαίων ὑπήκοα ἐλῄζοντο,</Unicode>
				</TextEquiv>
			</TextLine>
			<TextLine id="r119">
				<Coords points="1372,1792 1376,1795 1610,1795 1615,1802 1616,1805 1616,1838 1618,1841 1617,1844 1112,1846 1108,1848 1105,1849 1103,1850 536,1858 532,1859 521,1848 203,1845 204,1842 205,1838 206,1835 207,1833 208,1830 209,1826 210,1823 211,1821 212,1820 214,1819 249,1818 252,1817 257,1817 277,1797 1367,1794 1371,1793"/>
				<Word id="r1120">
					<Coords points="278,1797 280,1798 281,1799 284,1805 286,1811 289,1832 291,1837 290,1839 288,1842 285,1845 203,1844 204,1841 205,1837 206,1834 207,1832 208,1829 209,1825 210,1822 211,1820 213,1819 249,1818 252,1817 257,1817"/>
					<TextEquiv>
						<Unicode>καὶ</Unicode>
					</TextEquiv>
				</Word>
				<Word id="r1121">
					<Coords points="393,1797 422,1817 428,1818 430,1819 435,1824 432,1827 430,1834 429,1843 427,1846 423,1847 417,1844 328,1843 327,1834 319,1824 320,1820 322,1818 342,1817 370,1817"/>
					<TextEquiv>
						<Unicode>τοὺς</Unicode>
					</TextEquiv>
				</Word>
				<Word id="r1122">
					<Coords points="753,1798 755,1799 772,1815 857,1815 880,1816 885,1818 888,1820 889,1822 889,1825 885,1826 883,1844 880,1846 696,1847 688,1855 536,1856 531,1858 517,1844 471,1843 466,1841 463,1837 463,1828 467,1822 473,1818 475,1817 489,1816 729,1816 746,1800 750,1799"/>
					<TextEquiv>
						<Unicode>στρατηγοῦντας</Unicode>
					</TextEquiv>
				</Word>
				<Word id="r1123">
					<Coords points="979,1796 983,1797 1052,1797 1055,1798 1072,1815 1095,1815 1097,1816 1098,1822 1112,1836 1112,1839 1111,1845 1107,1847 1104,1848 1102,1849 1098,1847 972,1843 969,1842 932,1841 930,1838 929,1836 929,1831 931,1825 934,1822 936,1819 938,1818 941,1817 950,1816"/>
					<TextEquiv>
						<Unicode>αὐτῶν,</Unicode>
					</TextEquiv>
				</Word>
				<Word id="r1124">
					<Coords points="1372,1793 1400,1816 1406,1820 1405,1826 1404,1828 1402,1829 1400,1833 1393,1839 1390,1841 1387,1842 1385,1843 1143,1842 1142,1800 1142,1797 1288,1796 1366,1794 1370,1794"/>
					<TextEquiv>
						<Unicode>Μανίλιόν</Unicode>
					</TextEquiv>
				</Word>
				<Word id="r1125">
					<Coords points="1491,1816 1497,1818 1498,1820 1497,1822 1496,1840 1495,1842 1492,1843 1452,1843 1451,1838 1443,1823 1444,1819 1446,1818 1486,1817"/>
					<TextEquiv>
						<Unicode>τε</Unicode>
					</TextEquiv>
				</Word>
				<Word id="r1126">
					<Coords points="1608,1795 1612,1798 1614,1801 1615,1803 1616,1839 1616,1844 1535,1843 1535,1838 1536,1836 1537,1833 1538,1829 1539,1827 1540,1823 1541,1820 1543,1818 1559,1816 1587,1816"/>
					<TextEquiv>
						<Unicode>καὶ</Unicode>
					</TextEquiv>
				</Word>
				<TextEquiv>
					<Unicode>καὶ τοὺς στρατηγοῦντας αὐτῶν, Μανίλιόν τε καὶ</Unicode>
				</TextEquiv>
			</TextLine>
			<TextLine id="r120">
				<Coords points="428,1862 1447,1864 1467,1884 1589,1884 1591,1885 1614,1889 1619,1893 1620,1898 1619,1902 1617,1904 1611,1908 1609,1909 1606,1911 1605,1912 1146,1913 1132,1927 1063,1927 1061,1928 434,1927 420,1913 232,1913 204,1925 212,1884 200,1861 241,1867 424,1865 427,1863"/>
				<Word id="r1127">
					<Coords points="429,1863 453,1885 532,1885 570,1886 571,1890 570,1894 569,1897 567,1900 564,1902 561,1906 556,1908 553,1910 549,1912 450,1913 435,1927 420,1913 207,1913 206,1870 205,1868 241,1867 423,1867"/>
					<TextEquiv>
						<Unicode>Καλπούρνιον</Unicode>
					</TextEquiv>
				</Word>
				<Word id="r1128">
					<Coords points="713,1863 735,1883 856,1883 858,1884 877,1904 878,1909 877,1914 872,1919 870,1920 861,1912 645,1910 644,1868 645,1866 647,1865 709,1865"/>
					<TextEquiv>
						<Unicode>Πίσωνα,</Unicode>
					</TextEquiv>
				</Word>
				<Word id="r1129">
					<Coords points="1123,1864 1146,1884 1266,1885 1268,1898 1270,1901 1270,1903 1267,1908 1199,1911 1146,1912 1132,1926 981,1927 963,1911 960,1906 952,1891 953,1886 954,1885 998,1884 1052,1884 1068,1868 1116,1868"/>
					<TextEquiv>
						<Unicode>τρεψάμενοι</Unicode>
					</TextEquiv>
				</Word>
				<Word id="r1130">
					<Coords points="1445,1864 1466,1884 1588,1884 1591,1886 1602,1887 1608,1888 1613,1891 1618,1893 1618,1898 1617,1903 1611,1907 1608,1908 1605,1910 1407,1911 1336,1910 1336,1905 1337,1901 1338,1899 1341,1890 1343,1886 1379,1884 1424,1884"/>
					<TextEquiv>
						<Unicode>κτείνουσιν</Unicode>
					</TextEquiv>
				</Word>
				<TextEquiv>
					<Unicode>Καλπούρνιον Πίσωνα, τρεψάμενοι κτείνουσιν</Unicode>
				</TextEquiv>
			</TextLine>
			<TextLine id="r121">
				<Coords points="508,1930 511,1931 1563,1931 1622,1957 1626,1958 1631,1962 1632,1968 1630,1976 1629,1978 1624,1983 1616,1985 1575,1984 1574,1990 1573,1995 1572,1997 424,1997 395,1998 391,1997 236,1994 234,1994 217,1982 210,1981 208,1980 206,1977 205,1975 204,1970 205,1966 209,1960 213,1956 214,1938 215,1935 501,1935"/>
				<Word id="r1131">
					<Coords points="508,1931 532,1953 589,1953 592,1954 596,1956 612,1974 612,1977 610,1985 607,1987 434,1988 425,1996 423,1997 390,1995 234,1993 220,1982 213,1981 208,1980 206,1977 205,1975 204,1971 205,1967 207,1963 209,1960 214,1955 214,1937 215,1935 503,1934 505,1933"/>
					<TextEquiv>
						<Unicode>ἑξακισχιλίους,</Unicode>
					</TextEquiv>
				</Word>
				<Word id="r1132">
					<Coords points="726,1931 728,1932 730,1934 733,1940 734,1944 735,1946 737,1966 740,1970 739,1973 737,1976 734,1979 732,1980 654,1977 655,1973 661,1955 668,1954 676,1953 704,1953"/>
					<TextEquiv>
						<Unicode>καὶ</Unicode>
					</TextEquiv>
				</Word>
				<Word id="r1133">
					<Coords points="856,1931 859,1933 860,1935 861,1938 861,1940 860,1942 847,1945 844,1956 843,1958 838,1959 834,1960 833,1976 832,1978 818,1979 812,1979 793,1978 786,1977 784,1976 782,1974 781,1968 782,1962 783,1960 793,1950 793,1933 796,1932 855,1932"/>
					<TextEquiv>
						<Unicode>ἐπ᾽</Unicode>
					</TextEquiv>
				</Word>
				<Word id="r1134">
					<Coords points="965,1932 972,1936 1057,1936 1059,1937 1077,1953 1081,1954 1084,1955 1087,1957 1088,1960 1085,1963 1083,1971 1082,1980 1081,1982 1077,1983 1072,1982 914,1978 912,1965 914,1961 916,1959 917,1956 920,1955 922,1953 936,1952 943,1952"/>
					<TextEquiv>
						<Unicode>αὐτοῖς</Unicode>
					</TextEquiv>
				</Word>
				<Word id="r1135">
					<Coords points="1260,1931 1284,1953 1399,1953 1401,1954 1401,1960 1400,1965 1398,1967 1394,1972 1389,1977 1383,1979 1381,1980 1223,1981 1207,1996 1189,1979 1148,1979 1148,1959 1138,1942 1140,1934 1142,1933 1256,1933"/>
					<TextEquiv>
						<Unicode>Τερέντιον</Unicode>
					</TextEquiv>
				</Word>
				<Word id="r1136">
					<Coords points="1561,1931 1563,1932 1587,1953 1591,1954 1611,1967 1618,1969 1615,1971 1612,1972 1595,1973 1592,1977 1588,1980 1575,1981 1573,1987 1572,1993 1570,1996 1554,1981 1469,1980 1463,1978 1460,1976 1456,1973 1453,1969 1452,1967 1451,1964 1450,1960 1450,1951 1451,1947 1453,1945 1455,1942 1456,1940 1462,1936 1465,1935 1475,1933 1516,1932 1560,1932"/>
					<TextEquiv>
						<Unicode>Οὐάρ-</Unicode>
					</TextEquiv>
				</Word>
				<TextEquiv>
					<Unicode>ἑξακισχιλίους, καὶ ἐπ᾽ αὐτοῖς Τερέντιον Οὐάρ-</Unicode>
				</TextEquiv>
			</TextLine>
			<TextLine id="r122">
				<Coords points="1055,1998 1059,1999 1533,2001 1552,2020 1617,2023 1619,2044 1619,2046 1618,2048 1616,2049 1581,2050 1580,2056 1579,2060 1578,2063 1569,2064 1567,2065 1539,2066 201,2066 201,2060 202,2057 203,2052 204,2049 206,2041 207,2036 208,2033 210,2031 211,2028 212,2026 215,2025 332,2022 466,2022 488,2000 490,1999 1054,1999"/>
				<Word id="r1137">
					<Coords points="333,2022 335,2030 338,2040 338,2041 335,2047 332,2049 331,2050 220,2051 203,2065 201,2060 202,2057 203,2052 204,2049 206,2041 207,2036 208,2033 210,2031 211,2028 212,2026 214,2025 297,2023 332,2023"/>
					<TextEquiv>
						<Unicode>ρωνα</Unicode>
					</TextEquiv>
				</Word>
				<Word id="r1138">
					<Coords points="490,1999 519,2022 525,2023 556,2023 557,2025 572,2041 573,2044 570,2049 452,2050 438,2063 436,2064 421,2050 374,2049 374,2041 366,2029 368,2024 370,2023 410,2022 466,2022 488,2000"/>
					<TextEquiv>
						<Unicode>ταμίαν.</Unicode>
					</TextEquiv>
				</Word>
				<Word id="r1139">
					<Coords points="685,2000 690,2001 712,2021 718,2024 721,2028 716,2031 714,2050 710,2052 704,2050 653,2047 650,2045 648,2042 647,2039 647,2033 649,2029 655,2023 657,2022 659,2022 681,2001"/>
					<TextEquiv>
						<Unicode>οἷς</Unicode>
					</TextEquiv>
				</Word>
				<Word id="r1140">
					<Coords points="917,1999 920,2000 961,2000 986,2021 992,2022 996,2024 997,2025 999,2028 997,2031 995,2039 993,2049 991,2051 987,2052 875,2053 864,2063 850,2050 791,2049 765,2048 762,2046 760,2043 759,2031 761,2029 762,2027 770,2019 770,2002 772,2001 915,2000"/>
					<TextEquiv>
						<Unicode>ἐπαρθεὶς</Unicode>
					</TextEquiv>
				</Word>
				<Word id="r1141">
					<Coords points="1055,1999 1059,2000 1060,2030 1060,2038 1059,2041 1058,2043 1057,2046 1054,2047 1052,2048 1048,2049 1045,2049 1043,2048 1040,2046 1038,2042 1038,2033 1039,2029 1040,2028 1046,2023 1049,2021 1049,2002 1050,2000 1052,2000"/>
					<TextEquiv>
						<Unicode>ὁ</Unicode>
					</TextEquiv>
				</Word>
				<Word id="r1142">
					<Coords points="1212,2001 1234,2021 1319,2021 1348,2022 1351,2023 1353,2024 1355,2030 1352,2033 1350,2041 1349,2050 1347,2052 1343,2053 1336,2048 1105,2046 1103,2005 1102,2003 1104,2002 1210,2002"/>
					<TextEquiv>
						<Unicode>Πούνικος</Unicode>
					</TextEquiv>
				</Word>
				<Word id="r1143">
					<Coords points="1428,2001 1433,2004 1434,2006 1437,2015 1443,2029 1446,2039 1444,2045 1439,2047 1396,2048 1391,2048 1391,2041 1382,2031 1383,2026 1385,2022 1405,2022"/>
					<TextEquiv>
						<Unicode>τὰ</Unicode>
					</TextEquiv>
				</Word>
				<Word id="r1144">
					<Coords points="1531,2001 1552,2021 1573,2021 1616,2023 1617,2042 1617,2046 1616,2048 1615,2049 1580,2050 1578,2056 1577,2060 1573,2063 1567,2064 1566,2065 1471,2063 1471,2059 1472,2055 1473,2052 1474,2050 1475,2045 1476,2043 1477,2039 1478,2036 1479,2034 1480,2031 1481,2026 1482,2024 1491,2023 1504,2022"/>
					<TextEquiv>
						<Unicode>μέχρι</Unicode>
					</TextEquiv>
				</Word>
				<TextEquiv>
					<Unicode>ρωνα ταμίαν. οἷς ἐπαρθεὶς ὁ Πούνικος τὰ μέχρι</Unicode>
				</TextEquiv>
			</TextLine>
			<TextLine id="r123">
				<Coords points="631,2067 1579,2069 1605,2091 1619,2100 1620,2101 1620,2105 1618,2109 1615,2111 1607,2115 1606,2117 1597,2118 1589,2120 1588,2122 1586,2128 1585,2130 738,2130 736,2131 667,2132 666,2133 652,2119 246,2118 209,2116 206,2114 203,2108 203,2103 204,2100 205,2099 220,2078 221,2071 223,2070 627,2069 630,2068"/>
				<Word id="r1145">
					<Coords points="224,2070 230,2073 420,2073 423,2075 425,2076 426,2078 427,2085 429,2096 428,2102 425,2108 423,2111 419,2115 415,2117 245,2117 208,2115 206,2114 204,2111 203,2108 203,2103 204,2100 205,2099 221,2077 222,2071"/>
					<TextEquiv>
						<Unicode>ὠκεανοῦ</Unicode>
					</TextEquiv>
				</Word>
				<Word id="r1146">
					<Coords points="630,2068 650,2068 654,2070 657,2072 674,2089 792,2089 796,2091 797,2094 809,2108 811,2114 809,2119 804,2124 741,2126 737,2129 735,2130 666,2131 665,2132 651,2118 621,2117 507,2116 506,2113 507,2110 509,2106 510,2103 511,2101 512,2097 515,2093 555,2090 607,2090 628,2069"/>
					<TextEquiv>
						<Unicode>κατέδραμε,</Unicode>
					</TextEquiv>
				</Word>
				<Word id="r1147">
					<Coords points="957,2069 959,2070 962,2076 963,2079 965,2083 967,2104 968,2110 966,2113 963,2115 882,2116 882,2110 883,2106 885,2102 886,2099 887,2097 888,2094 890,2091 892,2089 936,2089"/>
					<TextEquiv>
						<Unicode>καὶ</Unicode>
					</TextEquiv>
				</Word>
				<Word id="r1148">
					<Coords points="1115,2069 1154,2069 1175,2090 1346,2090 1349,2091 1350,2093 1350,2095 1349,2097 1347,2098 1346,2116 1346,2118 1107,2117 1065,2116 1063,2115 1060,2114 1054,2109 1050,2104 1049,2102 1048,2096 1048,2089 1049,2087 1051,2082 1055,2077 1059,2073 1062,2072 1064,2071 1070,2070 1114,2070"/>
					<TextEquiv>
						<Unicode>Οὐέττωνας</Unicode>
					</TextEquiv>
				</Word>
				<Word id="r1149">
					<Coords points="1442,2069 1465,2090 1468,2091 1470,2092 1472,2094 1473,2097 1470,2100 1468,2101 1466,2118 1463,2120 1456,2119 1432,2116 1430,2115 1427,2114 1425,2110 1425,2099 1427,2096 1429,2094 1437,2078 1438,2070"/>
					<TextEquiv>
						<Unicode>ἐς</Unicode>
					</TextEquiv>
				</Word>
				<Word id="r1150">
					<Coords points="1576,2069 1579,2070 1602,2091 1605,2092 1607,2093 1610,2095 1617,2100 1619,2103 1618,2106 1617,2108 1615,2110 1612,2111 1608,2113 1606,2115 1597,2117 1589,2118 1587,2121 1585,2127 1582,2129 1570,2118 1543,2117 1542,2109 1534,2100 1533,2097 1534,2094 1538,2090 1554,2090"/>
					<TextEquiv>
						<Unicode>τὴν</Unicode>
					</TextEquiv>
				</Word>
				<TextEquiv>
					<Unicode>ὠκεανοῦ κατέδραμε, καὶ Οὐέττωνας ἐς τὴν</Unicode>
				</TextEquiv>
			</TextLine>
			<TextLine id="r124">
				<Coords points="1398,2134 1402,2137 1514,2137 1516,2138 1536,2158 1602,2158 1620,2159 1622,2160 1623,2164 1623,2170 1622,2175 1621,2178 1620,2183 1619,2186 1618,2188 1593,2193 1592,2196 1591,2198 276,2199 258,2187 252,2186 209,2185 206,2183 204,2181 203,2176 204,2171 205,2169 211,2163 213,2162 219,2160 392,2159 415,2136 1397,2135"/>
				<Word id="r1151">
					<Coords points="417,2136 446,2158 451,2159 485,2159 486,2163 485,2166 481,2174 479,2175 478,2177 475,2180 469,2184 465,2185 428,2186 288,2187 276,2198 258,2186 251,2185 208,2184 205,2182 203,2175 204,2170 212,2162 218,2160 391,2160"/>
					<TextEquiv>
						<Unicode>στρατείαν</Unicode>
					</TextEquiv>
				</Word>
				<Word id="r1152">
					<Coords points="798,2136 822,2158 851,2158 852,2162 851,2166 849,2170 846,2174 844,2175 843,2177 840,2179 836,2182 833,2184 832,2185 753,2185 743,2195 571,2196 565,2198 553,2186 528,2185 525,2173 522,2169 522,2163 523,2161 525,2160 579,2159 650,2159 665,2144 757,2143 760,2141 762,2139 794,2139"/>
					<TextEquiv>
						<Unicode>προσλαβὼν</Unicode>
					</TextEquiv>
				</Word>
				<Word id="r1153">
					<Coords points="1063,2136 1089,2157 1092,2158 1177,2164 1182,2175 1181,2177 1177,2183 1175,2184 1089,2185 1074,2198 1059,2185 897,2184 891,2182 889,2179 888,2176 888,2170 889,2167 890,2165 900,2147 901,2138 902,2137 1060,2137"/>
					<TextEquiv>
						<Unicode>ἐπολιόρκει</Unicode>
					</TextEquiv>
				</Word>
				<Word id="r1154">
					<Coords points="1398,2135 1426,2158 1432,2159 1468,2159 1469,2162 1469,2164 1468,2170 1466,2173 1462,2177 1458,2180 1456,2181 1455,2183 1451,2185 1448,2186 1446,2187 1319,2187 1308,2197 1292,2186 1287,2185 1222,2184 1222,2163 1204,2143 1205,2139 1208,2136 1396,2136"/>
					<TextEquiv>
						<Unicode>Ῥωμαίων</Unicode>
					</TextEquiv>
				</Word>
				<Word id="r1155">
					<Coords points="1512,2137 1514,2138 1535,2158 1578,2158 1596,2159 1598,2160 1611,2168 1615,2172 1599,2174 1598,2177 1596,2185 1595,2187 1594,2190 1590,2196 1589,2198 1576,2186 1504,2185 1501,2184 1499,2183 1498,2181 1497,2163 1497,2161 1505,2148 1506,2141 1508,2139"/>
					<TextEquiv>
						<Unicode>ὑπη-</Unicode>
					</TextEquiv>
				</Word>
				<TextEquiv>
					<Unicode>στρατείαν προσλαβὼν ἐπολιόρκει Ῥωμαίων ὑπη-</Unicode>
				</TextEquiv>
			</TextLine>
			<TextLine id="r125">
				<Coords points="1166,2204 1169,2205 1583,2205 1607,2227 1610,2228 1618,2235 1620,2236 1621,2239 1621,2244 1616,2247 1612,2251 1609,2252 1607,2253 1603,2254 1486,2255 1473,2268 596,2267 588,2259 203,2254 203,2247 206,2244 209,2240 210,2230 213,2229 234,2228 256,2206 1164,2205"/>
				<Word id="r1156">
					<Coords points="258,2206 281,2227 342,2227 346,2229 349,2231 351,2234 347,2237 346,2252 343,2255 339,2254 203,2251 204,2246 209,2240 211,2230 213,2229 233,2229"/>
					<TextEquiv>
						<Unicode>κόους</Unicode>
					</TextEquiv>
				</Word>
				<Word id="r1157">
					<Coords points="451,2206 481,2228 492,2234 489,2237 487,2238 486,2256 481,2257 476,2255 387,2254 386,2253 385,2249 377,2235 378,2230 379,2229 381,2228 423,2227 428,2227"/>
					<TextEquiv>
						<Unicode>τοὺς</Unicode>
					</TextEquiv>
				</Word>
				<Word id="r1158">
					<Coords points="707,2206 729,2226 798,2226 817,2227 823,2230 824,2235 821,2236 820,2251 819,2255 816,2257 815,2258 661,2258 652,2267 596,2267 583,2254 521,2253 519,2217 518,2213 698,2213"/>
					<TextEquiv>
						<Unicode>λεγομένους</Unicode>
					</TextEquiv>
				</Word>
				<Word id="r1159">
					<Coords points="1166,2205 1190,2226 1283,2226 1308,2227 1310,2228 1328,2246 1330,2251 1329,2256 1327,2259 1325,2260 1322,2261 1096,2264 1091,2267 1078,2254 855,2252 854,2209 854,2207 1163,2206"/>
					<TextEquiv>
						<Unicode>Βλαστοφοίνικας,</Unicode>
					</TextEquiv>
				</Word>
				<Word id="r1160">
					<Coords points="1397,2205 1401,2206 1405,2208 1427,2228 1431,2233 1428,2237 1426,2238 1425,2255 1419,2258 1413,2254 1364,2253 1360,2251 1358,2248 1357,2245 1357,2241 1358,2237 1360,2233 1366,2227 1369,2226 1373,2226 1393,2206"/>
					<TextEquiv>
						<Unicode>οἷς</Unicode>
					</TextEquiv>
				</Word>
				<Word id="r1161">
					<Coords points="1581,2205 1583,2206 1605,2227 1608,2228 1610,2229 1618,2236 1620,2240 1618,2244 1614,2248 1606,2252 1602,2253 1486,2254 1472,2267 1471,2258 1461,2247 1460,2243 1459,2240 1460,2238 1461,2235 1462,2233 1480,2214 1481,2211 1482,2210 1576,2210"/>
					<TextEquiv>
						<Unicode>φασὶν</Unicode>
					</TextEquiv>
				</Word>
				<TextEquiv>
					<Unicode>κόους τοὺς λεγομένους Βλαστοφοίνικας, οἷς φασὶν</Unicode>
				</TextEquiv>
			</TextLine>
			<TextLine id="r126">
				<Coords points="204,2272 1588,2275 1613,2298 1616,2300 1618,2319 1616,2323 1513,2324 1507,2326 824,2330 795,2336 789,2339 761,2339 759,2338 727,2335 346,2333 336,2323 218,2322 218,2305 202,2284 200,2276 202,2273"/>
				<Word id="r1162">
					<Coords points="206,2273 206,2274 209,2274 209,2275 211,2275 211,2276 213,2276 213,2278 336,2278 336,2277 337,2277 337,2276 339,2276 339,2275 340,2275 340,2274 341,2274 341,2273 341,2274 343,2274 343,2275 376,2275 376,2276 379,2276 379,2277 381,2277 381,2278 382,2278 382,2279 383,2279 383,2280 384,2280 384,2281 385,2281 385,2282 386,2282 386,2283 387,2283 387,2284 388,2284 388,2285 389,2285 389,2286 390,2286 390,2287 391,2287 391,2288 392,2288 392,2289 393,2289 393,2290 394,2290 394,2291 395,2291 395,2292 396,2292 396,2293 397,2293 397,2294 398,2294 398,2295 399,2295 399,2296 418,2296 418,2297 451,2297 451,2304 450,2304 450,2308 449,2308 449,2309 448,2309 448,2310 447,2310 447,2311 446,2311 446,2312 445,2312 445,2313 444,2313 444,2314 443,2314 443,2315 442,2315 442,2316 441,2316 441,2317 440,2317 440,2318 437,2318 437,2319 435,2319 435,2320 433,2320 433,2321 413,2321 413,2322 358,2322 358,2323 356,2323 356,2324 355,2324 355,2325 354,2325 354,2326 353,2326 353,2327 352,2327 352,2328 351,2328 351,2329 350,2329 350,2330 349,2330 349,2331 348,2331 348,2332 346,2332 346,2333 346,2332 345,2332 345,2331 344,2331 344,2330 343,2330 343,2329 342,2329 342,2328 341,2328 341,2327 340,2327 340,2326 339,2326 339,2325 338,2325 338,2324 337,2324 337,2323 336,2323 336,2322 335,2322 335,2321 276,2321 276,2320 218,2320 219,2320 219,2319 220,2319 220,2317 221,2317 221,2316 222,2316 222,2315 223,2315 223,2314 224,2314 224,2313 225,2313 225,2312 226,2312 226,2311 227,2311 227,2310 228,2310 228,2309 229,2309 229,2308 230,2308 230,2305 231,2305 231,2303 232,2303 232,2300 233,2300 233,2297 234,2297 234,2294 235,2294 235,2290 207,2290 207,2289 206,2289 206,2287 205,2287 205,2285 204,2285 204,2283 203,2283 203,2281 202,2281 202,2279 201,2279 201,2275 202,2275 202,2274 206,2274"/>
					<TextEquiv>
						<Unicode>Ἀννίβαν</Unicode>
					</TextEquiv>
				</Word>
				<Word id="r1164">
					<Coords points="543,2273 568,2296 588,2296 589,2301 587,2308 586,2310 580,2316 577,2318 573,2320 570,2322 568,2323 512,2321 511,2317 502,2304 501,2302 502,2299 507,2297 515,2296"/>
					<TextEquiv>
						<Unicode>τὸν</Unicode>
					</TextEquiv>
				</Word>
				<Word id="r1165">
					<Coords points="843,2274 888,2274 908,2294 956,2294 995,2295 997,2297 998,2301 996,2307 995,2309 986,2318 978,2322 977,2323 826,2326 818,2330 796,2333 792,2336 790,2337 729,2335 716,2322 650,2321 640,2320 640,2277 677,2276 841,2276"/>
					<TextEquiv>
						<Unicode>Καρχηδόνιον</Unicode>
					</TextEquiv>
				</Word>
				<Word id="r1166">
					<Coords points="1071,2275 1229,2275 1248,2294 1299,2294 1321,2302 1323,2312 1323,2315 1321,2319 1315,2322 1068,2321 1063,2320 1061,2319 1060,2318 1058,2315 1057,2310 1059,2303 1070,2292 1070,2276"/>
					<TextEquiv>
						<Unicode>ἐποικίσαι</Unicode>
					</TextEquiv>
				</Word>
				<Word id="r1167">
					<Coords points="1475,2275 1505,2295 1515,2296 1518,2298 1519,2300 1519,2304 1515,2306 1514,2321 1513,2323 1511,2324 1505,2326 1501,2323 1388,2321 1388,2314 1379,2302 1382,2296 1384,2295 1419,2294 1453,2294"/>
					<TextEquiv>
						<Unicode>τινὰς</Unicode>
					</TextEquiv>
				</Word>
				<Word id="r1168">
					<Coords points="1585,2275 1588,2276 1613,2299 1616,2308 1617,2317 1616,2320 1615,2322 1592,2322 1574,2321 1571,2319 1569,2316 1568,2313 1568,2308 1569,2305 1571,2302 1573,2300 1581,2284"/>
					<TextEquiv>
						<Unicode>ἐκ</Unicode>
					</TextEquiv>
				</Word>
				<TextEquiv>
					<Unicode>Ἀννίβαν τὸν Καρχηδόνιον ἐποικίσαι τινὰς ἐκ</Unicode>
				</TextEquiv>
			</TextLine>
			<TextLine id="r40">
				<Coords points="1601,2342 1601,2343 1602,2343 1602,2374 1615,2374 1615,2376 1616,2376 1615,2376 1615,2379 1599,2379 1599,2382 1598,2382 1598,2385 1597,2385 1597,2387 1596,2387 1596,2388 1595,2388 1595,2389 1568,2389 1568,2390 1541,2390 1541,2391 1529,2391 1529,2392 1528,2392 1528,2395 1527,2395 1527,2404 1526,2404 1526,2406 1525,2406 1525,2407 1523,2407 1523,2391 1378,2391 1378,2390 1338,2390 1338,2389 1230,2389 1230,2390 1207,2390 1207,2391 1145,2391 1145,2392 1144,2392 1144,2397 1143,2397 1143,2402 1142,2402 1142,2403 1141,2403 1141,2404 1138,2404 1138,2403 1067,2403 1067,2390 918,2390 918,2391 681,2391 681,2392 680,2392 680,2399 679,2399 679,2404 677,2404 677,2405 676,2405 676,2403 675,2403 675,2391 419,2391 419,2392 418,2392 418,2394 417,2394 417,2395 415,2395 415,2396 413,2396 413,2397 372,2397 372,2399 371,2399 371,2400 370,2400 370,2401 369,2401 369,2402 368,2402 368,2403 366,2403 366,2402 365,2402 365,2400 276,2400 276,2399 275,2399 275,2391 207,2391 207,2390 204,2390 204,2386 203,2386 205,2386 205,2385 208,2385 208,2384 210,2384 210,2383 211,2383 211,2382 212,2382 212,2380 213,2380 213,2379 214,2379 214,2376 215,2376 215,2373 216,2373 216,2370 217,2370 217,2367 218,2367 218,2364 219,2364 219,2361 220,2361 220,2360 221,2360 221,2358 222,2358 222,2354 223,2354 223,2352 224,2352 224,2350 225,2350 225,2348 226,2348 226,2346 227,2346 227,2345 346,2345 346,2363 396,2363 396,2364 512,2364 512,2363 540,2363 540,2345 544,2345 544,2347 545,2347 545,2348 546,2348 546,2351 547,2351 547,2354 548,2354 548,2355 549,2355 549,2356 550,2356 550,2358 551,2358 551,2363 717,2363 717,2344 723,2344 723,2345 724,2345 724,2347 725,2347 725,2349 726,2349 726,2351 727,2351 727,2355 728,2355 728,2356 729,2356 729,2357 730,2357 730,2362 846,2362 846,2354 847,2354 847,2351 848,2351 848,2349 849,2349 849,2348 850,2348 850,2347 852,2347 852,2346 856,2346 856,2345 857,2345 857,2346 861,2346 861,2347 862,2347 862,2348 863,2348 863,2349 864,2349 864,2350 865,2350 865,2354 866,2354 866,2363 1012,2363 1012,2349 1098,2349 1098,2348 1099,2348 1099,2347 1100,2347 1100,2346 1102,2346 1102,2345 1104,2345 1104,2344 1106,2344 1106,2343 1111,2343 1111,2344 1112,2344 1112,2345 1113,2345 1113,2347 1142,2347 1142,2348 1144,2348 1144,2349 1145,2349 1145,2350 1146,2350 1146,2353 1147,2353 1147,2363 1288,2363 1288,2345 1290,2345 1290,2344 1317,2344 1317,2345 1321,2345 1321,2346 1323,2346 1323,2348 1325,2348 1325,2349 1340,2349 1340,2350 1343,2350 1343,2351 1345,2351 1345,2352 1347,2352 1347,2354 1349,2354 1349,2355 1350,2355 1350,2357 1351,2357 1351,2360 1352,2360 1352,2361 1353,2361 1353,2362 1400,2362 1400,2363 1530,2363 1530,2362 1531,2362 1531,2350 1532,2350 1532,2349 1533,2349 1533,2348 1534,2348 1534,2347 1594,2347 1594,2345 1595,2345 1595,2344 1596,2344 1596,2343 1597,2343 1597,2342"/>
				<Word id="r1179">
					<Coords points="227,2345 345,2345 363,2363 395,2363 400,2364 403,2366 405,2369 418,2382 419,2385 420,2387 419,2389 417,2392 415,2394 413,2395 412,2396 371,2396 369,2400 276,2399 267,2390 206,2389 204,2387 215,2374 219,2362 221,2358 223,2352 226,2346"/>
					<TextEquiv>
						<Unicode>Λιβύης,</Unicode>
					</TextEquiv>
				</Word>
				<Word id="r1180">
					<Coords points="542,2345 544,2347 545,2350 547,2354 549,2357 551,2378 554,2381 552,2385 550,2386 549,2388 524,2389 467,2389 467,2384 469,2378 470,2376 471,2373 472,2369 474,2365 476,2364 511,2363 523,2363"/>
					<TextEquiv>
						<Unicode>καὶ</Unicode>
					</TextEquiv>
				</Word>
				<Word id="r1181">
					<Coords points="719,2344 723,2345 725,2349 726,2352 729,2357 735,2370 738,2380 738,2381 736,2387 733,2390 691,2390 677,2403 676,2404 662,2390 602,2386 596,2375 595,2372 596,2369 600,2364 626,2363 698,2363"/>
					<TextEquiv>
						<Unicode>παρὰ</Unicode>
					</TextEquiv>
				</Word>
				<Word id="r1182">
					<Coords points="856,2345 860,2346 877,2363 923,2363 927,2365 928,2367 929,2370 929,2376 928,2380 927,2383 926,2385 923,2388 917,2389 788,2387 779,2373 778,2369 780,2365 783,2364 820,2363 823,2362 835,2362 850,2347"/>
					<TextEquiv>
						<Unicode>τοῦτο</Unicode>
					</TextEquiv>
				</Word>
				<Word id="r1183">
					<Coords points="1108,2343 1114,2347 1141,2347 1143,2348 1158,2363 1232,2363 1234,2378 1236,2381 1235,2384 1234,2386 1231,2388 1229,2389 1206,2389 1153,2390 1139,2403 1137,2402 1067,2402 1054,2389 981,2386 982,2382 983,2379 984,2377 987,2368 993,2364 1012,2349 1098,2347 1101,2345 1103,2344 1105,2344"/>
					<TextEquiv>
						<Unicode>κληθῆναι</Unicode>
					</TextEquiv>
				</Word>
				<Word id="r1184">
					<Coords points="1598,2342 1601,2343 1601,2362 1613,2374 1606,2378 1598,2380 1597,2383 1596,2385 1594,2388 1567,2388 1541,2389 1523,2406 1507,2390 1289,2388 1288,2346 1288,2345 1290,2344 1595,2344"/>
					<TextEquiv>
						<Unicode>Βλαστοφοί-</Unicode>
					</TextEquiv>
				</Word>
				<TextEquiv>
					<Unicode>Λιβύης, καὶ παρὰ τοῦτο κληθῆναι Βλαστοφοί-</Unicode>
				</TextEquiv>
			</TextLine>
			<TextLine id="r41">
				<Coords points="286,2448 286,2450 287,2450 287,2465 288,2465 288,2470 289,2470 289,2471 293,2471 292,2471 292,2472 291,2472 291,2473 290,2473 290,2474 289,2474 289,2475 288,2475 288,2476 287,2476 287,2477 286,2477 286,2478 285,2478 285,2479 285,2478 283,2478 283,2476 281,2476 281,2475 211,2475 211,2474 208,2474 208,2473 206,2473 206,2456 207,2456 207,2454 208,2454 208,2452 209,2452 209,2451 210,2451 210,2450 212,2450 212,2449 214,2449 214,2448"/>
				<Word id="r1185">
					<Coords points="214,2448 253,2448 285,2449 286,2464 288,2469 288,2474 281,2475 210,2473 207,2472 206,2472 206,2455 207,2453 211,2449 213,2449"/>
					<TextEquiv>
						<Unicode>224</Unicode>
					</TextEquiv>
				</Word>
				<TextEquiv>
					<Unicode>224</Unicode>
				</TextEquiv>
			</TextLine>
		</TextRegion>
	</Page>
</PcGts>
