1747 2693
89 222 194 255 CAP.

116 261 144 289 X

275 84 570 124 APPIAN'S
621 83 858 124 ROMAN
906 82 1215 134 HISTORY,
1261 83 1439 125 BOOK
1489 84 1552 126 VI

209 225 368 253 νικας.
440 204 696 255 Πούνικος
736 205 826 267 μὲν
867 205 955 252 οὖν
994 206 1127 267 λίθῳ
1177 207 1398 268 πληγεὶς
1437 208 1485 259 ἐς
1533 208 1620 268 τὴν

209 275 444 338 κεφαλὴν
489 274 732 338 ἀπέθανε,
778 271 1072 338 διαδέχεται
1120 271 1159 321 δ᾽
1209 274 1366 322 αὐτὸν
1417 275 1542 339 ἀνὴρ
1583 276 1620 340 ᾧ

208 342 366 404 ὄνομα
392 342 452 401 ἦν
480 339 763 402 Καίσαρος.
826 340 972 393 οὗτος
1001 341 1022 388 ὁ
1054 341 1321 406 Καίσαρος
1349 342 1622 408 Μουμμίῳ,

205 409 336 472 μετὰ
381 411 631 472 στρατιᾶς
672 408 838 469 ἄλλης
883 410 1155 457 ἐπελθόντι
1195 409 1297 458 ἀπὸ
1335 411 1549 473 Ῥώμης,
1578 415 1622 464 ἐς

206 478 382 542 μάχην
420 477 711 542 συνηνέχθη
743 477 828 523 καὶ
856 477 1142 537 ἡττώμενος
1169 478 1370 541 ἔφυγεν.
1445 482 1623 543 Μουμ-

207 545 322 605 μίου
374 544 413 592 δ᾽
464 544 619 593 αὐτὸν
675 545 909 596 ἀτάκτως
969 544 1238 598 διώκοντος
1290 548 1624 612 ἐπιστραφεὶς

208 615 428 662 ἔκτεινεν
462 615 508 664 ἐς
550 612 981 678 ἐννακισχιλίους,
1020 615 1107 662 καὶ
1134 615 1224 676 τήν
1266 636 1319 663 τε
1362 618 1508 665 λείαν
1535 616 1622 678 τὴν

206 682 547 742 ἡρπασμένην
597 680 685 730 καὶ
746 681 803 729 τὸ
865 680 1048 730 οἰκεῖον
1109 685 1465 744 στρατόπεδον
1516 686 1624 733 ἀνε-

209 750 438 802 σώσατο,
489 748 578 798 καὶ
631 749 688 797 τὸ
738 748 1004 808 Ῥωμαίων
1055 754 1363 813 προσέλαβέ
1413 774 1483 809 τε,
1538 755 1622 801 καὶ

208 818 494 879 διήρπασεν
555 817 699 866 ὅπλα
761 817 848 866 καὶ
911 822 1101 880 σημεῖα
1152 822 1347 876 πολλά,
1398 822 1530 883 ἅπερ
1580 822 1622 870 οἱ

206 888 475 951 βάρβαροι
518 887 656 934 κατὰ
706 884 795 947 τὴν
848 888 1205 951 Κελτιβηρίαν
1253 889 1379 949 ὅλην
1416 891 1622 955 περιφέ-

205 975 376 1018 ροντες
416 954 753 1015 ἐπετώθαζον.

276 1027 361 1072 57.
393 1023 668 1083 Μούμμιος
696 1022 734 1071 δ᾽
764 1022 1082 1076 ὑπολοίπους
1121 1023 1252 1089 ἔχων
1285 1046 1622 1093 πεντακισχι-

208 1090 350 1142 λίους
382 1090 658 1152 ἐγύμναζεν
696 1090 837 1139 ἔνδον
874 1092 924 1141 ἐν
963 1093 1035 1156 τῷ
1071 1095 1426 1157 στρατοπέδῳ,
1455 1096 1622 1147 δεδιὼς

211 1159 310 1223 ἄρα
359 1160 635 1223 προελθεῖν
684 1160 732 1212 ἐς
781 1161 838 1208 τὸ
887 1161 1060 1207 πεδίον
1111 1162 1232 1224 πρὶν
1281 1164 1395 1215 τοὺς
1440 1163 1620 1228 ἄνδρας

209 1228 587 1292 ἀναθαρρῆσαι.
663 1230 903 1290 φυλάξας
951 1230 1004 1276 δὲ
1043 1231 1090 1277 εἴ
1136 1250 1183 1277 τι
1225 1231 1373 1295 μέρος
1414 1232 1460 1281 οἱ
1494 1232 1622 1296 βάρ-

206 1298 362 1357 βαροι
390 1300 478 1356 τῆς
508 1296 836 1358 ἀφῃρημένης
861 1295 1004 1349 λείας
1030 1299 1337 1360 παρέφερον,
1366 1299 1622 1355 ἀδοκήτως

207 1364 382 1415 αὐτοῖς
423 1365 649 1419 ἐπέθετο,
695 1366 782 1413 καὶ
831 1368 1064 1418 πολλοὺς
1113 1368 1413 1431 διαφθείρας
1461 1370 1621 1430 ἔλαβε

207 1432 298 1492 τὴν
335 1432 483 1480 λείαν
519 1432 607 1481 καὶ
644 1432 706 1479 τὰ
747 1436 949 1494 σημεῖα.
1023 1436 1331 1485 Λυσιτανῶν
1369 1435 1409 1485 δ᾽
1459 1438 1507 1485 οἱ
1540 1439 1622 1486 ἐπὶ

208 1500 400 1565 θάτερα
439 1503 530 1549 τοῦ
571 1500 743 1564 Τάγου
786 1505 1041 1565 ποταμοῦ,
1087 1503 1309 1553 κἀκεῖνοι
1353 1502 1619 1564 Ῥωμαίοις

206 1568 647 1631 πεπολεμωμένοι,
677 1571 977 1618 Καυκαίνου
1004 1573 1153 1631 σφῶν
1181 1574 1461 1631 ἡγουμένου
1492 1576 1622 1623 Κου-

207 1638 346 1687 νέους
387 1636 652 1702 ἐπόρθουν,
693 1637 742 1685 οἳ
777 1636 1046 1700 Ῥωμαίοις
1086 1640 1224 1701 ἦσαν
1263 1642 1497 1702 ὑπήκοοι,
1536 1647 1622 1691 καὶ

205 1706 361 1753 πόλιν
399 1707 569 1753 αὐτῶν
613 1707 845 1768 μεγάλην
871 1707 1011 1756 εἷλον
1050 1708 1408 1773 Κονίστοργιν.
1482 1713 1621 1776 παρά

206 1796 261 1822 τε
311 1774 400 1823 τὰς
462 1775 665 1834 στήλας
725 1776 815 1827 τὰς
863 1774 1203 1839 Ἡρακλείους
1254 1778 1342 1827 τὸν
1402 1779 1623 1828 ὠκεανὸν

205 1843 413 1906 ἐπέρων,
442 1844 525 1890 καὶ
553 1844 599 1891 οἱ
623 1844 713 1907 μὲν
740 1845 830 1905 τὴν
870 1845 1039 1904 ἄλλην
1064 1847 1269 1906 Λιβύην
1295 1847 1620 1914 κατέτρεχον,

207 1910 251 1956 οἱ
303 1910 342 1956 δ᾽
396 1911 613 1971 Ὀκίλην
640 1912 797 1959 πόλιν
835 1913 1191 1975 ἐπολιόρκουν.
1268 1916 1543 1978 Μούμμιος
1582 1917 1618 1965 δ᾽

205 1980 447 2042 ἑπόμενος
485 1980 891 2045 ἐννακισχιλίοις
930 1984 1101 2041 πεζοῖς
1132 1982 1220 2031 καὶ
1258 1982 1479 2033 ἱππεῦσι
1508 2008 1620 2035 πεν-

206 2049 471 2096 τακοσίοις
498 2049 686 2097 ἔκτεινε
713 2051 813 2096 τῶν
837 2051 928 2110 μὲν
949 2051 1204 2111 δῃούντων
1230 2053 1278 2104 ἐς
1302 2054 1510 2117 μυρίους
1536 2055 1620 2102 καὶ

205 2119 682 2182 πεντακισχιλίους,
735 2120 835 2164 τῶν
887 2116 925 2164 δ᾽
977 2117 1158 2181 ἑτέρων
1207 2120 1361 2176 τινάς,
1405 2123 1492 2170 καὶ
1530 2121 1620 2182 τὴν

206 2183 513 2248 πολιορκίαν
539 2184 744 2233 διέλυσε
772 2184 863 2246 τὴν
888 2185 1122 2247 Ὀκίλης.
1195 2189 1422 2254 ἐντυχὼν
1449 2192 1500 2238 δὲ
1538 2193 1619 2239 καὶ

204 2256 307 2304 τοῖς
335 2253 579 2315 φέρουσιν
605 2254 636 2300 ἃ
675 2255 1081 2312 ἐσεσυλήκεσαν,
1110 2256 1298 2304 ἔκτεινε
1325 2258 1412 2306 καὶ
1437 2258 1618 2309 τούσδε

203 2322 417 2374 πάντας,
469 2322 533 2371 ὡς
572 2321 686 2381 μηδ᾽
738 2321 962 2383 ἄγγελον
1011 2323 1115 2369 ἀπὸ
1166 2328 1256 2370 τοῦ
1304 2330 1468 2374 κακοῦ
1518 2327 1612 2374 δια-

206 2413 291 2452 226
