1747 2693
92 190 191 220 CAP.

120 229 149 257 X

281 53 576 94 APPIAN'S
627 52 861 94 ROMAN
912 52 1220 103 HISTORY,
1267 52 1443 95 BOOK
1497 54 1559 94 VI

213 179 410 239 φυγεῖν.
483 175 576 235 τὴν
626 173 678 222 δὲ
716 173 862 222 λείαν
911 174 1111 228 διαδοὺς
1160 177 1230 239 τῷ
1282 178 1489 239 στρατῷ
1537 177 1626 238 τὴν

213 245 432 302 δυνατὴν
492 243 758 306 φέρεσθαι,
821 241 884 290 τὰ
944 243 1106 291 λοιπὰ
1168 247 1273 295 τοῖς
1333 245 1465 297 θεοῖς
1524 250 1628 297 τοῖς

209 311 460 363 ἐνυαλίοις
509 311 740 358 ἔκαυσεν.

278 381 384 428 Καὶ
418 381 690 442 Μούμμιος
724 379 816 442 μὲν
853 379 974 428 τάδε
1011 380 1215 441 πράξας
1252 380 1544 433 ἐπανῆλθεν
1582 383 1626 433 ἐς

206 448 408 511 Ῥώμην
445 449 535 496 καὶ
573 448 963 510 ἐθριάμβευσεν,
993 453 1068 496 58.
1112 446 1376 513 ἐκδέχεται
1405 449 1444 496 δ᾽
1472 449 1626 497 αὐτὸν

209 518 425 579 Μάρκος
445 515 691 572 Ἀτίλιος,
711 516 763 569 ὃς
780 518 1088 565 Λυσιτανῶν
1104 517 1194 579 μὲν
1215 517 1263 570 ἐς
1281 517 1624 570 ἑπτακοσίους

208 585 501 649 ἐπιδραμὼν
550 584 833 641 ἀπέκτεινε,
884 584 973 633 καὶ
1033 584 1124 646 τὴν
1177 585 1427 646 μεγίστην
1474 585 1626 635 πόλιν

207 654 418 715 ἐξεῖλεν,
440 654 471 715 ᾗ
498 654 656 715 ὄνομα
683 652 990 714 Ὀξθράκαι,
1019 652 1082 700 τὰ
1110 651 1151 700 δ᾽
1179 653 1328 715 ἐγγὺς
1355 663 1626 715 καταπλη-

208 722 420 783 ξάμενος
462 722 675 770 ἅπαντα
712 721 796 769 ἐπὶ
831 722 1113 783 συνθήκαις
1141 723 1463 783 παρέλαβεν.
1539 725 1625 772 καὶ

207 790 403 838 τούτων
428 790 488 850 ἦν
517 791 622 838 ἔνια
651 792 743 839 τοῦ
769 792 1081 839 Οὐεττώνων
1107 794 1296 848 ἔθνους,
1318 795 1506 856 ὁμόρου
1524 796 1627 845 τοῖς

205 861 533 909 Λυσιτανοῖς.
588 860 653 910 ὡς
674 857 713 907 δ᾽
734 857 1030 921 ἀνεζεύγνυε
1045 858 1314 922 χειμάσων
1330 859 1353 908 ὁ
1381 859 1624 919 Ἀτίλιος,

206 928 397 975 αὐτίκα
446 928 637 978 πάντες
685 926 1006 989 μετετίθεντο
1044 927 1136 976 καί
1176 948 1319 981 τινας
1358 927 1625 992 Ῥωμαίοις

208 994 465 1057 ὑπηκόους
514 994 866 1058 ἐπολιόρκουν:
920 996 1004 1049 οὓς
1060 994 1383 1059 ἐπειγόμενος
1434 999 1622 1060 ἐξελεῖν

206 1069 294 1127 τῆς
354 1065 662 1128 πολιορκίας
723 1060 959 1125 Σέρουιος
1023 1065 1242 1121 Γάλβας
1302 1066 1325 1114 ὁ
1391 1066 1623 1115 Ἀτιλίου

205 1133 461 1198 διάδοχος,
523 1133 684 1198 ἡμέρᾳ
742 1135 835 1197 μιᾷ
896 1133 983 1182 καὶ
1044 1134 1189 1182 νυκτὶ
1250 1134 1622 1189 πεντακοσίους

205 1200 448 1250 σταδίους
498 1200 712 1250 διελθὼν
763 1200 1093 1266 ἐπιφαίνεται
1143 1205 1247 1255 τοῖς
1294 1207 1621 1262 Λυσιτανοῖς,

202 1269 290 1317 καὶ
338 1269 485 1319 εὐθὺς
536 1271 584 1322 ἐς
631 1269 808 1334 μάχην
859 1270 1127 1331 ἐξέτασσε,
1179 1271 1480 1322 κατάκοπον
1535 1272 1621 1322 τὸν

206 1337 432 1403 στρατὸν
493 1339 642 1403 ἔχων.
742 1338 1064 1402 τρεψάμενος
1127 1337 1168 1387 δ᾽
1218 1340 1446 1406 εὐτυχῶς
1507 1340 1621 1395 τοὺς

201 1406 498 1471 πολεμίους,
550 1406 779 1455 ἐπέκειτο
840 1407 1120 1471 φεύγουσιν
1180 1408 1618 1473 ἀπειροπολέμως.

201 1477 317 1524 ὅθεν
343 1477 590 1528 ἀσθενοῦς
627 1477 766 1539 αὐτῷ
805 1477 892 1523 καὶ
931 1477 1261 1525 ἀσυντάκτου
1290 1482 1378 1539 τῆς
1405 1477 1618 1540 διώξεως

201 1545 358 1606 οὔσης
399 1544 479 1592 διὰ
507 1544 683 1602 κόπον,
713 1545 760 1592 οἱ
793 1545 1061 1608 βάρβαροι
1101 1547 1394 1599 κατιδόντες
1434 1548 1619 1601 αὐτοὺς

199 1613 611 1676 διεσπασμένους
649 1634 703 1662 τε
741 1614 827 1662 καὶ
865 1614 1287 1676 ἀναπαυομένους
1323 1615 1458 1664 κατὰ
1493 1615 1618 1677 μέρη

200 1682 533 1732 συνελθόντες
572 1681 828 1737 ἐπέθεντο,
857 1683 943 1731 καὶ
983 1683 1270 1733 κτείνουσιν
1296 1684 1343 1735 ἐς
1371 1684 1618 1734 ἑπτακισ-

198 1750 416 1816 χιλίους.
492 1750 514 1799 ὁ
578 1750 629 1798 δὲ
691 1750 911 1810 Γάλβας
960 1750 1089 1814 μετὰ
1140 1754 1237 1800 τῶν
1288 1751 1414 1816 ἀμφ᾽
1464 1753 1618 1802 αὐτὸν

200 1819 398 1867 ἱππέων
435 1819 724 1884 κατέφυγεν
750 1820 799 1871 ἐς
827 1821 1115 1883 Καρμώνην
1154 1822 1325 1876 πόλιν,
1355 1823 1474 1869 ἔνθα
1502 1823 1615 1875 τοὺς

198 1887 545 1954 διαφυγόντας
584 1888 936 1952 ἀνελάμβανε,
975 1888 1063 1936 καὶ
1100 1890 1408 1954 συμμάχους
1448 1890 1615 1954 ἀθροί-

200 1977 297 2007 σας
358 1959 405 2007 ἐς
467 1956 764 2019 δισμυρίους
826 1956 1033 2017 διῆλθεν
1094 1957 1143 2010 ἐς
1207 1956 1475 2015 Κουνέους,
1527 1960 1614 2007 καὶ

197 2027 577 2089 παρεχείμαζεν
603 2027 653 2074 ἐν
682 2024 1038 2088 Κονιστόργει.

269 2100 352 2142 59.
374 2097 670 2141 Λεύκολλος
698 2093 748 2141 δὲ
776 2092 799 2141 ὁ
828 2097 933 2142 τοῖς
961 2093 1279 2144 Οὐακκαίοις
1308 2094 1424 2142 ἄνευ
1446 2096 1612 2160 ψηφί-

197 2183 393 2225 σματος
432 2163 740 2225 πολεμήσας
773 2163 824 2210 ἐν
861 2162 1171 2228 Τυρδιτανίᾳ
1205 2161 1320 2211 τότε
1357 2165 1612 2226 χειμάζων

195 2230 385 2293 ᾔσθετο
428 2234 738 2279 Λυσιτανῶν
777 2232 823 2283 ἐς
865 2230 930 2278 τὰ
979 2230 1209 2292 πλησίον
1258 2231 1609 2291 ἐμβαλόντων,

196 2298 281 2346 καὶ
330 2299 667 2362 περιπέμψας
717 2299 834 2351 τοὺς
897 2298 1139 2361 ἀρίστους
1189 2302 1290 2348 τῶν
1337 2299 1608 2359 ἡγεμόνων,

196 2391 283 2429 228
