1747 2693
123 274 229 308 CAP.

158 314 186 342 X

315 137 608 178 APPIAN'S
659 135 891 178 ROMAN
945 133 1252 184 HISTORY,
1300 131 1478 174 BOOK
1528 131 1593 171 VI

245 260 433 306 ἔκτεινε
460 261 562 307 τῶν
587 260 898 306 Λυσιτανῶν
926 257 973 310 ἐς
1001 253 1472 319 τετρακισχιλίους.
1545 254 1662 318 περί

245 355 299 381 τε
328 333 546 397 Γάδειρα
575 331 661 380 τὸν
687 331 920 395 πορθμὸν
947 330 1125 394 ἑτέρων
1152 330 1423 394 περώντων
1449 330 1662 378 ἔκτεινεν

243 410 289 458 ἐς
339 410 543 474 χιλίους
595 409 679 454 καὶ
731 407 1118 458 πεντακοσίους,
1160 406 1245 454 καὶ
1296 406 1411 458 τοὺς
1448 404 1663 454 λοιποὺς

244 481 614 547 συμφυγόντας
643 482 691 535 ἔς
718 504 831 530 τινα
860 482 1023 545 λόφον
1052 481 1434 545 ἀπετάφρευσε,
1465 478 1664 542 πλῆθός

244 581 297 608 τε
327 559 521 618 ἔλαβεν
560 557 754 618 ἀνδρῶν
794 557 1019 618 ἄπειρον.
1096 555 1182 603 καὶ
1220 553 1311 616 τὴν
1344 552 1664 601 Λυσιτανίαν

246 633 401 682 ἐπιὼν
466 632 601 680 κατὰ
662 630 811 693 μέρος
884 630 1105 694 ἐπόρθει.
1203 629 1408 694 ἐπόρθει
1469 629 1520 676 δὲ
1580 629 1664 676 καὶ

246 709 463 769 Γάλβας
505 708 587 755 ἐπὶ
630 706 836 769 θάτερα.
913 706 1000 754 καὶ
1040 708 1189 753 τινῶν
1237 703 1665 766 πρεσβευομένων

243 783 289 832 ἐς
317 780 488 837 αὐτόν,
518 783 605 829 καὶ
635 780 887 829 θελόντων
928 781 1185 838 βεβαιοῦν
1212 779 1300 827 καὶ
1326 779 1427 827 ὅσα
1452 777 1664 841 Ἀτιλίῳ

245 861 313 921 τῷ
354 858 454 920 πρὸ
495 858 655 904 αὐτοῦ
697 859 977 918 στρατηγῷ
1029 854 1327 916 συνθέμενοι
1365 853 1665 914 παρεβεβή-

245 953 418 983 κεσαν,
482 931 685 998 ἐδέχετο
742 931 830 980 καὶ
878 930 1169 987 ἐσπένδετο,
1221 929 1307 977 καὶ
1370 928 1663 993 ὑπεκρίνετο

245 1009 419 1057 αὐτοῖς
439 1008 527 1055 καὶ
555 1006 916 1070 συνάχθεσθαι
937 1006 1001 1057 ὡς
1024 1004 1084 1053 δι᾽
1105 1003 1330 1067 ἀπορίαν
1348 1004 1665 1066 λῃστεύουσί

245 1104 300 1131 τε
343 1083 431 1131 καὶ
473 1085 765 1143 πολεμοῦσι
816 1081 901 1129 καὶ
952 1079 1460 1143 παρεσπονδηκόσιν.
1559 1077 1663 1126 "τὸ

243 1156 343 1219 γὰρ
391 1154 763 1219 λυπρόγαιον,"
814 1155 927 1218 ἔφη,
973 1155 1105 1203 "καὶ
1154 1153 1402 1218 πενιχρὸν
1454 1153 1581 1215 ὑμᾶς
1619 1152 1664 1204 ἐς

246 1236 411 1280 ταῦτα
451 1232 742 1292 ἀναγκάζει˙
774 1229 923 1279 δώσω
953 1229 991 1277 δ᾽
1021 1229 1119 1291 ἐγὼ
1162 1228 1454 1291 πενομένοις
1493 1227 1664 1292 φίλοις

241 1312 337 1368 γῆν
365 1307 580 1368 ἀγαθήν,
610 1306 698 1354 καὶ
739 1306 789 1353 ἐν
830 1303 1072 1369 ἀφθόνοις
1115 1306 1371 1357 συνοικιῶ,
1401 1303 1581 1351 διελὼν
1620 1303 1665 1355 ἐς

242 1381 405 1446 τρία."

313 1464 388 1505 60.
431 1458 499 1504 Οἱ
525 1458 614 1520 μὲν
640 1457 698 1518 δὴ
722 1457 844 1504 τάδε
864 1456 1256 1519 προσδοκῶντες
1278 1454 1384 1502 ἀπὸ
1406 1456 1504 1501 τῶν
1525 1452 1663 1500 ἰδίων

241 1534 538 1586 ἀνίσταντο,
571 1533 656 1580 καὶ
696 1532 957 1594 συνῄεσαν
985 1531 1032 1578 οἷ
1070 1530 1437 1594 προσέτασσεν
1476 1528 1499 1573 ὁ
1530 1530 1664 1574 Γάλ-

239 1611 359 1667 βας˙
425 1607 448 1656 ὁ
474 1607 523 1654 δὲ
551 1607 737 1658 αὐτοὺς
766 1608 812 1657 ἐς
847 1606 962 1668 τρία
992 1605 1166 1668 διῄρει,
1197 1605 1283 1652 καὶ
1308 1604 1485 1650 πεδίον
1513 1604 1663 1650 ἑκάσ-

240 1705 344 1733 τοις
372 1705 420 1732 τι
448 1681 721 1743 ὑποδείξας
750 1681 981 1730 ἐκέλευεν
1008 1681 1056 1729 ἐν
1085 1684 1154 1742 τῷ
1183 1677 1341 1741 πεδίῳ
1361 1677 1661 1741 περιμένειν,

238 1752 391 1817 μέχρι
419 1752 685 1799 πολίσειεν
711 1749 899 1800 αὐτοὺς
927 1748 1176 1797 ἐπελθών.
1253 1749 1317 1798 ὡς
1363 1747 1404 1793 δ᾽
1433 1748 1553 1806 ἧκεν
1580 1748 1663 1795 ἐπὶ

239 1822 355 1871 τοὺς
384 1822 633 1884 πρώτους,
657 1820 889 1867 ἐκέλευεν
910 1819 973 1870 ὡς
994 1819 1180 1883 φίλους
1203 1817 1388 1864 θέσθαι
1411 1816 1473 1863 τὰ
1501 1819 1662 1870 ὅπλα,

237 1888 474 1952 θεμένους
515 1888 556 1936 δ᾽
585 1887 914 1951 ἀπετάφρευέ
941 1907 1010 1941 τε,
1039 1886 1125 1934 καὶ
1163 1884 1290 1948 μετὰ
1331 1887 1494 1949 ξιφῶν
1522 1906 1660 1936 τινας

238 1960 521 2021 ἐσπέμψας
572 1959 772 2005 ἀνεῖλεν
811 1956 1065 2009 ἅπαντας,
1106 1953 1436 2016 ὀδυρομένους
1482 1973 1535 2000 τε
1574 1953 1662 2001 καὶ

236 2027 363 2074 θεῶν
403 2025 632 2087 ὀνόματα
672 2026 755 2073 καὶ
797 2024 999 2076 πίστεις
1039 2024 1449 2074 ἀνακαλοῦντας.
1508 2023 1578 2085 τῷ
1622 2020 1661 2068 δ᾽

235 2096 374 2160 αὐτῷ
404 2093 577 2159 τρόπῳ
608 2093 693 2142 καὶ
722 2093 838 2144 τοὺς
860 2092 1122 2156 δευτέρους
1143 2091 1230 2139 καὶ
1257 2091 1458 2154 τρίτους
1486 2091 1661 2155 ἐπειχ-

236 2164 338 2214 θεὶς
388 2164 605 2216 ἀνεῖλεν,
647 2162 960 2222 ἀγνοοῦντας
1010 2161 1085 2208 ἔτι
1136 2161 1199 2207 τὰ
1249 2160 1392 2218 πάθη
1445 2158 1507 2205 τὰ
1558 2161 1658 2206 τῶν

237 2231 514 2296 προτέρων,
544 2231 770 2296 ἀπιστίᾳ
796 2231 886 2292 μὲν
915 2230 1014 2293 ἄρα
1044 2227 1297 2276 ἀπιστίαν
1334 2227 1536 2289 μετιών,
1566 2227 1654 2274 οὐκ

235 2301 388 2364 ἀξίως
418 2301 468 2347 δὲ
494 2298 763 2360 Ῥωμαίων
789 2298 1094 2359 μιμούμενος
1123 2296 1444 2358 βαρβάρους.
1488 2294 1653 2357 ὀλίγοι

236 2369 274 2416 δ᾽
315 2371 481 2416 αὐτῶν
522 2368 777 2431 διέφυγον,
819 2367 887 2414 ὧν
923 2367 983 2427 ἦν
1023 2364 1332 2427 Οὐρίατθος,
1361 2364 1411 2415 ὃς
1448 2365 1559 2427 μετ᾽
1597 2365 1652 2410 οὐ

239 2474 322 2515 230
