1747 2693
131 277 230 311 CAP.

162 317 191 344 X

130 1311 230 1345 CAP.

158 1351 206 1378 XI

321 144 615 184 APPIAN'S
666 144 900 185 ROMAN
951 143 1257 198 HISTORY,
1306 145 1481 187 BOOK
1532 144 1594 186 VI

252 265 391 313 πολὺ
440 266 677 328 ἡγήσατο
717 269 1024 316 Λυσιτανῶν
1062 267 1151 316 καὶ
1201 266 1387 316 ἔκτεινε
1437 266 1665 317 πολλοὺς

248 343 516 406 Ῥωμαίων
565 343 653 393 καὶ
694 343 817 406 ἔργα
863 344 1089 406 μέγιστα
1139 344 1451 406 ἐπεδείξατο.
1526 343 1667 391 ἀλλὰ

249 422 371 470 τάδε
395 422 485 485 μὲν
513 423 728 485 ὕστερον
753 422 996 485 γενόμενα
1025 424 1239 485 ὕστερον
1265 422 1417 484 λέξω.
1475 423 1591 470 τότε
1618 421 1667 469 δὲ

250 499 273 547 ὁ
338 501 573 558 Γάλβας,
625 501 930 551 Λευκόλλου
990 500 1520 567 φιλοχρηματώτερος
1585 499 1666 556 ὤν,

251 577 405 642 ὀλίγα
450 578 542 642 μέν
580 600 696 628 τινα
735 585 823 643 τῆς
861 579 1007 632 λείας
1057 585 1117 644 τῇ
1161 583 1384 646 στρατιᾷ
1436 577 1667 632 διεδίδου,

251 657 338 705 καὶ
366 657 521 721 ὀλίγα
548 662 652 711 τοῖς
679 657 869 723 φίλοις,
899 658 962 707 τὰ
1000 658 1163 708 λοιπὰ
1206 658 1256 707 δὲ
1298 658 1668 723 ἐσφετερίζετο,

251 734 422 785 καίτοι
447 736 849 788 πλουσιώτατος
876 736 942 787 ὢν
971 736 1097 799 ὁμοῦ
1124 758 1173 785 τι
1198 734 1482 799 Ῥωμαίων˙
1548 734 1668 783 ἀλλ᾽

253 812 356 863 οὐδ᾽
384 817 435 864 ἐν
462 819 524 879 τῇ
563 815 735 879 εἰρήνῃ
776 816 939 879 φασὶν
978 814 1137 865 αὐτὸν
1182 815 1443 864 διαλιπεῖν
1481 812 1669 879 ψευδό-

251 891 398 955 μενόν
425 914 479 942 τε
505 892 593 942 καὶ
631 895 970 955 ἐπιορκοῦντα
1007 892 1088 942 διὰ
1126 893 1293 954 κέρδη.
1367 891 1670 954 μισούμενος

252 971 304 1021 δὲ
331 971 418 1021 καὶ
447 972 889 1036 κατηγορούμενος
918 971 1150 1036 διέφευγε
1179 971 1260 1020 διὰ
1288 971 1375 1020 τὸν
1401 973 1646 1025 πλοῦτον,

932 1162 999 1204 ΧΙ

324 1295 398 1336 61.
441 1292 521 1336 Οὐ
548 1287 688 1337 πολὺ
717 1288 766 1336 δὲ
796 1288 1027 1352 ὕστερον,
1057 1286 1172 1335 ὅσοι
1212 1288 1457 1352 διέφυγον
1491 1291 1546 1339 ἐκ
1583 1295 1670 1352 τῆς

253 1366 558 1416 Λευκόλλου
585 1366 673 1416 καὶ
701 1367 895 1427 Γάλβα
923 1366 1351 1430 παρανομήσεως,
1369 1367 1669 1420 ἁλισθέντες

253 1449 302 1499 ἐς
360 1448 568 1512 μυρίους
635 1447 725 1509 τὴν
791 1443 1134 1510 Τυρδιτανίαν
1182 1447 1511 1512 κατέτρεχον.
1584 1448 1671 1496 καὶ

255 1527 432 1576 αὐτοῖς
498 1524 601 1575 ἀπὸ
649 1524 847 1587 Ῥώμης
898 1524 1132 1573 ἐπελθὼν
1183 1525 1334 1577 Γάιος
1387 1525 1671 1581 Οὐετίλιος,

255 1604 393 1669 ἄγων
419 1604 474 1653 τέ
500 1625 612 1653 τινα
643 1603 867 1669 στρατὸν
906 1603 1071 1652 ἄλλον
1107 1603 1194 1651 καὶ
1235 1603 1351 1656 τοὺς
1392 1605 1443 1653 ἐν
1469 1604 1673 1673 Ἰβηρίᾳ

254 1683 600 1748 προσλαβών,
642 1683 880 1734 ἅπαντας
924 1682 1059 1748 ἔχων
1101 1682 1150 1733 ἐς
1187 1681 1410 1741 μυρίους,
1451 1681 1672 1733 ἐπέπεσε

254 1760 646 1828 προνομεύουσι,
675 1761 760 1810 καὶ
787 1760 1019 1812 πολλοὺς
1058 1760 1253 1809 ἀνελὼν
1293 1761 1521 1810 συνέωσε
1558 1761 1674 1816 τοὺς

254 1839 473 1891 λοιποὺς
501 1839 550 1892 ἔς
575 1862 624 1889 τι
662 1839 866 1907 χωρίον,
895 1839 945 1887 οἷ
986 1838 1291 1887 κινδυνεύειν
1335 1861 1390 1888 τε
1432 1839 1673 1902 μένοντας

255 1921 412 1985 ἐχρῆν
462 1920 562 1968 ὑπὸ
613 1921 769 1982 λιμοῦ
817 1918 907 1967 καὶ
957 1916 1207 1970 ἀπιόντας
1256 1917 1355 1966 ὑπὸ
1392 1917 1670 1982 Ῥωμαίων˙

256 1999 351 2047 ὧδε
377 1996 475 2060 γὰρ
504 1997 612 2063 εἶχε
639 1996 951 2063 δυσχωρίας.
1025 1996 1111 2044 καὶ
1138 1997 1220 2044 διὰ
1248 1999 1398 2045 τοῦτο
1426 1998 1672 2060 πρέσβεις

255 2077 304 2125 ἐς
331 2074 416 2124 τὸν
445 2074 720 2121 Οὐετίλιον
757 2073 987 2135 ἔπεμπον
1026 2072 1121 2120 σὺν
1162 2072 1452 2134 ἱκετηρίαις,
1482 2077 1578 2135 γῆν
1628 2075 1673 2125 ἐς

258 2147 593 2211 συνοικισμὸν
655 2148 915 2200 αἰτοῦντες
966 2148 1029 2199 ὡς
1091 2146 1195 2195 ἀπὸ
1246 2146 1394 2196 τοῦδε
1444 2146 1673 2211 ἐσόμενοι

253 2225 522 2288 Ῥωμαίων
561 2225 609 2276 ἐς
653 2224 828 2272 πάντα
868 2223 1130 2284 κατήκοοι.
1207 2221 1230 2270 ὁ
1274 2221 1327 2272 δὲ
1369 2225 1671 2289 ὑπισχνεῖτο

256 2302 456 2350 δώσειν,
498 2301 583 2349 καὶ
624 2298 923 2348 συνετίθετο
961 2298 1072 2360 ἤδη.
1148 2298 1442 2362 Οὐρίατθος
1481 2298 1523 2347 δ᾽
1556 2298 1580 2346 ὁ
1620 2300 1673 2345 ἐκ

258 2382 344 2439 τῆς
410 2377 600 2434 Γάλβα
649 2374 973 2438 παρανομίας
1034 2374 1286 2438 ἐκφυγών,
1339 2373 1453 2421 τότε
1504 2373 1670 2421 συνὼν

259 2482 341 2521 232
