1747 2693
120 247 224 279 CAP.

144 287 191 314 XI

310 111 606 154 APPIAN'S
654 111 890 154 ROMAN
941 112 1248 164 HISTORY,
1296 112 1473 155 BOOK
1523 111 1585 154 VI

241 234 435 290 αὐτοῖς,
499 234 856 295 ὑπεμίμνησκε
921 237 1011 296 τῆς
1060 232 1325 296 Ῥωμαίων
1389 232 1653 287 ἀπιστίας,

242 306 422 357 ὁσάκις
481 329 536 357 τε
584 309 759 360 αὐτοῖς
800 306 1081 371 ὀμόσαντες
1133 308 1409 362 ἐπιθοῖντο,
1456 308 1541 357 καὶ
1593 310 1657 359 ὡς

240 383 323 430 ὅδε
351 387 451 434 πᾶς
478 382 501 431 ὁ
529 382 752 447 στρατὸς
797 383 853 431 ἐκ
896 383 1103 431 τοιῶνδε
1147 383 1420 443 ἐπιορκιῶν
1463 383 1653 443 Γάλβα

239 458 328 508 καὶ
377 458 682 507 Λευκόλλου
733 458 1085 524 διαφύγοιμεν.
1159 457 1261 506 οὐδ᾽
1307 458 1521 522 ἀπορεῖν
1560 459 1653 522 ἔφη

239 532 496 597 σωτηρίας
559 531 663 582 ἀπὸ
714 532 861 582 τοῦδε
918 536 1007 582 τοῦ
1055 532 1264 597 χωρίου,
1318 532 1378 580 ἂν
1440 531 1658 580 ἐθέλωσι

239 609 540 661 πείθεσθαι.

312 689 387 730 62.
427 681 832 743 Ἐρεθισθέντων
860 681 899 731 δ᾽
923 682 1092 733 αὐτῶν
1120 683 1206 731 καὶ
1233 683 1285 731 ἐν
1312 681 1493 731 ἐλπίσι
1520 703 1659 745 γενο-

239 757 418 816 μένων,
447 756 603 821 ᾑρέθη
641 778 697 806 τε
735 756 1046 819 στρατηγός,
1086 757 1173 806 καὶ
1212 757 1413 810 πάντας
1441 757 1658 819 ἐκτάξας

241 835 289 883 ἐς
315 835 555 895 μέτωπον
581 834 645 887 ὡς
673 834 760 882 ἐπὶ
785 834 946 896 μάχῃ,
976 833 1093 885 τοὺς
1119 833 1210 894 μὲν
1239 831 1431 883 ἄλλους
1461 831 1658 881 ἐκέλευ-

241 931 347 962 σεν,
376 908 499 957 ὅταν
526 908 680 962 αὐτὸς
706 909 867 969 ἐπιβῇ
897 911 987 957 τοῦ
1022 907 1202 965 ἵππου,
1241 909 1588 971 διαιρεθέντας
1615 909 1660 961 ἐς

239 984 364 1044 μέρη
393 983 573 1033 πολλὰ
601 983 825 1046 φεύγειν,
855 984 919 1036 ὡς
947 984 1208 1038 δύνανται,
1237 985 1350 1031 κατ᾽
1379 985 1547 1033 ἄλλας
1576 986 1660 1030 καὶ

240 1059 409 1111 ἄλλας
437 1059 581 1112 ὁδοὺς
607 1060 654 1112 ἐς
681 1059 950 1119 Τριβόλαν
978 1057 1152 1114 πόλιν,
1181 1057 1302 1106 ἔνθα
1338 1057 1495 1107 αὐτὸν
1522 1079 1659 1120 περι-

239 1135 422 1198 μένειν,
449 1135 657 1199 χιλίους
687 1133 738 1184 δὲ
763 1133 947 1197 μόνους
986 1134 1355 1196 ἐπιλεξάμενος
1394 1133 1663 1182 ἐκέλευσεν

240 1212 379 1275 αὑτῷ
431 1211 806 1258 συνίστασθαι.
881 1211 967 1257 καὶ
1016 1210 1332 1269 γιγνομένων
1375 1209 1574 1256 τούτων
1619 1208 1664 1257 οἱ

237 1286 330 1347 μὲν
357 1286 506 1338 εὐθὺς
539 1286 746 1349 ἔφυγον,
774 1284 949 1345 ἐπειδὴ
999 1284 1021 1331 ὁ
1063 1283 1355 1346 Οὐρίατθος
1383 1283 1471 1331 τὸν
1500 1282 1661 1330 ἵππον

239 1362 417 1422 ἀνέβη,
461 1362 484 1409 ὁ
531 1361 580 1409 δὲ
626 1360 900 1412 Οὐετίλιος
939 1359 1124 1410 αὐτοὺς
1163 1357 1337 1410 δείσας
1378 1359 1577 1408 διώκειν
1616 1360 1661 1409 ἐς

238 1441 418 1485 πολλὰ
463 1437 809 1497 διῃρημένους,
847 1436 933 1484 ἐπὶ
975 1435 1064 1483 τὸν
1105 1433 1405 1496 Οὐρίατθον
1455 1433 1659 1483 ἑστῶτα

240 1512 326 1559 καὶ
353 1512 691 1574 ἐφεδρεύοντα
718 1513 787 1574 τῷ
814 1510 1142 1572 γενησομένῳ
1179 1507 1394 1572 τραπεὶς
1421 1508 1660 1574 ἐμάχετο.

241 1585 263 1633 ὁ
304 1587 344 1633 δ᾽
386 1586 668 1634 ὠκυτάτοις
708 1585 889 1636 ἵπποις
928 1584 1085 1633 αὐτὸν
1123 1584 1371 1650 ἐνοχλῶν,
1415 1584 1499 1631 καὶ
1539 1584 1660 1630 ὑπο-

241 1666 444 1724 φεύγων
489 1663 574 1710 καὶ
617 1662 782 1710 πάλιν
824 1659 1098 1720 ἱστάμενος
1128 1659 1216 1707 καὶ
1260 1658 1435 1714 ἐπιών,
1464 1658 1659 1719 ἐκείνην

240 1760 293 1785 τε
319 1737 412 1798 τὴν
439 1737 631 1800 ἡμέραν
659 1737 710 1787 ἐν
738 1739 807 1801 τῷ
825 1737 965 1801 αὐτῷ
986 1735 1143 1800 πεδίῳ
1172 1734 1258 1782 καὶ
1286 1735 1379 1796 τὴν
1408 1736 1660 1783 ἐπιοῦσαν

238 1814 366 1875 ὅλην
387 1814 624 1877 διέτριψε
657 1813 922 1874 περιθέων.
997 1813 1061 1864 ὡς
1100 1811 1141 1860 δ᾽
1165 1811 1374 1859 εἴκασεν
1401 1812 1658 1876 ἀσφαλῶς

240 1890 379 1955 ἔχειν
406 1893 495 1950 τῆς
523 1891 690 1950 φυγῆς
728 1888 848 1939 τοὺς
887 1887 1105 1949 ἑτέρους,
1144 1886 1261 1934 τότε
1300 1885 1480 1937 νυκτὸς
1508 1884 1658 1948 ὁρμή-

241 1986 338 2015 ὁρμήσας
376 1964 438 2012 δι᾽
478 1964 605 2011 ὁδῶν
646 1964 876 2027 ἀτριβῶν
916 1961 1261 2026 κουφοτάτοις
1312 1961 1491 2011 ἵπποις
1537 1963 1658 2008 ἀπέ-

240 2042 428 2104 δραμεν
477 2041 524 2092 ἐς
574 2040 858 2100 Τριβόλαν,
918 2037 1187 2101 Ῥωμαίων
1248 2036 1404 2084 αὐτὸν
1464 2035 1661 2082 διώκειν

240 2116 423 2177 ὁμοίως
468 2117 524 2166 οὐ
575 2115 864 2174 δυναμένων
915 2114 997 2161 διά
1038 2134 1093 2162 τε
1135 2113 1298 2171 βάρος
1348 2113 1526 2159 ὅπλων
1576 2113 1660 2157 καὶ

240 2194 478 2255 ἀπειρίαν
508 2193 633 2240 ὁδῶν
668 2192 755 2238 καὶ
800 2191 973 2238 ἵππων
1019 2189 1377 2250 ἀνομοιότητα.
1452 2187 1546 2234 ὧδε
1571 2186 1659 2247 μὲν

239 2268 296 2329 ἐξ
322 2268 555 2316 ἀέλπτου
582 2263 806 2328 στρατὸν
835 2263 1308 2326 ἀπογιγνώσκοντα
1334 2263 1494 2311 αὑτοῦ
1521 2281 1659 2324 περι-

240 2342 423 2394 έσωσε,
454 2342 538 2390 καὶ
566 2340 624 2391 τὸ
654 2339 999 2402 στρατήγημα
1033 2337 1149 2388 τόδε
1184 2336 1584 2401 περιφερόμενον
1611 2338 1656 2387 ἐς

241 2448 331 2496 234
