1747 2693
125 218 228 251 CAP.

146 258 192 286 XI

314 81 610 123 APPIAN'S
659 81 895 123 ROMAN
945 79 1254 132 HISTORY,
1299 80 1478 122 BOOK
1526 79 1589 120 VI

245 203 363 255 τοὺς
401 203 520 266 τῇδε
555 203 861 266 βαρβάρους
900 203 1075 266 ἐξῇρεν
1113 202 1282 256 αὐτόν,
1334 202 1419 250 καὶ
1469 203 1659 249 πολλοὶ

244 278 577 344 πανταχόθεν
622 279 762 342 αὐτῷ
804 277 1191 342 προσεχώρουν.
1265 276 1289 325 ὁ
1336 276 1386 324 δὲ
1430 278 1477 329 ἐς
1528 278 1660 325 ὀκτὼ

245 354 332 415 ἔτη
359 352 630 414 Ῥωμαίοις
658 353 915 414 ἐπολέμει.

317 435 391 477 63.
435 428 540 477 Καί
593 449 680 489 μοι
737 429 875 476 δοκεῖ
925 427 1012 477 τὸν
1063 428 1362 487 Οὐριάτθου
1418 430 1660 486 πόλεμον,

245 506 449 570 σφόδρα
482 525 536 552 τε
577 504 945 569 ἐνοχλήσαντα
981 502 1254 565 Ῥωμαίοις
1293 504 1380 553 καὶ
1419 504 1659 567 δυσεργό-

246 602 403 629 τατον
429 579 605 630 αὐτοῖς
630 578 915 640 γενόμενον,
939 581 1272 639 συναγαγεῖν,
1292 580 1602 639 ἀναθέμενον
1621 581 1663 627 εἴ

245 677 296 704 τι
323 659 415 704 τοῦ
441 656 600 703 αὐτοῦ
628 653 818 720 χρόνου
845 656 963 718 περὶ
989 654 1227 717 Ἰβηρίαν
1255 655 1389 701 ἄλλο
1416 655 1659 717 ἐγίγνετο.

315 731 588 781 Οὐετίλιος
632 730 723 790 μὲν
768 728 827 790 δὴ
869 728 1026 778 αὐτὸν
1054 728 1249 778 διώκων
1274 728 1433 790 ἦλθεν
1459 730 1544 777 ἐπὶ
1571 728 1661 790 τὴν

244 806 528 866 Τριβόλαν,
581 804 605 854 ὁ
656 804 695 853 δ᾽
746 805 1037 868 Οὐρίατθος
1088 805 1137 853 ἐν
1186 804 1412 869 λόχμαις
1461 804 1661 869 ἐνέδραν

247 880 548 943 ἐπικρύψας
576 880 748 944 ἔφυγε,
775 879 929 944 μέχρι
956 879 1047 932 τὰς
1062 879 1266 944 λόχμας
1290 880 1660 944 ὑπερελθόντος

243 953 335 998 τοῦ
363 951 642 997 Οὐετιλίου
669 950 821 1002 αὐτός
849 970 902 998 τε
930 950 1277 1012 ἐπεστρέφετο
1306 950 1390 996 καὶ
1420 948 1466 995 οἱ
1492 950 1547 996 ἐκ
1574 954 1661 1010 τῆς

242 1019 443 1080 ἐνέδρας
505 1018 787 1080 ἀνεπήδων,
850 1018 936 1066 καὶ
1002 1016 1284 1080 Ῥωμαίους
1353 1018 1661 1081 ἑκατέρωθεν

243 1087 469 1135 ἔκτεινόν
518 1107 572 1134 τε
622 1087 708 1135 καὶ
758 1086 1009 1149 ἐζώγρουν
1048 1086 1134 1134 καὶ
1174 1085 1222 1139 ἐς
1260 1084 1351 1139 τὰς
1389 1086 1660 1149 φάραγγας

242 1156 449 1204 ἐώθουν.
522 1155 783 1217 ἐζωγρήθη
811 1154 861 1203 δὲ
891 1154 977 1203 καὶ
1000 1153 1023 1203 ὁ
1053 1153 1339 1206 Οὐετίλιος:
1380 1155 1465 1203 καὶ
1506 1153 1659 1202 αὐτὸν

244 1223 268 1271 ὁ
296 1223 480 1284 λαβὼν
508 1224 722 1284 ἀγνοῶν,
751 1221 969 1286 γέροντα
996 1222 1306 1287 ὑπέρπαχυν
1333 1221 1476 1286 ὁρῶν,
1505 1222 1660 1271 ἔκτει-

244 1313 325 1340 νεν
376 1294 439 1341 ὡς
491 1291 690 1343 οὐδενὸς
742 1291 902 1353 ἄξιον.
975 1290 1240 1351 Ῥωμαίων
1297 1291 1349 1338 δὲ
1407 1292 1555 1351 μόλις
1607 1292 1660 1339 ἐκ

242 1360 435 1423 μυρίων
485 1360 838 1425 ἑξακισχίλιοι
892 1360 1168 1423 διέδρασαν
1218 1361 1266 1410 ἐς
1319 1359 1662 1420 Καρπησσόν,

243 1429 328 1478 ἐπὶ
355 1429 608 1494 θαλάσσῃ
649 1429 821 1485 πόλιν,
847 1429 909 1490 ἣν
954 1429 1052 1491 ἐγὼ
1097 1427 1279 1489 νομίζω
1320 1427 1447 1490 πρὸς
1472 1428 1659 1490 Ἑλλή-

244 1519 341 1547 νων
385 1499 556 1546 πάλαι
600 1497 913 1559 Ταρτησσὸν
941 1497 1301 1559 ὀνομάζεσθαι,
1331 1498 1417 1545 καὶ
1444 1498 1659 1559 Ἀργαν-

244 1566 425 1615 θώνιον
454 1567 613 1628 αὐτῆς
644 1569 988 1624 βασιλεῦσαι,
1018 1566 1073 1615 ὃν
1117 1567 1166 1618 ἐς
1207 1566 1532 1626 πεντήκοντα
1577 1566 1661 1612 καὶ

243 1636 426 1683 ἑκατὸν
471 1636 559 1697 ἔτη
606 1636 891 1700 ἀφικέσθαι
933 1635 1112 1697 φασίν.
1188 1634 1305 1688 τοὺς
1345 1634 1437 1698 μὲν
1478 1634 1566 1682 οὖν
1614 1634 1662 1687 ἐς

241 1703 336 1765 τὴν
365 1703 695 1765 Καρπησσὸν
732 1701 1080 1763 διαφυγόντας
1115 1702 1138 1752 ὁ
1176 1705 1378 1762 ταμίας,
1409 1701 1459 1753 ὃς
1488 1701 1659 1750 εἵπετο

241 1776 310 1838 τῷ
363 1770 636 1837 Οὐετιλίῳ,
676 1772 1001 1821 συνέτασσεν
1051 1771 1136 1822 ἐπὶ
1186 1775 1374 1839 τειχῶν
1418 1770 1657 1825 δεδιότας˙

240 1841 386 1903 παρὰ
425 1841 475 1891 δὲ
515 1843 732 1891 Βελλῶν
769 1841 854 1890 καὶ
894 1841 1094 1890 Τίτθων
1122 1841 1345 1901 αἰτήσας
1384 1862 1659 1888 πεντακισ-

239 1909 445 1976 χιλίους
473 1910 797 1975 συμμάχους,
835 1910 919 1959 καὶ
952 1909 1152 1969 λαβών,
1189 1910 1536 1973 προύπεμψεν
1576 1909 1656 1956 ἐπὶ

240 1978 328 2027 τὸν
374 1978 685 2042 Οὐρίατθον.
761 1978 784 2027 ὁ
829 1978 881 2027 δὲ
921 1978 1120 2031 πάντας
1167 1978 1401 2034 ἔκτεινεν,
1444 1979 1508 2031 ὡς
1546 1978 1657 2039 μηδ᾽

241 2048 466 2110 ἄγγελον
529 2048 813 2110 διαφυγεῖν.
914 2048 996 2096 καὶ
1061 2047 1085 2096 ὁ
1147 2049 1335 2110 ταμίας
1396 2047 1657 2109 ἡσύχαζεν

239 2117 290 2164 ἐν
351 2120 412 2179 τῇ
475 2115 645 2173 πόλει,
706 2115 990 2178 περιμένων
1061 2114 1174 2165 τινὰ
1234 2115 1484 2177 βοήθειαν
1555 2114 1657 2163 ἀπὸ

234 2184 449 2248 Ῥώμης.

309 2259 385 2303 64.
424 2253 714 2318 Οὐρίατθος
753 2253 804 2302 δὲ
843 2253 934 2315 τὴν
963 2255 1357 2317 Καρπητανιαν,
1386 2252 1656 2317 εὐδαίμονα

236 2322 429 2387 χώραν,
482 2322 639 2371 ἐπιὼν
702 2322 860 2374 ἀδεῶς
919 2322 1207 2384 ἐλεηλάτει,
1272 2322 1362 2375 ἕως
1421 2324 1543 2385 ἧκεν
1603 2322 1656 2368 ἐκ

241 2414 328 2468 236
