1747 2693
115 278 212 308 CAP.

138 317 188 347 XI

309 138 602 182 APPIAN'S
652 137 887 180 ROMAN
937 136 1246 187 HISTORY,
1291 135 1469 176 BOOK
1521 133 1582 175 VI

234 262 433 323 Ῥώμης
461 261 612 313 Γάιος
651 260 916 311 Πλαύτιος
953 259 1089 316 ἄγων
1117 256 1297 318 πεζοὺς
1324 257 1529 321 μυρίους
1569 257 1651 304 καὶ

237 331 426 383 ἱππέας
475 328 678 393 χιλίους
728 328 812 377 ἐπὶ
855 326 1187 390 τριακοσίοις.
1262 324 1376 374 τότε
1420 324 1458 372 δ᾽
1510 324 1651 376 αὖθις

238 399 546 462 ὑπεκρίνατο
574 395 778 460 φεύγειν
817 393 840 443 ὁ
880 394 1185 460 Οὐρίατθος,
1214 395 1299 441 καὶ
1328 392 1350 440 ὁ
1390 392 1653 443 Πλαύτιος

236 469 390 516 αὐτὸν
441 468 649 529 ἔπεμψε
699 463 897 512 διώκειν
957 465 1006 516 ἐς
1054 460 1522 527 τετρακισχιλίους,
1572 462 1654 512 οὓς

236 535 574 599 ἐπιστραφεὶς
619 531 642 580 ὁ
689 531 980 596 Οὐρίατθος
1025 530 1214 579 ἔκτεινε
1252 529 1411 592 χωρὶς
1449 528 1652 591 ὀλίγων.

236 604 322 650 καὶ
359 604 446 652 τὸν
494 603 665 664 Τάγον
704 602 936 662 ποταμὸν
986 600 1176 659 διαβὰς
1223 597 1653 660 ἐστρατοπέδευεν

236 674 287 721 ἐν
314 674 416 736 ὄρει
455 671 721 733 περιφύτῳ
759 670 850 729 μὲν
888 669 1081 723 ἐλάαις,
1109 666 1421 730 Ἀφροδίτης
1448 667 1486 714 δ᾽
1527 667 1652 712 ἐπω-

237 740 390 803 νύμῳ,
419 738 542 788 ἔνθα
582 738 604 786 ὁ
634 735 901 788 Πλαύτιος
940 735 1278 790 καταλαβών,
1306 735 1394 783 καὶ
1421 734 1478 782 τὸ
1505 738 1655 781 πταῖ-

237 830 347 872 σμα
373 808 665 866 ἀναλαβεῖν
692 805 1033 867 ἐπειγόμενος,
1062 802 1368 862 συνέβαλεν.
1422 802 1655 862 ἡττηθεὶς

238 878 286 924 δὲ
316 874 476 940 φόνου
513 878 720 923 πολλοῦ
757 871 1027 935 γενομένου
1066 871 1302 934 διέφυγεν
1341 871 1582 934 ἀκόσμως
1608 871 1654 922 ἐς

237 945 327 996 τὰς
374 945 569 998 πόλεις,
613 943 702 991 καὶ
741 943 797 990 ἐκ
844 942 1004 1004 μέσου
1056 941 1231 1005 θέρους
1279 939 1560 1005 ἐχείμαζεν,
1600 940 1655 988 οὐ

236 1015 440 1078 θαρρῶν
488 1012 705 1074 οὐδαμοῖ
751 1010 999 1074 προϊέναι.
1075 1008 1098 1058 ὁ
1144 1007 1183 1056 δ᾽
1234 1007 1524 1069 Οὐρίατθος
1565 1007 1655 1068 τὴν

237 1082 417 1148 χώραν
477 1080 633 1132 ἀδεῶς
694 1079 906 1142 περιιών
968 1079 1077 1142 ᾔτει
1141 1078 1257 1130 τοὺς
1323 1076 1655 1138 κεκτημένους

237 1150 388 1211 τιμὴν
427 1152 517 1199 τοῦ
562 1148 884 1210 ἐπικειμένου
925 1149 1143 1208 καρποῦ,
1188 1146 1275 1195 καὶ
1315 1145 1435 1207 παρ᾽
1478 1145 1545 1193 ὧν
1588 1146 1655 1205 μὴ

234 1222 399 1279 λάβοι
437 1218 734 1281 διέφθειρεν.

309 1293 384 1334 65.
413 1286 518 1333 Ὧν
571 1285 615 1333 οἱ
669 1285 720 1334 ἐν
774 1282 925 1332 ἄστει
979 1281 1224 1346 Ῥωμαῖοι
1282 1281 1653 1345 πυνθανόμενοι

238 1355 444 1414 Φάβιον
484 1355 730 1415 Μάξιμον
779 1351 1105 1415 Αἰμιλιανόν,
1146 1350 1390 1415 Αἰμιλίου
1439 1350 1656 1398 Παύλου

236 1427 328 1473 τοῦ
401 1426 610 1481 Περσέα
681 1425 768 1470 τὸν
854 1422 1170 1468 Μακεδόνων
1241 1419 1475 1479 βασιλέα
1549 1421 1654 1467 ἀνε-

236 1491 418 1543 λόντος
459 1489 579 1546 υἱόν,
624 1490 855 1552 ἔπεμπον
903 1489 951 1540 ἐς
985 1487 1240 1552 Ἰβηρίαν,
1279 1488 1365 1536 καὶ
1406 1488 1657 1552 στρατιὰν

238 1562 403 1627 ἑαυτῷ
454 1560 811 1621 καταγράφειν
849 1559 1149 1621 ἐπέτρεπον.
1224 1555 1247 1606 ὁ
1288 1555 1355 1611 δέ,
1393 1555 1658 1619 Ῥωμαίων

239 1629 354 1695 ἄρτι
399 1626 715 1694 Καρχηδόνα
757 1626 845 1675 καὶ
888 1626 979 1689 τὴν
1015 1625 1254 1673 Ἑλλάδα
1303 1624 1523 1673 ἑλόντων
1572 1627 1657 1672 καὶ

237 1698 326 1747 τὸν
410 1695 583 1762 τρίτον
662 1696 715 1745 ἐν
788 1693 1087 1760 Μακεδονία
1172 1693 1401 1756 πόλεμον
1461 1714 1656 1758 κατωρ-

239 1768 495 1818 θωκοτων,
542 1767 710 1829 φειδοῖ
766 1766 866 1812 τῶν
916 1765 1110 1825 ἀνδρῶν
1165 1766 1265 1812 τῶν
1304 1763 1494 1810 ἐκεῖθεν
1542 1766 1656 1821 ἐλη-

235 1833 474 1884 λυθότων
525 1833 775 1893 κατέλεγε
823 1832 1129 1893 πρωθήβας,
1165 1830 1224 1879 οὐ
1261 1830 1383 1892 πρὶν
1427 1830 1656 1892 πολέμου

236 1901 656 1968 πεπειραμένους,
719 1902 767 1954 ἐς
822 1899 911 1949 δύο
971 1899 1111 1961 τέλη.
1210 1899 1295 1948 καὶ
1355 1901 1498 1962 παρὰ
1558 1902 1656 1947 τῶν

238 1974 531 2037 συμμάχων
601 1972 826 2032 στρατὸν
905 1971 1069 2016 ἄλλον
1142 1968 1362 2029 αἰτήσας
1421 1969 1539 2030 ἧκεν
1610 1969 1657 2019 ἐς

229 2043 481 2105 Ὄρσωνα
529 2043 618 2100 τῆς
656 2035 889 2102 Ἰβηρίας
938 2036 1246 2097 σύμπαντας
1296 2036 1429 2101 ἔχων
1476 2035 1656 2096 πεζοὺς

236 2108 444 2172 μυρίους
486 2108 574 2157 καὶ
613 2106 1075 2172 πεντακισχιλίους
1117 2105 1202 2153 καὶ
1243 2104 1435 2156 ἱππέας
1473 2106 1521 2155 ἐς
1550 2105 1655 2152 δισ-

236 2176 456 2243 χιλίους.
541 2176 657 2224 ὅθεν
708 2174 849 2224 οὔπω
897 2175 1070 2239 μάχης
1121 2174 1312 2238 ἄρχων,
1360 2173 1515 2238 μέχρι
1566 2172 1656 2235 τὴν

239 2246 494 2307 στρατιὰν
531 2245 856 2306 γυμνάσειεν,
897 2244 944 2296 ἐς
984 2243 1204 2305 Γάδειρα
1253 2241 1528 2289 διέπλευσε
1572 2241 1656 2289 τὸν

238 2313 486 2377 πορθμόν,
512 2313 768 2377 Ἡρακλεῖ
796 2311 981 2360 θύσων.
1055 2310 1078 2358 ὁ
1102 2311 1151 2359 δὲ
1180 2308 1471 2374 Οὐρίατθος
1500 2311 1654 2357 αὐτοῦ

237 2386 337 2432 τῶν
366 2384 716 2445 ξυλευομένων
744 2383 884 2430 τισὶν
918 2378 1183 2428 ἐπιπεσὼν
1211 2378 1400 2427 ἔκτεινε
1426 2378 1656 2428 πολλοὺς

240 2475 327 2529 238
