1747 2693
99 287 208 321 CAP.

121 329 169 358 XI

292 154 588 196 APPIAN'S
638 154 873 196 ROMAN
923 155 1233 208 HISTORY,
1279 156 1455 197 BOOK
1507 158 1564 197 VI

224 277 309 324 καί
337 276 572 341 ἐφόβησε
605 276 723 328 τοὺς
746 276 976 328 λοιπούς.
1054 280 1144 325 τοῦ
1172 276 1210 325 δ᾽
1241 278 1636 341 ὑποστρατήγου

223 352 574 415 συντάξαντος
617 352 803 404 αὐτοὺς
852 352 998 402 αὖθις
1037 351 1060 397 ὁ
1103 350 1395 415 Οὐρίατθος
1439 354 1639 418 ἐκράτει

222 426 308 474 καὶ
359 426 566 487 πολλὴν
613 425 761 475 λείαν
803 427 1156 488 περιεσύρατο.
1235 428 1549 489 ἀφικομένου
1587 453 1639 479 τε

221 505 313 550 τοῦ
364 501 612 564 Μαξίμου
647 506 879 567 συνεχῶς
917 501 1167 565 ἐξέτασσε
1205 503 1638 567 προκαλούμενος.

222 575 247 625 ὁ
294 576 345 625 δὲ
385 576 489 639 ὅλῳ
533 576 625 639 μὲν
664 577 721 624 οὐ
761 575 1105 640 συνεμίσγετο
1144 580 1212 641 τῷ
1253 581 1475 641 στρατῷ,
1515 601 1639 641 γυμ-

224 651 386 712 νάζων
424 651 610 704 αὐτοὺς
647 652 737 707 ἔτι,
773 653 907 700 κατὰ
946 653 996 701 δὲ
1032 654 1158 715 μέρη
1197 655 1459 706 πολλάκις
1494 655 1639 719 ἠκρο-

220 725 481 786 βολίζετο,
514 728 701 788 πεῖράν
727 748 782 775 τε
812 729 1114 790 ποιούμενος
1142 732 1241 777 τῶν
1267 732 1530 791 πολεμίων
1557 732 1640 777 καὶ

221 805 329 853 τοῖς
390 801 535 853 ἰδίοις
594 803 807 854 ἐντιθεὶς
871 805 1081 867 θάρσος.
1189 809 1524 869 χορτολογῶν
1586 829 1637 855 τε

221 876 470 928 ἐνόπλους
514 878 592 927 ἀεὶ
632 882 739 930 τοῖς
787 883 999 941 γυμνοῖς
1047 880 1307 942 περιίστη,
1347 881 1432 928 καὶ
1476 881 1640 945 περιέ-

221 972 374 1017 τρεχε
409 952 522 1015 μεθ᾽
565 952 763 1003 ἱππέων
807 954 976 1010 αὐτός,
1016 955 1099 1002 οἷα
1138 948 1335 1019 Παύλῳ
1373 958 1444 1019 τῷ
1480 959 1639 1019 πατρὶ

220 1026 696 1089 συστρατευόμενος
736 1030 787 1077 ἐν
832 1029 1136 1080 Μακεδόσιν
1190 1030 1335 1093 ἑώρα.
1423 1031 1552 1094 μετὰ
1591 1033 1638 1081 δὲ

218 1106 450 1169 χειμῶνα
521 1105 923 1168 γεγυμνασμένῳ
999 1107 1067 1170 τῷ
1129 1108 1338 1170 στρατῷ
1400 1105 1639 1170 τρέπεται

219 1177 448 1243 δεύτερος
474 1178 556 1228 ὅδε
594 1178 682 1229 τὸν
722 1177 1016 1241 Οὐρίατθον
1055 1183 1230 1233 καλῶς
1257 1181 1639 1243 ἀγωνισάμενον

219 1254 306 1302 καὶ
350 1254 529 1303 πόλεις
574 1255 735 1303 αὐτοῦ
774 1255 860 1303 δύο
904 1256 997 1315 τὴν
1033 1256 1125 1316 μὲν
1171 1257 1429 1318 διήρπασε
1459 1258 1552 1317 τὴν
1590 1258 1638 1306 δὲ

219 1329 529 1392 ἐπέπρησεν,
582 1330 739 1379 αὐτόν
800 1351 869 1386 τε,
934 1331 1194 1394 φεύγοντα
1254 1332 1303 1384 ἐς
1361 1332 1552 1397 χωρίον
1601 1335 1639 1398 ᾧ

219 1406 379 1467 ὄνομα
415 1405 477 1466 ἦν
514 1404 726 1469 Βαικόρ,
766 1404 963 1455 διώκων
1003 1405 1192 1454 ἔκτεινε
1229 1406 1477 1459 πολλούς.
1552 1410 1637 1457 καὶ

219 1479 487 1545 ἐχείμαζεν
523 1482 574 1529 ἐν
614 1482 878 1545 Κορδύβῃ,
924 1482 1157 1545 δεύτερον
1199 1483 1309 1535 ἔτος
1348 1483 1443 1543 ἤδη
1484 1505 1638 1545 στρα-

221 1558 390 1617 τηγῶν
452 1558 599 1604 τοῦδε
658 1559 750 1604 τοῦ
811 1556 1060 1618 πολέμου.
1135 1556 1222 1606 καὶ
1282 1556 1405 1605 τάδε
1464 1559 1556 1622 μὲν
1615 1559 1637 1607 ὁ

221 1631 529 1692 Αἰμιλιανὸς
577 1632 926 1695 ἐργασάμενος
976 1633 1024 1685 ἐς
1073 1633 1273 1696 Ῥώμην
1313 1634 1496 1697 ἀπῇρε,
1536 1634 1639 1683 δια-

221 1706 498 1769 δεξαμένου
551 1706 643 1768 τὴν
701 1706 870 1773 ἀρχὴν
924 1708 1145 1756 Κοΐντου
1207 1709 1490 1772 Πομπηίου
1551 1713 1639 1757 τοῦ

220 1783 421 1831 Αὔλου.

292 1864 367 1906 66.
405 1858 518 1923 Ἐφ᾽
548 1859 621 1912 οἷς
652 1859 675 1907 ὁ
712 1859 1004 1924 Οὐρίατθος
1032 1860 1130 1925 οὐχ
1168 1860 1350 1923 ὁμοίως
1383 1860 1456 1908 ἔτι
1485 1881 1638 1909 κατα-

221 1937 437 1994 φρονῶν,
485 1934 800 1996 Ἀρουακοὺς
851 1934 938 1984 καὶ
986 1933 1204 1986 Τίτθους
1254 1935 1340 1983 καὶ
1391 1935 1637 1992 Βελλούς,

220 2010 338 2071 ἔθνη
398 2009 766 2074 μαχιμώτατα,
830 2010 1132 2071 ἀπέστησεν
1194 2009 1298 2059 ἀπὸ
1358 2009 1638 2074 Ῥωμαίων.

219 2085 306 2135 καὶ
354 2085 585 2147 πολέμον
634 2086 800 2135 ἄλλον
842 2085 945 2134 οἵδε
987 2085 1065 2150 ἐφ᾽
1106 2086 1300 2134 ἑαυτῶν
1336 2085 1637 2145 ἐπολέμουν,

219 2160 274 2210 ὃν
314 2162 370 2209 ἐκ
407 2160 609 2212 πόλεως
648 2163 814 2211 αὐτῶν
851 2166 971 2223 μιᾶς
1009 2163 1336 2222 Νομαντῖνον
1376 2164 1637 2220 ἡγοῦνται,

216 2236 413 2300 μακρόν
439 2258 495 2286 τε
531 2237 617 2286 καὶ
654 2236 902 2287 ἐπίπονον
928 2236 1198 2299 Ῥωμαίοις
1232 2235 1512 2299 γενόμενον.
1551 2241 1636 2286 καὶ

220 2313 428 2376 συνάξω
473 2313 560 2362 καὶ
604 2312 749 2361 τόνδε
789 2314 838 2365 ἐς
881 2312 933 2362 ἓν
971 2312 1080 2376 μετ᾽
1123 2312 1431 2376 Οὐρίατθον.
1485 2312 1636 2377 Οὐρί-

218 2389 374 2441 ατθος
490 2387 543 2437 ὲν
621 2387 708 2436 ἐπὶ
786 2388 977 2454 θάτερα
1040 2392 1129 2451 τῆς
1188 2387 1423 2454 Ἰβηρίας
1485 2388 1632 2454 ἑτέρῳ

221 2492 308 2533 240
