1747 2693
81 255 177 285 CAP.

111 295 161 324 XI

87 1197 185 1228 CAP.

98 1237 167 1266 XII

273 117 568 158 APPIAN'S
620 116 853 158 ROMAN
904 114 1211 165 HISTORY,
1258 113 1439 155 BOOK
1488 112 1549 153 VI

205 242 481 303 στρατηγῷ
531 237 798 300 Ῥωμαιων
849 236 1073 302 Κοϊντίῳ
1123 234 1489 290 συνεπλέκετο,
1535 236 1619 284 καὶ

203 309 504 370 ἡσσώμενος
556 308 603 359 ἐς
647 304 705 354 τὸ
747 304 1083 369 Ἀφροδίσιον
1128 305 1240 368 ὄρος
1291 304 1618 367 ἀνέστρεφεν.

204 379 320 424 ὅθεν
347 376 686 438 ἐπιστραφεὶς
713 373 902 422 ἔκτεινε
940 376 1038 422 τῶν
1068 371 1306 421 Κοϊντίου
1332 373 1380 425 ἐς
1405 371 1621 438 χιλίους,

206 445 293 494 καὶ
337 445 529 505 σημεῖά
573 460 687 491 τινα
731 444 954 505 ἥρπασε·
997 441 1112 493 τοὺς
1148 443 1197 488 δὲ
1229 440 1445 491 λοιποὺς
1483 441 1531 492 ἐς
1567 440 1621 487 τὸ

207 512 563 576 στρατόπεδον
591 512 758 558 αὐτῶν
798 508 1085 571 συνεδίωξε,
1115 509 1200 558 καὶ
1228 509 1318 567 τὴν
1344 509 1395 557 ἐν
1418 507 1622 570 Ἰτύκκῃ

209 581 437 644 φρουρὰν
488 578 725 641 ἐξέβαλε,
778 578 863 627 καὶ
913 578 1005 638 τὴν
1064 580 1404 626 Βαστιτανῶν
1452 577 1627 643 χώραν

210 649 435 714 ἐλῄζετο,
480 648 721 695 Κοϊντίου
763 646 845 694 διὰ
890 646 1086 695 δειλίαν
1131 646 1218 694 καὶ
1255 644 1492 708 ἀπειρίαν
1537 646 1626 692 οὐκ

210 717 631 777 ἐπιβοηθοῦντος,
673 710 792 763 ἀλλ᾽
831 717 882 763 ἐν
926 715 1175 777 Κορδύβῃ
1214 714 1547 776 χειμάζοντος
1575 713 1627 760 ἐκ

207 784 369 847 μέσου
394 785 715 846 μετοπώρου,
739 783 825 831 καὶ
853 783 1009 831 Γάιον
1035 781 1277 844 Μάρκιον
1305 781 1492 843 θαμινὰ
1521 783 1627 830 ἐπι-

208 852 501 916 πέμποντος
521 852 674 916 αὐτῷ,
688 850 846 915 ἄνδρα
857 851 1049 913 Ἴβηρα
1067 851 1123 899 ἐκ
1140 849 1339 903 πόλεως
1357 850 1638 911 Ἰταλικῆς.

878 1058 974 1102 XII

282 1191 361 1234 67.
400 1185 505 1233 Τοῦ
525 1182 566 1231 δ᾽
585 1182 815 1233 ἐπιόντος
844 1182 986 1233 ἔτους
1014 1180 1234 1245 Κοϊντίῳ
1260 1179 1350 1243 μὲν
1368 1180 1390 1230 ὁ
1410 1181 1632 1245 ἀδελφὸς

212 1255 542 1317 Αἰμιλιανοῦ,
572 1251 775 1311 Φάβιος
803 1251 1045 1313 Μάξιμος
1074 1247 1449 1313 Σερουιλιανός,
1476 1251 1632 1312 ἦλθεν

212 1324 298 1370 ἐπὶ
348 1321 440 1383 τὴν
489 1318 816 1382 στρατηγίαν
866 1318 1118 1383 διάδοχος,
1169 1318 1256 1368 δύο
1317 1318 1460 1368 ἄλλα
1510 1318 1628 1377 τέλη

210 1388 484 1452 Ῥωμαίων
511 1388 649 1452 ἄγων
676 1388 764 1437 καὶ
791 1388 1099 1454 συμμάχους
1128 1387 1284 1443 τινάς,
1315 1388 1548 1440 ἅπαντας
1587 1388 1632 1438 ἐς

212 1457 422 1521 μυρίους
472 1457 559 1506 καὶ
610 1455 1038 1518 ὀκτακισχιλίους
1088 1456 1272 1516 πεζοὺς
1315 1455 1404 1505 καὶ
1444 1455 1632 1506 ἱππέας

214 1528 515 1590 ἑξακοσίους
591 1527 674 1574 ἐπὶ
746 1526 952 1592 χιλίοις.
1072 1525 1376 1576 ἐπιστείλας
1437 1524 1489 1572 δὲ
1551 1525 1635 1571 καὶ

215 1594 434 1661 Μικίψῃ
462 1599 531 1659 τῷ
559 1593 814 1658 Νομάδων
840 1595 1062 1653 βασιλεῖ
1086 1592 1302 1659 πέμψαι
1330 1593 1376 1641 οἱ
1402 1592 1634 1659 τάχιστα

215 1665 519 1728 ἐλέφαντας,
560 1664 606 1715 ἐς
657 1664 891 1724 Ἰτύκκην
931 1663 1189 1724 ἠπείγετο,
1242 1662 1334 1724 τὴν
1383 1661 1635 1727 στρατιὰν

216 1733 354 1796 ἄγων
377 1732 511 1781 κατὰ
535 1732 698 1795 μέρος·
728 1731 814 1779 καὶ
836 1730 923 1778 τὸν
945 1728 1237 1795 Οὐρίατθον
1261 1728 1633 1797 ἑξακισχιλίοις

215 1801 463 1864 ἀνδράσιν
501 1801 712 1849 ἐπιόντα
739 1800 785 1849 οἱ
808 1800 938 1862 μετά
965 1820 1018 1847 τε
1043 1803 1272 1861 κραυγῆς
1298 1799 1387 1847 καὶ
1411 1798 1636 1860 θορύβου

214 1871 547 1933 βαρβαρικοῦ
590 1869 679 1918 καὶ
718 1867 874 1931 κόμης
914 1871 1131 1928 μακρᾶς,
1158 1868 1219 1929 ἣν
1257 1868 1307 1917 ἐν
1346 1870 1449 1917 τοῖς
1483 1867 1638 1915 πολέ-

215 1959 327 2001 μοις
369 1939 662 1986 ἐπισείουσι
712 1942 818 1989 τοῖς
868 1937 1088 2002 ἐχθροῖς,
1140 1936 1282 1984 οὐδὲν
1333 1936 1637 1999 ὑποπτήξας

220 2005 419 2067 ὑπέστη
446 2027 500 2054 τε
526 2005 768 2067 γενναίως
796 2005 882 2054 καὶ
909 2004 1187 2053 ἀπεώσατο
1216 2004 1499 2067 ἄπρακτον.
1575 2005 1637 2057 ὡς

218 2075 272 2122 δέ
310 2074 358 2123 οἱ
393 2073 477 2122 καὶ
517 2073 575 2123 τὸ
613 2073 750 2122 ἄλλο
789 2073 989 2134 πλῆθος
1016 2073 1223 2134 ἀφῖκτο,
1246 2073 1332 2122 καὶ
1357 2074 1412 2121 ἐκ
1438 2073 1636 2133 Λιβύης

219 2142 493 2206 ἐλέφαντες
525 2142 647 2191 δέκα
675 2142 772 2191 σὺν
798 2142 1018 2190 ἱππεῦσι
1057 2140 1391 2205 τριακοσίοις,
1420 2141 1638 2206 στρατό-

216 2211 370 2260 πεδον
390 2210 591 2275 ὠχύρου
608 2210 757 2273 μέγα,
775 2210 863 2258 καὶ
882 2210 1239 2274 προεπεχείρει
1260 2214 1329 2273 τῷ
1347 2210 1637 2274 Οὐριάτθῳ,

218 2280 304 2327 καὶ
343 2280 664 2342 τρεψάμενος
704 2277 862 2327 αὐτὸν
900 2277 1120 2326 ἐδίωκεν.
1196 2279 1424 2326 ἀτάκτου
1464 2277 1515 2326 δὲ
1552 2284 1639 2340 τῆς

218 2349 435 2410 διώξεως
486 2348 772 2410 γενομένης,
821 2347 942 2396 ἰδὼν
991 2348 1042 2396 ἐν
1091 2350 1152 2411 τῇ
1212 2351 1352 2409 φυγῇ
1404 2350 1553 2395 τοῦτο
1614 2348 1639 2395 ὁ

222 2455 306 2494 242
