<?xml version="1.0" encoding="UTF-8"?>
<PcGts xmlns:xsi="http://www.w3.org/2001/XMLSchema-instance" xmlns="http://schema.primaresearch.org/PAGE/gts/pagecontent/2013-07-15" xsi:schemaLocation="http://schema.primaresearch.org/PAGE/gts/pagecontent/2013-07-15 http://schema.primaresearch.org/PAGE/gts/pagecontent/2013-07-15/pagecontent.xsd">
	<Metadata>
		<Creator/>
		<Created>2014-06-05T03:34:29</Created>
		<LastChange>2014-06-05T03:34:29</LastChange>
	</Metadata>
	<Page imageFilename="0260.jpg" imageWidth="1747" imageHeight="2693">
		<TextRegion type="paragraph" id="r1">
			<Coords points="109,272 213,271 212,364 106,362 107,311"/>
			<TextLine id="r100">
				<Coords points="127,278 130,279 191,279 196,281 197,283 198,292 209,305 207,309 189,309 117,306 113,301 112,299 112,289 113,285 115,281 121,280"/>
				<Word id="r1000">
					<Coords points="124,279 190,279 193,280 195,281 196,283 195,291 192,293 212,297 215,308 188,306 186,307 182,307 142,306 116,304 114,302 113,300 112,294 113,287 114,284 115,282 118,281 122,280"/>
					<TextEquiv>
						<Unicode>CAP.</Unicode>
					</TextEquiv>
				</Word>
				<TextEquiv>
					<Unicode>CAP.</Unicode>
				</TextEquiv>
			</TextLine>
			<TextLine id="r37">
				<Coords points="116,316 205,313 193,356 133,358 112,358"/>
				<Word id="r1001">
					<Coords points="185,319 189,320 188,322 187,346 185,347 184,348 120,348 120,345 121,320 181,320"/>
					<TextEquiv>
						<Unicode>XII</Unicode>
					</TextEquiv>
				</Word>
				<TextEquiv>
					<Unicode>XII</Unicode>
				</TextEquiv>
			</TextLine>
		</TextRegion>
		<TextRegion type="paragraph" id="r2">
			<Coords points="315,128 224,275 226,2530 1685,2512 1680,90 1574,94"/>
			<TextLine id="r101">
				<Coords points="1514,125 1574,120 1584,134 1592,144 1589,162 1584,169 1400,168 1396,169 1234,170 1233,172 1232,177 1229,178 1227,180 1224,181 305,180 301,176 306,171 307,168 308,164 310,161 311,158 313,154 316,145 317,141 318,139 547,137 575,136 807,133 868,131 1180,128 1187,127 1513,126"/>
				<Word id="r1002">
					<Coords points="583,136 583,137 591,137 591,161 592,161 592,167 591,167 591,171 590,171 590,174 588,174 588,175 587,175 587,176 585,176 585,177 583,177 583,178 352,178 352,179 304,179 304,176 305,176 305,173 306,173 306,171 307,171 307,168 308,168 308,164 309,164 309,162 310,162 310,161 311,161 311,158 312,158 312,156 313,156 313,154 314,154 314,151 315,151 315,148 316,148 316,145 317,145 317,141 318,141 318,140 319,140 319,139 462,139 462,138 575,138 575,137 583,137"/>
					<TextEquiv>
						<Unicode>APPIAN&apos;S</Unicode>
					</TextEquiv>
				</Word>
				<Word id="r1004">
					<Coords points="870,131 875,132 879,134 877,136 875,139 874,142 873,169 872,171 871,172 854,172 852,173 845,174 645,176 648,136 653,135 807,133 839,132 868,132"/>
					<TextEquiv>
						<Unicode>ROMAN</Unicode>
					</TextEquiv>
				</Word>
				<Word id="r1005">
					<Coords points="1188,127 1211,127 1211,128 1215,128 1215,129 1217,129 1217,130 1218,130 1217,130 1217,131 1216,131 1216,132 1215,132 1215,133 1214,133 1214,134 1213,134 1213,135 1212,135 1212,136 1211,136 1211,137 1210,137 1210,139 1209,139 1209,140 1208,140 1208,142 1207,142 1207,161 1230,161 1230,162 1232,162 1232,163 1233,163 1233,165 1234,165 1234,167 1233,167 1233,170 1232,170 1232,171 1231,171 1231,172 1230,172 1230,177 1227,177 1227,178 1225,178 1225,179 1223,179 1223,180 1223,178 1222,178 1224,178 1224,177 1225,177 1225,170 1114,170 1114,171 1112,171 1112,172 928,172 928,171 930,171 930,170 931,170 931,169 932,169 932,168 933,168 933,150 934,150 934,133 938,133 938,132 962,132 962,131 986,131 986,130 1087,130 1087,129 1187,129 1187,128 1188,128"/>
					<TextEquiv>
						<Unicode>HISTORY,</Unicode>
					</TextEquiv>
				</Word>
				<Word id="r1007">
					<Coords points="1288,127 1459,127 1460,165 1462,167 1285,168 1286,128"/>
					<TextEquiv>
						<Unicode>BOOK</Unicode>
					</TextEquiv>
				</Word>
				<Word id="r1008">
					<Coords points="1565,123 1571,126 1573,163 1569,167 1560,168 1556,167 1527,166 1525,162 1524,158 1523,155 1522,153 1520,147 1519,145 1518,141 1517,138 1515,134 1514,131 1512,128 1513,126 1563,125"/>
					<TextEquiv>
						<Unicode>VI</Unicode>
					</TextEquiv>
				</Word>
				<TextEquiv>
					<Unicode>APPIAN&apos;S ROMAN HISTORY, BOOK VI</Unicode>
				</TextEquiv>
			</TextLine>
			<TextLine id="r102">
				<Coords points="1561,248 1583,269 1643,270 1646,274 1646,277 1645,279 1642,280 1641,295 1639,298 1493,300 1478,314 1474,316 1446,315 328,317 318,326 317,327 297,311 292,310 247,309 244,307 240,304 236,299 234,295 233,292 233,279 234,276 238,272 244,267 246,266 252,265 257,264 361,261 783,258 785,256 1559,250"/>
				<Word id="r1009">
					<Coords points="361,261 463,261 465,262 484,281 519,281 523,283 524,287 522,290 520,291 518,309 514,311 331,312 316,326 299,311 294,310 291,309 246,308 244,307 239,303 236,299 234,295 233,292 233,279 234,276 236,273 241,269 245,266 251,265 256,264 296,263 359,263"/>
					<TextEquiv>
						<Unicode>Οὐρίατθος</Unicode>
					</TextEquiv>
				</Word>
				<Word id="r1010">
					<Coords points="789,256 817,276 823,280 837,296 838,299 837,303 835,307 833,309 831,310 830,311 719,313 713,316 704,307 592,306 569,305 567,304 564,302 562,299 561,293 561,290 562,288 563,287 573,269 575,260 782,258 785,257"/>
					<TextEquiv>
						<Unicode>ἐπανῆλθε,</Unicode>
					</TextEquiv>
				</Word>
				<Word id="r1011">
					<Coords points="950,255 954,256 957,262 959,265 961,269 963,289 964,294 962,300 959,302 877,303 876,301 878,295 879,291 881,285 883,280 884,277 886,276 901,275 928,275"/>
					<TextEquiv>
						<Unicode>καὶ</Unicode>
					</TextEquiv>
				</Word>
				<Word id="r1012">
					<Coords points="1106,254 1127,272 1168,272 1198,275 1199,279 1196,291 1195,299 1191,303 1188,305 1184,302 1001,301 1001,295 1003,289 1004,287 1005,283 1006,281 1008,276 1023,274 1084,273"/>
					<TextEquiv>
						<Unicode>κτείνας</Unicode>
					</TextEquiv>
				</Word>
				<Word id="r1013">
					<Coords points="1253,253 1257,254 1277,272 1279,273 1282,274 1283,275 1284,277 1284,280 1282,282 1280,290 1278,300 1276,302 1272,304 1267,300 1246,299 1243,298 1241,297 1240,296 1238,292 1237,287 1238,282 1239,280 1242,276 1248,262"/>
					<TextEquiv>
						<Unicode>ἐς</Unicode>
					</TextEquiv>
				</Word>
				<Word id="r1014">
					<Coords points="1561,249 1583,270 1643,271 1644,277 1642,279 1640,287 1638,297 1493,298 1492,299 1476,314 1475,315 1445,314 1352,313 1335,299 1330,294 1321,279 1322,274 1323,273 1325,272 1342,271 1393,269 1490,269 1504,255 1554,255"/>
					<TextEquiv>
						<Unicode>τρισχιλίους</Unicode>
					</TextEquiv>
				</Word>
				<TextEquiv>
					<Unicode>Οὐρίατθος ἐπανῆλθε, καὶ κτείνας ἐς τρισχιλίους</Unicode>
				</TextEquiv>
			</TextLine>
			<TextLine id="r103">
				<Coords points="1354,316 1632,316 1635,317 1637,320 1640,326 1641,329 1644,351 1646,356 1645,358 1643,361 1640,363 1532,365 1529,371 1524,373 1244,374 1235,383 337,382 335,381 242,379 237,366 233,361 234,354 238,352 276,351 288,351 308,331 1351,318 1353,317"/>
				<Word id="r1015">
					<Coords points="309,331 337,351 346,352 351,357 348,361 346,369 345,378 343,380 338,382 334,379 241,378 237,366 233,361 234,357 237,353 239,352 276,351 288,351"/>
					<TextEquiv>
						<Unicode>τοὺς</Unicode>
					</TextEquiv>
				</Word>
				<Word id="r1016">
					<Coords points="563,328 563,329 565,329 565,330 566,330 566,331 568,331 568,332 569,332 569,333 571,333 571,334 572,334 572,335 573,335 573,336 575,336 575,337 576,337 576,338 578,338 578,339 579,339 579,340 581,340 581,341 582,341 582,342 583,342 583,343 585,343 585,344 586,344 586,345 588,345 588,346 589,346 589,347 590,347 590,348 597,348 597,349 599,349 599,350 601,350 601,351 602,351 602,353 603,353 603,355 601,355 601,356 599,356 599,357 598,357 598,373 597,373 597,375 596,375 596,377 594,377 594,378 591,378 591,379 591,378 589,378 589,377 588,377 588,376 587,376 587,375 439,375 439,376 392,376 392,342 391,342 391,340 390,340 390,339 389,339 389,337 392,337 392,336 392,337 396,337 396,338 398,338 398,339 400,339 400,340 402,340 402,341 403,341 403,342 404,342 404,343 405,343 405,344 406,344 406,345 407,345 407,346 408,346 408,347 409,347 409,348 410,348 410,349 542,349 542,348 543,348 543,347 544,347 544,346 545,346 545,345 546,345 546,344 547,344 547,343 548,343 548,342 549,342 549,341 550,341 550,340 551,340 551,339 553,339 553,338 554,338 554,337 555,337 555,336 556,336 556,335 557,335 557,334 558,334 558,333 559,333 559,332 560,332 560,331 561,331 561,330 562,330 562,329 563,329"/>
					<TextEquiv>
						<Unicode>λοιποὺς</Unicode>
					</TextEquiv>
				</Word>
				<Word id="r1018">
					<Coords points="770,326 779,331 783,332 787,334 797,343 908,343 940,344 941,347 941,350 940,352 939,355 937,358 934,362 932,364 928,367 925,369 924,370 774,372 762,382 751,373 649,372 646,370 643,366 643,359 644,356 646,354 650,351 653,349 672,347 685,346 748,346"/>
					<TextEquiv>
						<Unicode>συνήλασεν</Unicode>
					</TextEquiv>
				</Word>
				<Word id="r1019">
					<Coords points="995,323 1020,343 1023,344 1027,347 1028,349 1025,352 1023,360 1022,369 1018,373 1014,374 1008,369 989,368 985,367 983,366 980,360 980,354 981,351 983,348 984,346 992,338"/>
					<TextEquiv>
						<Unicode>ἐς</Unicode>
					</TextEquiv>
				</Word>
				<Word id="r1020">
					<Coords points="1108,322 1112,325 1114,329 1115,332 1116,334 1117,343 1121,346 1123,349 1123,353 1122,358 1121,361 1118,366 1111,369 1107,369 1075,368 1075,362 1066,352 1065,348 1066,344 1067,343 1069,342 1085,342"/>
					<TextEquiv>
						<Unicode>τὸ</Unicode>
					</TextEquiv>
				</Word>
				<Word id="r1021">
					<Coords points="1354,316 1474,316 1496,338 1516,339 1517,344 1531,358 1532,360 1532,362 1531,365 1529,367 1527,371 1524,372 1523,373 1244,373 1233,382 1214,368 1210,367 1168,366 1166,365 1164,363 1163,361 1162,357 1163,353 1164,350 1166,347 1168,346 1170,344 1174,343 1177,342 1277,340 1329,340 1351,318"/>
					<TextEquiv>
						<Unicode>στρατοπεδον,</Unicode>
					</TextEquiv>
				</Word>
				<Word id="r1022">
					<Coords points="1633,317 1636,319 1639,325 1640,328 1641,334 1642,346 1644,355 1644,356 1643,359 1639,363 1560,363 1560,359 1561,355 1562,353 1563,350 1564,348 1565,343 1567,339 1583,337 1612,337"/>
					<TextEquiv>
						<Unicode>καὶ</Unicode>
					</TextEquiv>
				</Word>
				<TextEquiv>
					<Unicode>τοὺς λοιποὺς συνήλασεν ἐς τὸ στρατοπεδον, καὶ</Unicode>
				</TextEquiv>
			</TextLine>
			<TextLine id="r104">
				<Coords points="1354,385 1356,386 1446,387 1484,389 1500,405 1619,405 1621,406 1629,414 1645,414 1647,416 1645,419 1644,420 1624,420 1622,429 1618,431 1600,432 1508,433 1489,434 1472,450 1471,451 282,460 277,464 261,448 239,447 236,435 233,431 233,426 235,423 237,421 374,419 396,397 863,391 865,390 1353,386"/>
				<Word id="r1023">
					<Coords points="397,397 401,399 433,399 437,401 486,402 488,403 491,404 493,405 504,416 539,416 541,417 541,421 539,422 538,441 535,442 471,443 455,444 416,445 405,456 280,459 276,463 260,447 239,442 234,432 233,429 234,425 235,423 236,422 238,421 373,420"/>
					<TextEquiv>
						<Unicode>προσέβαλε</Unicode>
					</TextEquiv>
				</Word>
				<Word id="r1024">
					<Coords points="641,394 645,397 649,405 651,408 652,429 655,432 653,435 646,442 624,442 568,441 569,437 570,435 571,431 573,425 574,421 583,417 591,416 612,415 618,415"/>
					<TextEquiv>
						<Unicode>καὶ</Unicode>
					</TextEquiv>
				</Word>
				<Word id="r1025">
					<Coords points="767,393 773,394 775,395 800,413 807,414 822,436 821,441 820,443 817,447 739,447 726,456 708,441 691,440 691,434 682,421 687,416 691,415 711,415 728,398 730,397 759,397"/>
					<TextEquiv>
						<Unicode>τῷδε,</Unicode>
					</TextEquiv>
				</Word>
				<Word id="r1026">
					<Coords points="866,390 937,390 957,410 1003,410 1042,411 1042,416 1040,420 1039,424 1034,429 1029,433 1027,435 1023,436 1021,437 969,438 953,453 938,439 858,437 855,435 854,434 852,428 854,420 856,417 863,410 863,391 865,391"/>
					<TextEquiv>
						<Unicode>ὀλίγων</Unicode>
					</TextEquiv>
				</Word>
				<Word id="r1027">
					<Coords points="1127,388 1137,394 1145,396 1147,397 1159,408 1187,408 1210,409 1216,411 1216,417 1213,418 1212,434 1210,438 1208,439 1207,440 1083,440 1070,452 1067,449 1068,447 1071,438 1073,430 1075,424 1076,419 1077,415 1078,412 1079,411 1102,411"/>
					<TextEquiv>
						<Unicode>μόλις</Unicode>
					</TextEquiv>
				</Word>
				<Word id="r1028">
					<Coords points="1354,386 1356,387 1377,407 1399,407 1400,409 1400,413 1399,415 1398,419 1395,422 1392,427 1388,429 1386,431 1383,432 1381,433 1359,434 1248,433 1245,431 1245,421 1246,418 1248,416 1251,412 1254,409 1271,409 1293,387 1352,387"/>
					<TextEquiv>
						<Unicode>αὐτὸν</Unicode>
					</TextEquiv>
				</Word>
				<Word id="r1029">
					<Coords points="1441,387 1446,388 1448,389 1483,389 1499,405 1618,405 1620,406 1628,414 1645,415 1644,418 1622,419 1620,429 1618,430 1617,431 1507,432 1488,433 1470,450 1454,434 1434,433 1432,432 1430,429 1429,420 1427,411 1428,409 1436,395 1437,388"/>
					<TextEquiv>
						<Unicode>ὑφιστα-</Unicode>
					</TextEquiv>
				</Word>
				<TextEquiv>
					<Unicode>προσέβαλε καὶ τῷδε, ὀλίγων μόλις αὐτὸν ὑφιστα-</Unicode>
				</TextEquiv>
			</TextLine>
			<TextLine id="r105">
				<Coords points="1604,451 1606,452 1634,473 1642,474 1646,475 1648,477 1648,482 1645,483 1643,502 1638,504 1527,505 1525,506 936,508 934,510 933,512 931,513 528,514 514,528 232,529 232,524 233,521 235,513 236,510 237,506 238,504 240,494 242,490 267,489 291,465 543,464 1131,458 1132,455 1602,453"/>
				<Word id="r1030">
					<Coords points="291,465 293,466 315,487 393,487 394,489 394,495 393,497 391,502 385,508 375,513 250,515 234,528 232,524 233,521 235,513 236,510 237,506 238,504 240,494 242,491 266,490"/>
					<TextEquiv>
						<Unicode>μένων</Unicode>
					</TextEquiv>
				</Word>
				<Word id="r1031">
					<Coords points="545,464 549,466 550,468 551,471 553,476 555,480 556,498 559,501 558,504 556,507 551,512 518,512 517,515 516,522 514,526 512,528 497,513 450,508 444,497 443,494 444,491 445,489 446,488 448,487 497,485 499,484 523,484"/>
					<TextEquiv>
						<Unicode>περὶ</Unicode>
					</TextEquiv>
				</Word>
				<Word id="r1032">
					<Coords points="655,463 684,482 693,483 699,486 700,489 697,492 695,493 694,511 691,512 684,511 619,509 619,504 610,494 609,490 613,485 623,484"/>
					<TextEquiv>
						<Unicode>τὰς</Unicode>
					</TextEquiv>
				</Word>
				<Word id="r1033">
					<Coords points="815,462 825,467 830,468 834,470 845,480 908,480 915,481 917,482 933,498 936,503 932,511 930,512 925,512 905,510 754,508 751,496 748,486 749,484 751,483 759,482 792,482"/>
					<TextEquiv>
						<Unicode>πύλας,</Unicode>
					</TextEquiv>
				</Word>
				<Word id="r1034">
					<Coords points="1035,461 1041,462 1060,480 1082,482 1081,487 1078,493 1072,499 1066,503 1062,505 992,505 991,501 982,489 981,486 982,484 985,480 1010,480 1028,462"/>
					<TextEquiv>
						<Unicode>τῶν</Unicode>
					</TextEquiv>
				</Word>
				<Word id="r1035">
					<Coords points="1136,455 1140,456 1167,456 1168,458 1169,461 1172,467 1173,473 1174,478 1177,480 1175,482 1174,487 1173,497 1171,503 1167,504 1164,503 1131,502 1129,501 1127,497 1127,488 1128,485 1130,482 1131,457 1132,456"/>
					<TextEquiv>
						<Unicode>δὲ</Unicode>
					</TextEquiv>
				</Word>
				<Word id="r1036">
					<Coords points="1345,455 1367,474 1447,474 1449,475 1450,480 1449,486 1447,489 1441,495 1436,499 1430,502 1429,503 1243,503 1226,499 1219,485 1220,480 1224,478 1246,478 1262,462 1335,462"/>
					<TextEquiv>
						<Unicode>πλεόνων</Unicode>
					</TextEquiv>
				</Word>
				<Word id="r1037">
					<Coords points="1503,455 1507,456 1526,474 1532,476 1534,478 1534,484 1532,485 1531,492 1530,501 1527,504 1525,505 1521,506 1515,502 1494,501 1492,500 1489,498 1488,496 1487,493 1487,487 1488,484 1489,483 1499,465 1500,456"/>
					<TextEquiv>
						<Unicode>ἐς</Unicode>
					</TextEquiv>
				</Word>
				<Word id="r1038">
					<Coords points="1604,452 1606,453 1634,474 1643,475 1647,479 1643,482 1641,502 1638,503 1636,504 1632,501 1569,500 1569,490 1560,478 1563,474 1565,473 1582,473"/>
					<TextEquiv>
						<Unicode>τὰς</Unicode>
					</TextEquiv>
				</Word>
				<TextEquiv>
					<Unicode>μένων περὶ τὰς πύλας, τῶν δὲ πλεόνων ἐς τὰς</Unicode>
				</TextEquiv>
			</TextLine>
			<TextLine id="r106">
				<Coords points="1508,520 1512,522 1641,523 1645,524 1647,525 1648,527 1649,534 1651,542 1652,545 1651,550 1650,554 1649,557 1648,559 1640,567 1638,568 1637,569 1516,569 1513,570 1392,572 1389,573 1385,574 1264,575 1253,586 337,586 326,596 324,595 312,583 243,582 237,579 235,575 235,573 236,569 240,563 244,559 250,557 260,556 358,556 381,533 918,527 983,525 1505,521"/>
				<Word id="r1039">
					<Coords points="382,533 412,554 421,555 423,556 427,560 424,563 422,564 421,580 420,583 417,584 336,585 325,595 311,582 242,581 238,579 237,578 235,574 237,568 238,566 240,563 243,560 249,558 261,556 358,556"/>
					<TextEquiv>
						<Unicode>σκηνὰς</Unicode>
					</TextEquiv>
				</Word>
				<Word id="r1040">
					<Coords points="660,530 682,549 761,549 798,550 799,554 798,559 797,561 794,565 792,568 783,574 780,575 778,576 578,578 550,579 466,580 466,576 467,572 468,570 469,567 470,563 471,560 473,557 475,555 488,554 578,552 592,552 613,531 657,531"/>
					<TextEquiv>
						<Unicode>καταδύντων</Unicode>
					</TextEquiv>
				</Word>
				<Word id="r1041">
					<Coords points="920,527 924,528 926,532 927,535 929,538 930,544 932,551 935,555 936,561 935,566 933,570 927,574 924,575 892,576 874,576 844,575 841,574 839,571 837,555 837,552 846,537 847,531 848,529 850,528 917,528"/>
					<TextEquiv>
						<Unicode>ὑπὸ</Unicode>
					</TextEquiv>
				</Word>
				<Word id="r1042">
					<Coords points="984,525 1025,525 1046,546 1105,546 1111,549 1112,551 1111,555 1109,562 1108,571 1104,576 1100,578 1096,574 985,573 981,572 977,570 976,567 975,565 975,558 976,556 978,554 979,529 980,527"/>
					<TextEquiv>
						<Unicode>δέους</Unicode>
					</TextEquiv>
				</Word>
				<Word id="r1043">
					<Coords points="1213,524 1216,525 1217,527 1218,530 1219,532 1220,535 1222,539 1223,559 1226,562 1224,566 1222,569 1219,571 1178,572 1176,571 1141,569 1144,560 1145,555 1147,549 1149,546 1165,545 1190,545"/>
					<TextEquiv>
						<Unicode>καὶ</Unicode>
					</TextEquiv>
				</Word>
				<Word id="r1044">
					<Coords points="1309,523 1319,530 1322,531 1326,532 1328,533 1339,543 1391,543 1394,544 1396,545 1397,547 1398,550 1396,553 1394,561 1393,570 1391,571 1388,572 1384,573 1264,574 1251,585 1250,581 1251,577 1252,575 1253,571 1254,568 1257,556 1258,553 1259,549 1261,545 1284,545"/>
					<TextEquiv>
						<Unicode>μόλις</Unicode>
					</TextEquiv>
				</Word>
				<Word id="r1045">
					<Coords points="1507,521 1510,522 1512,523 1514,527 1516,530 1518,534 1520,544 1523,546 1524,548 1525,553 1524,559 1523,563 1521,566 1519,567 1515,568 1512,569 1431,569 1429,568 1427,565 1426,547 1426,545 1434,532 1438,522 1505,522"/>
					<TextEquiv>
						<Unicode>ὑπὸ</Unicode>
					</TextEquiv>
				</Word>
				<Word id="r1046">
					<Coords points="1637,523 1642,524 1645,525 1647,526 1648,533 1650,541 1651,544 1648,556 1647,558 1637,568 1571,565 1562,552 1561,549 1562,546 1565,543 1567,542 1603,541 1616,541 1632,525"/>
					<TextEquiv>
						<Unicode>τοῦ</Unicode>
					</TextEquiv>
				</Word>
				<TextEquiv>
					<Unicode>σκηνὰς καταδύντων ὑπὸ δέους καὶ μόλις ὑπὸ τοῦ</Unicode>
				</TextEquiv>
			</TextLine>
			<TextLine id="r107">
				<Coords points="1590,586 1613,609 1648,609 1651,610 1652,613 1650,616 1649,635 1645,637 1611,637 1578,638 1307,640 1295,652 1023,656 1020,658 990,659 835,660 831,662 829,662 827,661 805,661 803,662 310,664 306,666 292,652 243,651 239,649 238,648 236,645 235,641 236,636 237,634 242,629 246,627 252,625 321,623 500,622 516,606 522,603 630,600 634,597 1148,594 1174,593 1348,591 1351,589 1584,588 1589,587"/>
				<Word id="r1047">
					<Coords points="523,603 526,604 528,605 532,614 535,627 534,632 532,636 531,639 527,644 525,646 521,647 472,648 457,663 309,663 307,664 306,665 292,651 242,650 240,649 237,647 235,644 235,640 236,635 239,631 243,628 245,627 251,625 321,623 499,623 516,606 520,604"/>
					<TextEquiv>
						<Unicode>στρατηγοῦ</Unicode>
					</TextEquiv>
				</Word>
				<Word id="r1048">
					<Coords points="635,597 637,598 638,601 643,611 645,633 648,635 645,641 640,646 600,646 562,645 563,643 565,637 566,633 567,628 569,622 576,621 584,620 611,620 633,598"/>
					<TextEquiv>
						<Unicode>καὶ</Unicode>
					</TextEquiv>
				</Word>
				<Word id="r1049">
					<Coords points="728,600 732,601 750,618 774,618 776,622 775,627 774,629 772,632 765,639 760,643 758,644 755,645 753,646 684,645 684,638 675,626 676,621 679,620 703,620 723,601"/>
					<TextEquiv>
						<Unicode>τῶν</Unicode>
					</TextEquiv>
				</Word>
				<Word id="r1050">
					<Coords points="949,596 970,614 1096,616 1096,623 1095,625 1094,628 1092,630 1090,633 1087,635 1086,637 1083,639 1079,641 1076,642 1075,643 1036,643 1023,655 1021,656 1019,658 834,659 832,660 802,661 801,662 801,625 802,623 805,620 834,617 848,617 861,604 863,603 940,603"/>
					<TextEquiv>
						<Unicode>χιλιάρχων</Unicode>
					</TextEquiv>
				</Word>
				<Word id="r1051">
					<Coords points="1352,589 1354,590 1374,610 1451,610 1453,612 1454,617 1465,634 1463,637 1433,638 1307,639 1294,652 1178,652 1166,653 1148,640 1142,639 1139,638 1136,632 1135,628 1136,624 1138,620 1140,617 1147,603 1149,594 1174,593 1348,591 1351,590"/>
					<TextEquiv>
						<Unicode>ἐξαγομένων.</Unicode>
					</TextEquiv>
				</Word>
				<Word id="r1052">
					<Coords points="1589,587 1612,609 1647,609 1650,610 1650,613 1648,614 1647,635 1646,636 1610,636 1577,637 1546,637 1546,630 1537,618 1538,614 1539,613 1543,611 1562,611 1586,588"/>
					<TextEquiv>
						<Unicode>τότε</Unicode>
					</TextEquiv>
				</Word>
				<TextEquiv>
					<Unicode>στρατηγοῦ καὶ τῶν χιλιάρχων ἐξαγομένων. τότε</Unicode>
				</TextEquiv>
			</TextLine>
			<TextLine id="r108">
				<Coords points="1327,659 1610,659 1612,660 1637,679 1646,680 1650,682 1651,685 1649,688 1647,696 1646,705 1641,710 1568,710 1557,721 249,721 237,731 235,729 239,717 243,701 245,695 253,693 283,670 567,669 643,667 645,665 818,664 820,662 826,664 1324,661 1326,660"/>
				<Word id="r1053">
					<Coords points="285,670 309,692 326,693 326,700 325,702 324,705 321,708 319,711 315,714 307,718 306,719 248,719 236,730 235,728 239,716 243,700 244,697 246,695 254,694"/>
					<TextEquiv>
						<Unicode>μὲν</Unicode>
					</TextEquiv>
				</Word>
				<Word id="r1054">
					<Coords points="410,670 434,690 451,690 451,697 449,703 448,705 439,713 436,715 432,716 430,717 377,717 372,716 368,714 366,710 366,703 367,700 368,698 370,695 373,693 375,692 378,691 384,691 402,673"/>
					<TextEquiv>
						<Unicode>οὖν</Unicode>
					</TextEquiv>
				</Word>
				<Word id="r1055">
					<Coords points="647,665 674,689 676,690 677,691 679,694 676,698 674,699 673,715 671,716 666,719 661,715 504,714 502,712 491,698 490,696 489,692 490,688 504,672 505,670 642,667 645,666"/>
					<TextEquiv>
						<Unicode>Φάνιός</Unicode>
					</TextEquiv>
				</Word>
				<Word id="r1056">
					<Coords points="754,686 758,687 761,691 775,708 774,712 772,715 771,717 767,719 759,716 715,712 715,704 706,693 707,690 708,688 709,687 751,687"/>
					<TextEquiv>
						<Unicode>τε,</Unicode>
					</TextEquiv>
				</Word>
				<Word id="r1057">
					<Coords points="820,663 824,664 826,691 827,693 827,700 826,705 823,709 818,712 815,712 810,711 807,709 805,706 805,695 806,692 808,689 811,687 815,686 816,667 817,665"/>
					<TextEquiv>
						<Unicode>ὁ</Unicode>
					</TextEquiv>
				</Word>
				<Word id="r1058">
					<Coords points="1015,663 1037,683 1077,683 1078,686 1078,688 1077,692 1076,695 1073,701 1071,704 1068,707 1065,708 1063,709 1034,710 857,709 861,704 865,698 869,686 871,684 872,679 874,675 875,671 876,668 878,666 1012,665"/>
					<TextEquiv>
						<Unicode>Λαιλίου</Unicode>
					</TextEquiv>
				</Word>
				<Word id="r1059">
					<Coords points="1327,659 1329,660 1350,681 1353,682 1356,684 1357,687 1369,700 1370,704 1369,709 1367,713 1363,715 1320,716 1319,719 1155,720 1145,710 1105,709 1104,706 1105,702 1107,696 1108,694 1109,691 1110,687 1111,685 1112,684 1114,683 1142,682 1162,682 1181,663 1183,662 1325,661"/>
					<TextEquiv>
						<Unicode>κηδεστής,</Unicode>
					</TextEquiv>
				</Word>
				<Word id="r1060">
					<Coords points="1608,659 1612,661 1638,680 1646,681 1648,682 1650,684 1648,687 1645,688 1643,707 1568,709 1557,720 1472,720 1459,707 1401,706 1399,670 1398,666 1399,665 1600,663 1603,660 1606,660"/>
					<TextEquiv>
						<Unicode>λαμπρῶς</Unicode>
					</TextEquiv>
				</Word>
				<TextEquiv>
					<Unicode>μὲν οὖν Φάνιός τε, ὁ Λαιλίου κηδεστής, λαμπρῶς</Unicode>
				</TextEquiv>
			</TextLine>
			<TextLine id="r109">
				<Coords points="1548,725 1571,746 1657,746 1660,751 1660,758 1658,764 1655,767 1652,769 1649,770 1613,775 1567,773 1545,774 1494,775 1478,791 718,792 712,795 278,799 273,803 271,803 269,802 253,800 240,780 237,770 253,747 254,740 255,739 315,737 1275,728 1279,726 1545,726"/>
				<Word id="r1061">
					<Coords points="318,737 341,757 473,757 476,758 477,762 491,779 492,782 491,785 490,787 486,791 484,792 483,793 282,793 271,802 260,800 253,796 243,785 241,779 237,771 240,766 254,745 255,739 314,739"/>
					<TextEquiv>
						<Unicode>ἠρίστευε,</Unicode>
					</TextEquiv>
				</Word>
				<Word id="r1062">
					<Coords points="596,735 599,737 601,741 602,744 605,750 607,770 609,774 608,776 607,779 604,781 562,783 522,783 522,778 523,775 525,767 526,765 528,759 545,757 567,756 574,756"/>
					<TextEquiv>
						<Unicode>καὶ</Unicode>
					</TextEquiv>
				</Word>
				<Word id="r1063">
					<Coords points="677,734 718,737 727,740 729,742 727,746 726,762 725,764 721,766 720,789 719,791 716,792 712,794 708,795 694,783 638,782 638,757 654,757"/>
					<TextEquiv>
						<Unicode>νὺξ</Unicode>
					</TextEquiv>
				</Word>
				<Word id="r1064">
					<Coords points="919,732 926,735 981,735 983,736 1000,753 1060,753 1062,767 1064,768 1063,771 1059,776 1058,777 1010,777 944,779 816,780 800,781 773,781 769,779 766,775 765,773 765,770 767,763 768,761 777,752 778,735 914,734"/>
					<TextEquiv>
						<Unicode>ἐπελθοῦσα</Unicode>
					</TextEquiv>
				</Word>
				<Word id="r1065">
					<Coords points="1280,726 1282,727 1304,749 1359,749 1364,750 1367,752 1368,756 1367,758 1364,759 1363,775 1362,778 1359,779 1204,780 1191,791 1176,778 1106,778 1106,759 1088,740 1087,736 1088,732 1089,730 1275,729 1277,727 1279,727"/>
					<TextEquiv>
						<Unicode>Ῥωμαίους</Unicode>
					</TextEquiv>
				</Word>
				<Word id="r1066">
					<Coords points="1547,726 1569,746 1626,749 1648,752 1651,753 1651,756 1629,757 1626,766 1623,769 1620,771 1617,772 1494,774 1476,791 1460,776 1414,775 1412,774 1409,761 1406,753 1407,751 1408,750 1411,749 1413,748 1463,747 1525,747"/>
					<TextEquiv>
						<Unicode>περιέσω-</Unicode>
					</TextEquiv>
				</Word>
				<TextEquiv>
					<Unicode>ἠρίστευε, καὶ νὺξ ἐπελθοῦσα Ῥωμαίους περιέσω-</Unicode>
				</TextEquiv>
			</TextLine>
			<TextLine id="r110">
				<Coords points="1579,792 1602,813 1650,813 1655,831 1654,834 1650,838 1648,839 1642,841 1641,858 1636,859 905,860 903,861 641,864 637,866 626,855 247,854 245,853 242,851 240,838 242,836 243,833 249,830 252,829 260,828 394,825 397,805 1097,793 1576,794"/>
				<Word id="r1067">
					<Coords points="333,827 341,828 343,829 344,832 343,834 341,836 335,837 318,849 315,851 311,853 310,854 246,853 242,851 240,844 240,838 242,836 243,833 249,830 252,829 260,828 325,828"/>
					<TextEquiv>
						<Unicode>σεν·</Unicode>
					</TextEquiv>
				</Word>
				<Word id="r1068">
					<Coords points="402,805 406,832 407,835 407,842 406,846 403,850 395,853 391,853 387,851 384,844 384,839 385,835 387,833 389,830 391,828 395,826 396,811 397,806"/>
					<TextEquiv>
						<Unicode>ὁ</Unicode>
					</TextEquiv>
				</Word>
				<Word id="r1069">
					<Coords points="464,804 494,804 495,806 496,809 499,815 501,825 504,828 502,831 501,850 497,851 468,852 462,852 460,851 456,850 454,847 453,843 453,839 455,835 456,832 457,830 458,806 460,805 463,805"/>
					<TextEquiv>
						<Unicode>δὲ</Unicode>
					</TextEquiv>
				</Word>
				<Word id="r1070">
					<Coords points="684,801 687,802 782,802 785,803 804,822 838,822 840,823 843,825 844,827 844,829 843,831 840,840 839,849 834,853 832,854 650,854 639,864 637,865 623,852 572,851 570,850 564,848 562,846 561,844 557,839 555,835 554,828 555,821 556,818 557,816 563,809 567,807 570,806 576,805 616,804 618,803 680,803"/>
					<TextEquiv>
						<Unicode>Οὐρίατθος</Unicode>
					</TextEquiv>
				</Word>
				<Word id="r1071">
					<Coords points="902,800 904,801 905,803 906,806 908,810 909,813 911,823 912,825 913,828 913,833 912,837 910,843 909,847 907,853 906,858 902,860 901,861 887,841 883,830 884,827 894,812 899,802"/>
					<TextEquiv>
						<Unicode>ἢ</Unicode>
					</TextEquiv>
				</Word>
				<Word id="r1072">
					<Coords points="1095,796 1124,819 1131,820 1134,821 1138,825 1135,828 1133,829 1131,848 1126,850 1124,850 1122,849 959,847 959,822 961,821 996,820 1070,820"/>
					<TextEquiv>
						<Unicode>νυκτὸς</Unicode>
					</TextEquiv>
				</Word>
				<Word id="r1073">
					<Coords points="1194,798 1197,800 1199,806 1200,808 1201,811 1203,820 1205,823 1205,831 1203,839 1202,841 1201,844 1199,852 1198,855 1197,857 1194,858 1193,857 1180,838 1176,827 1177,824 1178,822 1186,810 1193,799"/>
					<TextEquiv>
						<Unicode>ἢ</Unicode>
					</TextEquiv>
				</Word>
				<Word id="r1074">
					<Coords points="1344,794 1367,815 1503,815 1506,816 1509,818 1510,825 1507,826 1506,841 1505,843 1501,847 1366,847 1352,859 1337,846 1250,845 1249,843 1251,835 1252,832 1253,830 1255,824 1256,822 1257,819 1271,818 1295,817 1319,817"/>
					<TextEquiv>
						<Unicode>καύματος</Unicode>
					</TextEquiv>
				</Word>
				<Word id="r1075">
					<Coords points="1579,793 1600,813 1649,813 1650,816 1652,828 1654,830 1653,833 1648,838 1646,839 1642,840 1640,841 1638,858 1635,859 1591,859 1574,842 1557,841 1553,840 1552,839 1550,835 1549,830 1550,824 1552,820 1562,805 1563,798 1565,797 1571,796"/>
					<TextEquiv>
						<Unicode>ὥρᾳ</Unicode>
					</TextEquiv>
				</Word>
				<TextEquiv>
					<Unicode>σεν· ὁ δὲ Οὐρίατθος ἢ νυκτὸς ἢ καύματος ὥρᾳ</Unicode>
				</TextEquiv>
			</TextLine>
			<TextLine id="r111">
				<Coords points="1493,861 1517,883 1618,883 1654,884 1654,891 1652,897 1649,901 1646,904 1642,907 1639,908 1637,910 1613,910 1568,911 1556,923 321,928 311,937 296,923 243,922 240,920 238,917 238,903 239,901 240,897 241,895 243,893 244,890 245,888 256,877 260,875 931,868 933,867 1451,863 1490,862"/>
				<Word id="r1076">
					<Coords points="412,874 416,875 417,878 418,880 419,883 421,887 428,902 430,910 430,915 427,919 341,921 325,922 310,936 295,922 242,921 240,920 238,917 238,903 239,901 240,897 241,895 243,893 244,890 245,888 256,877 260,875 408,875"/>
					<TextEquiv>
						<Unicode>θαμινὰ</Unicode>
					</TextEquiv>
				</Word>
				<Word id="r1077">
					<Coords points="609,872 640,893 648,896 663,913 661,921 658,924 655,925 649,921 501,920 499,919 496,918 491,910 492,905 493,902 494,900 504,890 504,873 606,873"/>
					<TextEquiv>
						<Unicode>ἐπιών,</Unicode>
					</TextEquiv>
				</Word>
				<Word id="r1078">
					<Coords points="806,870 809,871 810,874 815,884 817,904 819,909 817,911 815,915 734,916 734,911 735,908 736,906 737,901 738,899 739,895 740,892 742,891 757,890 784,890"/>
					<TextEquiv>
						<Unicode>καὶ</Unicode>
					</TextEquiv>
				</Word>
				<Word id="r1079">
					<Coords points="934,867 936,868 937,891 937,898 936,901 931,911 927,914 924,915 892,916 887,916 884,915 881,913 880,900 881,897 882,895 886,891 890,889 901,889 924,871 932,868"/>
					<TextEquiv>
						<Unicode>οὔ</Unicode>
					</TextEquiv>
				</Word>
				<Word id="r1080">
					<Coords points="1040,888 1109,888 1110,902 1112,904 1110,908 1107,913 1060,913 1058,914 1013,915 1009,915 1008,911 1000,899 999,896 1000,893 1005,890 1010,889 1039,889"/>
					<TextEquiv>
						<Unicode>τινα</Unicode>
					</TextEquiv>
				</Word>
				<Word id="r1081">
					<Coords points="1306,865 1328,885 1350,886 1350,893 1349,897 1347,899 1346,901 1345,902 1343,903 1342,905 1339,908 1333,911 1332,912 1313,912 1311,913 1278,914 1266,924 1253,913 1189,912 1173,911 1176,902 1177,900 1178,897 1179,893 1180,890 1181,888 1182,887 1198,886 1283,886"/>
					<TextEquiv>
						<Unicode>καιρὸν</Unicode>
					</TextEquiv>
				</Word>
				<Word id="r1082">
					<Coords points="1492,862 1515,883 1617,883 1653,887 1652,893 1651,896 1648,900 1644,904 1640,907 1637,909 1612,909 1568,910 1553,923 1541,912 1413,911 1409,910 1407,907 1407,900 1408,897 1409,895 1422,882 1423,865 1450,863 1489,863"/>
					<TextEquiv>
						<Unicode>ἀδόκητον</Unicode>
					</TextEquiv>
				</Word>
				<TextEquiv>
					<Unicode>θαμινὰ ἐπιών, καὶ οὔ τινα καιρὸν ἀδόκητον</Unicode>
				</TextEquiv>
			</TextLine>
			<TextLine id="r112">
				<Coords points="1540,930 1542,931 1562,951 1621,951 1646,952 1650,953 1653,955 1654,957 1654,961 1650,962 1649,979 1648,982 1643,983 1451,984 1438,996 1437,997 561,1003 556,1004 555,1000 554,997 498,994 248,990 245,989 243,988 239,982 239,976 240,973 242,970 244,968 252,953 254,944 368,936 1089,935 1140,933 1537,932 1539,931"/>
				<Word id="r1083">
					<Coords points="377,939 379,940 403,963 495,963 496,966 511,985 510,990 508,993 499,992 247,989 244,988 243,987 240,983 239,979 240,975 241,972 244,968 253,954 254,946 371,944"/>
					<TextEquiv>
						<Unicode>ἐκλείπων,</Unicode>
					</TextEquiv>
				</Word>
				<Word id="r1084">
					<Coords points="688,943 693,944 712,961 716,962 720,964 722,967 720,969 718,970 717,984 716,987 714,988 712,990 572,991 557,1003 555,989 537,970 539,966 544,963 563,946 565,945 684,944"/>
					<TextEquiv>
						<Unicode>ψιλοῖς</Unicode>
					</TextEquiv>
				</Word>
				<Word id="r1085">
					<Coords points="835,936 918,936 939,957 975,958 976,965 979,973 978,976 976,979 975,981 973,982 874,985 857,1000 841,986 766,985 764,984 762,981 761,979 761,975 762,972 764,970 765,967 766,966 776,948 777,939 832,939"/>
					<TextEquiv>
						<Unicode>ἀνδράσι</Unicode>
					</TextEquiv>
				</Word>
				<Word id="r1086">
					<Coords points="1091,935 1095,937 1098,946 1100,950 1102,970 1105,973 1103,977 1097,983 1094,983 1019,981 1021,975 1022,973 1024,968 1025,963 1026,960 1034,958 1042,957 1068,957"/>
					<TextEquiv>
						<Unicode>καὶ</Unicode>
					</TextEquiv>
				</Word>
				<Word id="r1087">
					<Coords points="1146,933 1172,953 1298,953 1303,954 1306,955 1309,957 1310,959 1310,962 1308,964 1306,965 1305,982 1302,984 1296,985 1293,983 1158,982 1137,980 1135,979 1134,977 1133,945 1133,939 1134,937 1136,935 1139,934"/>
					<TextEquiv>
						<Unicode>ἵπποις</Unicode>
					</TextEquiv>
				</Word>
				<Word id="r1088">
					<Coords points="1540,931 1562,952 1645,952 1649,953 1652,955 1651,961 1648,962 1647,979 1645,982 1642,983 1450,983 1436,997 1327,997 1337,988 1337,958 1338,956 1342,954 1439,952 1517,952 1537,932"/>
					<TextEquiv>
						<Unicode>ταχυτάτοις</Unicode>
					</TextEquiv>
				</Word>
				<TextEquiv>
					<Unicode>ἐκλείπων, ψιλοῖς ἀνδράσι καὶ ἵπποις ταχυτάτοις</Unicode>
				</TextEquiv>
			</TextLine>
			<TextLine id="r113">
				<Coords points="1327,997 1330,999 1613,998 1635,1020 1654,1020 1655,1022 1655,1028 1654,1030 1653,1034 1651,1037 1645,1043 1642,1045 1636,1047 1382,1049 1367,1064 1068,1065 1057,1068 1027,1069 380,1072 374,1075 372,1075 344,1073 256,1072 242,1052 238,1041 242,1035 254,1018 256,1012 258,1011 328,1010 330,1009 1321,1003"/>
				<Word id="r1089">
					<Coords points="331,1009 333,1010 340,1016 389,1016 392,1017 396,1019 408,1031 460,1031 463,1045 464,1049 463,1051 461,1054 458,1056 439,1057 437,1058 392,1059 378,1072 376,1073 371,1074 367,1073 345,1072 255,1071 255,1067 244,1055 243,1050 238,1041 242,1035 255,1018 256,1013 257,1011 330,1010"/>
					<TextEquiv>
						<Unicode>ἠνώχλει</Unicode>
					</TextEquiv>
				</Word>
				<Word id="r1090">
					<Coords points="576,1012 582,1013 599,1029 603,1030 606,1031 608,1032 611,1035 609,1038 607,1039 605,1056 602,1059 599,1060 595,1057 516,1055 515,1050 507,1036 508,1032 510,1031 554,1031 571,1014 574,1013"/>
					<TextEquiv>
						<Unicode>τοῖς</Unicode>
					</TextEquiv>
				</Word>
				<Word id="r1091">
					<Coords points="841,1006 865,1026 889,1026 914,1028 918,1029 920,1033 920,1035 916,1036 914,1054 912,1057 911,1058 801,1058 788,1069 775,1057 659,1056 658,1051 651,1038 652,1034 654,1032 656,1031 663,1030 669,1029 709,1029 725,1013 831,1013"/>
					<TextEquiv>
						<Unicode>πολεμίοις</Unicode>
					</TextEquiv>
				</Word>
				<Word id="r1092">
					<Coords points="1018,1005 1040,1024 1111,1030 1114,1039 1114,1042 1113,1045 1110,1048 1106,1050 1081,1051 1071,1052 1070,1054 1069,1060 1068,1064 1063,1065 1057,1067 1056,1068 1024,1068 960,1064 961,1059 963,1053 965,1045 966,1042 967,1038 969,1032 970,1028 971,1027 987,1026 995,1026"/>
					<TextEquiv>
						<Unicode>μέχρι</Unicode>
					</TextEquiv>
				</Word>
				<Word id="r1093">
					<Coords points="1200,1004 1222,1024 1245,1024 1245,1031 1244,1034 1242,1037 1240,1041 1235,1043 1234,1046 1231,1047 1229,1048 1226,1049 1224,1050 1169,1050 1168,1046 1160,1033 1159,1030 1160,1027 1161,1025 1177,1025"/>
					<TextEquiv>
						<Unicode>τὸν</Unicode>
					</TextEquiv>
				</Word>
				<Word id="r1094">
					<Coords points="1327,998 1329,999 1613,999 1634,1020 1653,1020 1653,1028 1652,1030 1651,1035 1647,1040 1642,1044 1638,1045 1635,1046 1382,1048 1365,1064 1354,1053 1328,1051 1297,1048 1296,1048 1295,1007 1295,1004 1320,1004"/>
					<TextEquiv>
						<Unicode>Σερουιλιανὸν</Unicode>
					</TextEquiv>
				</Word>
				<TextEquiv>
					<Unicode>ἠνώχλει τοῖς πολεμίοις μέχρι τὸν Σερουιλιανὸν</Unicode>
				</TextEquiv>
			</TextLine>
			<TextLine id="r114">
				<Coords points="412,1077 414,1078 763,1079 766,1080 781,1095 863,1095 880,1112 882,1113 883,1117 880,1122 779,1123 765,1137 507,1137 501,1135 269,1130 247,1127 244,1126 242,1124 240,1121 239,1116 240,1110 251,1098 251,1081 253,1080 411,1078"/>
				<Word id="r1095">
					<Coords points="255,1080 281,1103 283,1104 286,1108 284,1111 282,1119 281,1128 277,1130 272,1128 253,1127 246,1126 242,1124 239,1120 239,1115 240,1110 251,1099 251,1081"/>
					<TextEquiv>
						<Unicode>ἐς</Unicode>
					</TextEquiv>
				</Word>
				<Word id="r1096">
					<Coords points="412,1078 412,1079 414,1079 414,1080 416,1080 416,1081 417,1081 417,1082 418,1082 418,1083 419,1083 419,1084 420,1084 420,1085 421,1085 421,1086 422,1086 422,1087 423,1087 423,1088 424,1088 424,1089 425,1089 425,1090 426,1090 426,1091 427,1091 427,1092 428,1092 428,1093 429,1093 429,1094 430,1094 430,1095 431,1095 431,1096 432,1096 432,1097 433,1097 433,1098 434,1098 434,1099 545,1099 545,1105 544,1105 544,1109 543,1109 543,1111 542,1111 542,1112 541,1112 541,1114 540,1114 540,1116 539,1116 539,1117 537,1117 537,1118 536,1118 536,1119 535,1119 535,1120 533,1120 533,1121 531,1121 531,1122 529,1122 529,1123 528,1123 528,1124 511,1124 511,1125 510,1125 510,1127 509,1127 509,1131 508,1131 508,1134 507,1134 507,1135 506,1135 506,1136 506,1135 504,1135 504,1134 503,1134 503,1133 502,1133 502,1132 501,1132 501,1131 499,1131 499,1130 498,1130 498,1129 497,1129 497,1128 496,1128 496,1127 495,1127 495,1126 328,1126 328,1127 328,1107 327,1107 327,1106 326,1106 326,1105 325,1105 325,1103 324,1103 324,1102 323,1102 323,1101 322,1101 322,1099 321,1099 321,1098 320,1098 320,1097 319,1097 319,1095 318,1095 318,1094 317,1094 317,1093 316,1093 316,1091 315,1091 315,1090 314,1090 314,1089 313,1089 313,1088 312,1088 312,1085 311,1085 311,1082 310,1082 312,1082 312,1081 314,1081 314,1080 409,1080 409,1079 412,1079"/>
					<TextEquiv>
						<Unicode>Ἰτύκκην</Unicode>
					</TextEquiv>
				</Word>
				<Word id="r1098">
					<Coords points="585,1079 762,1079 765,1080 780,1095 862,1095 882,1115 879,1121 779,1122 763,1136 750,1125 576,1124 572,1122 570,1115 571,1111 573,1108 574,1106 585,1095"/>
					<TextEquiv>
						<Unicode>ἀναστῆσαι.</Unicode>
					</TextEquiv>
				</Word>
				<TextEquiv>
					<Unicode>ἐς Ἰτύκκην ἀναστῆσαι.</Unicode>
				</TextEquiv>
			</TextLine>
			<TextLine id="r115">
				<Coords points="1495,1134 1500,1137 1594,1137 1598,1138 1617,1157 1647,1157 1650,1158 1654,1160 1655,1163 1655,1166 1652,1167 1650,1181 1648,1182 1620,1182 1618,1183 1581,1184 1466,1185 1451,1200 808,1207 681,1205 671,1195 321,1194 319,1193 316,1191 313,1186 311,1180 311,1167 313,1164 316,1159 319,1155 322,1153 428,1151 431,1148 489,1146 494,1144 1331,1138 1334,1136 1492,1136"/>
				<Word id="r1099">
					<Coords points="323,1153 361,1153 363,1154 366,1156 368,1159 369,1168 388,1187 389,1190 388,1193 320,1193 318,1192 315,1190 313,1186 311,1180 311,1167 312,1165 314,1163 315,1160 318,1156 322,1154"/>
					<TextEquiv>
						<Unicode>68.</Unicode>
					</TextEquiv>
				</Word>
				<Word id="r1100">
					<Coords points="494,1144 494,1145 496,1145 496,1146 497,1146 497,1147 498,1147 498,1148 499,1148 499,1149 500,1149 500,1150 501,1150 501,1151 502,1151 502,1152 503,1152 503,1153 504,1153 504,1154 505,1154 505,1155 506,1155 506,1156 507,1156 507,1157 508,1157 508,1158 509,1158 509,1159 510,1159 510,1160 511,1160 511,1161 512,1161 512,1162 513,1162 513,1163 514,1163 514,1164 515,1164 515,1165 516,1165 516,1166 517,1166 517,1167 518,1167 518,1168 557,1168 557,1170 556,1170 556,1172 555,1172 555,1173 554,1173 554,1191 552,1191 552,1192 549,1192 549,1193 441,1193 441,1192 439,1192 439,1170 438,1170 438,1169 437,1169 437,1168 436,1168 436,1167 435,1167 435,1166 434,1166 434,1165 433,1165 433,1164 432,1164 432,1163 431,1163 431,1162 430,1162 430,1161 429,1161 429,1157 428,1157 429,1157 429,1152 430,1152 430,1149 432,1149 432,1148 490,1148 490,1146 492,1146 492,1145 494,1145"/>
					<TextEquiv>
						<Unicode>Tότε</Unicode>
					</TextEquiv>
				</Word>
				<Word id="r1102">
					<Coords points="592,1145 624,1145 630,1157 631,1166 633,1167 633,1171 632,1191 628,1193 591,1192 588,1190 586,1186 585,1176 586,1174 588,1172 589,1147 590,1146"/>
					<TextEquiv>
						<Unicode>δὲ</Unicode>
					</TextEquiv>
				</Word>
				<Word id="r1103">
					<Coords points="707,1144 712,1145 715,1147 735,1166 753,1166 754,1168 755,1173 755,1177 753,1185 752,1188 749,1200 748,1202 745,1205 681,1205 666,1191 663,1178 661,1173 662,1172 672,1155 673,1148 685,1146 703,1145"/>
					<TextEquiv>
						<Unicode>ἤδη</Unicode>
					</TextEquiv>
				</Word>
				<Word id="r1104">
					<Coords points="933,1145 941,1147 957,1162 980,1162 981,1166 980,1170 979,1173 977,1177 971,1182 966,1187 963,1188 962,1189 940,1189 902,1190 886,1206 808,1206 791,1192 787,1191 787,1183 778,1172 779,1168 785,1166 791,1165 822,1164 876,1164 894,1146 927,1146"/>
					<TextEquiv>
						<Unicode>τροφῶν</Unicode>
					</TextEquiv>
				</Word>
				<Word id="r1105">
					<Coords points="1057,1161 1062,1164 1060,1168 1059,1186 1057,1187 1017,1187 1017,1180 1009,1171 1008,1168 1011,1163 1013,1162 1054,1162"/>
					<TextEquiv>
						<Unicode>τε</Unicode>
					</TextEquiv>
				</Word>
				<Word id="r1106">
					<Coords points="1108,1140 1112,1142 1252,1142 1255,1143 1257,1144 1273,1160 1297,1161 1298,1163 1296,1169 1294,1172 1293,1174 1284,1183 1280,1185 1279,1186 1255,1186 1215,1187 1198,1202 1183,1188 1093,1186 1092,1185 1090,1182 1089,1179 1090,1175 1091,1172 1093,1168 1104,1149"/>
					<TextEquiv>
						<Unicode>ἀπορῶν</Unicode>
					</TextEquiv>
				</Word>
				<Word id="r1107">
					<Coords points="1336,1136 1340,1138 1340,1177 1337,1183 1334,1185 1329,1186 1323,1185 1320,1181 1319,1179 1318,1175 1319,1170 1320,1167 1322,1164 1324,1162 1329,1160 1331,1138 1334,1137"/>
					<TextEquiv>
						<Unicode>ὁ</Unicode>
					</TextEquiv>
				</Word>
				<Word id="r1108">
					<Coords points="1495,1135 1499,1137 1593,1137 1597,1138 1616,1157 1646,1157 1649,1158 1653,1160 1652,1166 1649,1174 1619,1181 1617,1182 1580,1183 1466,1184 1449,1200 1434,1186 1386,1185 1381,1184 1378,1183 1376,1182 1372,1179 1368,1174 1367,1171 1365,1163 1365,1156 1366,1153 1369,1150 1372,1144 1375,1142 1381,1140 1491,1136 1493,1136"/>
					<TextEquiv>
						<Unicode>Οὐρίατθος</Unicode>
					</TextEquiv>
				</Word>
				<TextEquiv>
					<Unicode>68. Tότε δὲ ἤδη τροφῶν τε ἀπορῶν ὁ Οὐρίατθος</Unicode>
				</TextEquiv>
			</TextLine>
			<TextLine id="r116">
				<Coords points="1553,1204 1575,1225 1624,1225 1649,1226 1653,1227 1656,1229 1656,1234 1653,1235 1652,1253 1651,1255 1649,1256 1648,1257 1555,1257 1544,1268 817,1272 813,1275 808,1276 563,1277 550,1264 239,1263 239,1258 240,1256 241,1253 244,1247 245,1241 246,1239 248,1238 263,1237 297,1237 314,1220 402,1216 401,1208 1550,1206"/>
				<Word id="r1109">
					<Coords points="316,1220 321,1223 325,1231 327,1251 328,1255 327,1257 326,1260 323,1263 239,1261 240,1257 241,1255 242,1252 243,1250 245,1244 246,1240 247,1239 264,1237 297,1237"/>
					<TextEquiv>
						<Unicode>καὶ</Unicode>
					</TextEquiv>
				</Word>
				<Word id="r1110">
					<Coords points="407,1213 432,1236 452,1236 454,1237 455,1240 454,1242 452,1248 449,1252 447,1253 446,1255 441,1259 433,1263 376,1262 376,1256 367,1243 370,1238 377,1237"/>
					<TextEquiv>
						<Unicode>τὸν</Unicode>
					</TextEquiv>
				</Word>
				<Word id="r1111">
					<Coords points="674,1211 697,1233 719,1234 719,1239 718,1244 717,1247 716,1249 707,1257 699,1261 600,1262 579,1263 564,1276 548,1262 505,1261 499,1260 497,1259 495,1255 494,1252 494,1247 496,1245 499,1241 502,1238 507,1237 509,1236 522,1235 577,1234 650,1234"/>
					<TextEquiv>
						<Unicode>στρατὸν</Unicode>
					</TextEquiv>
				</Word>
				<Word id="r1112">
					<Coords points="809,1208 885,1208 885,1231 888,1232 889,1237 888,1241 887,1243 883,1249 878,1254 876,1255 873,1257 869,1259 830,1259 817,1271 815,1272 810,1275 807,1276 781,1276 764,1260 760,1258 758,1255 756,1251 755,1248 757,1242 758,1240 761,1231 762,1220 763,1214 769,1213 776,1212 778,1211 806,1211"/>
					<TextEquiv>
						<Unicode>ἔχων</Unicode>
					</TextEquiv>
				</Word>
				<Word id="r1113">
					<Coords points="1018,1208 1041,1230 1120,1230 1123,1231 1140,1248 1143,1253 1142,1257 1140,1260 1137,1263 1135,1264 1128,1258 933,1257 931,1256 930,1255 928,1252 927,1250 926,1247 927,1243 928,1240 929,1238 938,1229 939,1212 1014,1211"/>
					<TextEquiv>
						<Unicode>ἐλάττω,</Unicode>
					</TextEquiv>
				</Word>
				<Word id="r1114">
					<Coords points="1308,1207 1331,1228 1347,1228 1350,1230 1351,1233 1351,1236 1347,1237 1346,1256 1343,1257 1341,1258 1336,1257 1172,1256 1171,1232 1173,1230 1191,1229 1224,1228 1286,1228"/>
					<TextEquiv>
						<Unicode>νυκτὸς</Unicode>
					</TextEquiv>
				</Word>
				<Word id="r1115">
					<Coords points="1553,1205 1575,1226 1648,1226 1652,1227 1654,1228 1653,1234 1651,1235 1650,1253 1649,1255 1648,1256 1555,1256 1543,1268 1410,1268 1396,1255 1393,1254 1388,1249 1387,1243 1388,1237 1389,1235 1399,1225 1399,1208 1549,1207"/>
					<TextEquiv>
						<Unicode>ἐμπρήσας</Unicode>
					</TextEquiv>
				</Word>
				<TextEquiv>
					<Unicode>καὶ τὸν στρατὸν ἔχων ἐλάττω, νυκτὸς ἐμπρήσας</Unicode>
				</TextEquiv>
			</TextLine>
			<TextLine id="r117">
				<Coords points="1646,1271 1647,1272 1650,1278 1653,1282 1654,1284 1658,1307 1660,1311 1658,1315 1656,1318 1653,1320 1479,1321 1457,1322 1410,1323 1395,1338 1345,1339 1339,1341 424,1344 419,1347 405,1333 251,1332 250,1328 241,1316 240,1313 241,1310 243,1307 249,1306 257,1305 282,1283 1099,1278 1102,1275 1378,1274 1380,1273 1644,1273"/>
				<Word id="r1116">
					<Coords points="282,1283 284,1284 285,1285 288,1291 290,1294 291,1297 292,1305 295,1307 297,1310 298,1313 298,1317 296,1323 292,1329 288,1331 285,1332 250,1331 250,1326 241,1316 240,1313 243,1307 248,1306 259,1306"/>
					<TextEquiv>
						<Unicode>τὸ</Unicode>
					</TextEquiv>
				</Word>
				<Word id="r1117">
					<Coords points="537,1282 630,1282 633,1283 636,1285 638,1286 654,1302 701,1302 702,1306 702,1309 701,1311 700,1314 698,1316 694,1322 692,1323 688,1326 686,1327 683,1328 681,1329 436,1331 422,1344 420,1345 419,1346 404,1331 356,1330 353,1328 351,1324 351,1317 353,1314 355,1310 358,1308 361,1307 366,1306 370,1305 379,1304 515,1304"/>
					<TextEquiv>
						<Unicode>στρατόπεδον</Unicode>
					</TextEquiv>
				</Word>
				<Word id="r1118">
					<Coords points="767,1281 792,1303 795,1304 798,1306 799,1308 796,1311 794,1319 793,1328 790,1331 787,1332 780,1327 758,1326 754,1323 751,1317 751,1314 752,1310 753,1308 764,1289 765,1282"/>
					<TextEquiv>
						<Unicode>ἐς</Unicode>
					</TextEquiv>
				</Word>
				<Word id="r1119">
					<Coords points="1104,1275 1127,1296 1170,1296 1171,1298 1172,1301 1172,1304 1169,1310 1168,1313 1162,1319 1159,1321 1155,1323 1152,1324 1150,1325 849,1326 848,1325 858,1314 860,1308 863,1302 864,1299 867,1293 868,1289 870,1283 871,1281 1098,1278"/>
					<TextEquiv>
						<Unicode>Λυσιτανίαν</Unicode>
					</TextEquiv>
				</Word>
				<Word id="r1120">
					<Coords points="1381,1273 1404,1295 1463,1295 1464,1297 1482,1317 1480,1320 1478,1321 1456,1321 1410,1322 1394,1338 1344,1338 1338,1340 1310,1341 1293,1324 1226,1323 1223,1322 1221,1319 1220,1316 1220,1313 1221,1310 1222,1308 1225,1305 1227,1302 1236,1293 1236,1277 1238,1276 1378,1275 1380,1274"/>
					<TextEquiv>
						<Unicode>ἀνεχώρει.</Unicode>
					</TextEquiv>
				</Word>
				<Word id="r1121">
					<Coords points="1645,1272 1647,1273 1649,1277 1652,1281 1653,1283 1654,1289 1655,1300 1659,1310 1657,1314 1655,1317 1653,1319 1573,1319 1574,1315 1576,1309 1577,1305 1578,1303 1579,1300 1580,1298 1582,1296 1600,1294 1623,1294"/>
					<TextEquiv>
						<Unicode>καὶ</Unicode>
					</TextEquiv>
				</Word>
				<TextEquiv>
					<Unicode>τὸ στρατόπεδον ἐς Λυσιτανίαν ἀνεχώρει. καὶ</Unicode>
				</TextEquiv>
			</TextLine>
			<TextLine id="r118">
				<Coords points="1594,1339 1619,1363 1659,1363 1659,1369 1658,1372 1657,1374 1656,1377 1652,1383 1649,1385 1646,1386 1642,1388 1639,1389 1565,1391 1549,1407 552,1410 548,1414 536,1402 245,1401 243,1400 242,1398 241,1395 241,1389 242,1386 243,1384 245,1382 247,1379 249,1377 252,1376 264,1374 266,1373 273,1373 293,1353 295,1352 440,1350 442,1349 1175,1346 1201,1344 1590,1341 1593,1340"/>
				<Word id="r1122">
					<Coords points="295,1352 357,1352 379,1374 398,1374 398,1381 397,1384 395,1386 392,1391 388,1395 385,1396 379,1399 357,1400 244,1400 243,1399 242,1397 241,1392 242,1388 243,1385 244,1383 247,1379 248,1378 250,1377 254,1376 261,1375 265,1374 270,1373 293,1353"/>
					<TextEquiv>
						<Unicode>αὐτὸν</Unicode>
					</TextEquiv>
				</Word>
				<Word id="r1123">
					<Coords points="445,1349 449,1351 449,1380 448,1390 446,1396 443,1397 439,1399 437,1399 430,1397 428,1394 426,1389 426,1386 427,1382 428,1379 430,1376 433,1374 437,1373 438,1354 440,1351 442,1350"/>
					<TextEquiv>
						<Unicode>ὁ</Unicode>
					</TextEquiv>
				</Word>
				<Word id="r1124">
					<Coords points="793,1348 796,1349 797,1351 821,1369 831,1371 834,1372 835,1375 831,1377 829,1397 825,1399 561,1400 547,1413 535,1401 510,1399 479,1398 478,1357 477,1354 491,1353 506,1351 789,1349"/>
					<TextEquiv>
						<Unicode>Σερουιλιανὸς</Unicode>
					</TextEquiv>
				</Word>
				<Word id="r1125">
					<Coords points="898,1348 904,1349 905,1357 909,1368 911,1374 910,1379 908,1385 906,1388 899,1395 860,1394 856,1392 854,1389 853,1386 853,1383 854,1378 855,1376 859,1370 861,1369 864,1368 874,1368"/>
					<TextEquiv>
						<Unicode>οὐ</Unicode>
					</TextEquiv>
				</Word>
				<Word id="r1126">
					<Coords points="1204,1344 1228,1365 1256,1366 1256,1372 1255,1375 1253,1379 1249,1385 1247,1387 1244,1388 1236,1392 1172,1393 1160,1394 1148,1405 1137,1395 947,1394 931,1393 934,1384 935,1382 937,1374 938,1371 939,1369 953,1368 978,1367 1057,1367 1072,1352 1163,1351 1165,1349 1169,1347 1175,1346 1200,1346"/>
					<TextEquiv>
						<Unicode>καταλαβὼν</Unicode>
					</TextEquiv>
				</Word>
				<Word id="r1127">
					<Coords points="1299,1345 1323,1365 1326,1366 1328,1368 1329,1374 1327,1375 1325,1392 1321,1396 1317,1397 1311,1392 1291,1391 1287,1388 1284,1384 1284,1376 1285,1372 1295,1355 1296,1346"/>
					<TextEquiv>
						<Unicode>ἐς</Unicode>
					</TextEquiv>
				</Word>
				<Word id="r1128">
					<Coords points="1594,1340 1618,1363 1658,1366 1657,1371 1656,1373 1655,1376 1651,1382 1649,1384 1645,1385 1641,1387 1638,1388 1587,1389 1565,1390 1548,1407 1533,1392 1349,1390 1349,1388 1350,1346 1362,1345 1589,1343 1592,1341"/>
					<TextEquiv>
						<Unicode>Βαιτουρίαν</Unicode>
					</TextEquiv>
				</Word>
				<TextEquiv>
					<Unicode>αὐτὸν ὁ Σερουιλιανὸς οὐ καταλαβὼν ἐς Βαιτουρίαν</Unicode>
				</TextEquiv>
			</TextLine>
			<TextLine id="r119">
				<Coords points="1375,1411 1575,1411 1577,1412 1628,1430 1666,1437 1669,1449 1668,1451 1663,1456 1659,1458 1596,1471 1457,1474 1455,1475 325,1478 323,1479 314,1470 269,1469 251,1468 249,1467 246,1465 244,1462 243,1459 243,1455 244,1451 256,1439 256,1422 258,1421 1373,1413"/>
				<Word id="r1129">
					<Coords points="259,1421 354,1423 360,1427 408,1428 411,1429 413,1430 423,1440 461,1441 462,1447 475,1460 476,1464 475,1468 471,1473 468,1474 325,1476 322,1478 313,1469 269,1468 250,1467 246,1465 244,1462 243,1459 243,1455 244,1451 256,1439 256,1422 258,1422"/>
					<TextEquiv>
						<Unicode>ἐνέβαλε,</Unicode>
					</TextEquiv>
				</Word>
				<Word id="r1130">
					<Coords points="582,1421 584,1422 586,1426 587,1429 588,1431 590,1454 593,1458 591,1461 590,1462 588,1466 544,1466 507,1464 508,1460 509,1457 510,1455 512,1450 513,1445 514,1442 515,1441 529,1440 562,1440"/>
					<TextEquiv>
						<Unicode>καὶ</Unicode>
					</TextEquiv>
				</Word>
				<Word id="r1131">
					<Coords points="687,1418 707,1437 772,1437 775,1439 775,1443 774,1463 771,1464 767,1465 629,1466 626,1454 623,1450 623,1445 624,1443 626,1442 631,1441 634,1440 664,1440"/>
					<TextEquiv>
						<Unicode>πέντε</Unicode>
					</TextEquiv>
				</Word>
				<Word id="r1132">
					<Coords points="864,1417 878,1423 883,1424 895,1435 971,1435 975,1437 979,1440 980,1444 976,1445 974,1465 970,1467 964,1466 809,1464 808,1459 803,1449 802,1446 803,1444 804,1441 805,1440 807,1439 838,1439"/>
					<TextEquiv>
						<Unicode>πόλεις</Unicode>
					</TextEquiv>
				</Word>
				<Word id="r1133">
					<Coords points="1217,1415 1229,1419 1249,1434 1284,1434 1285,1439 1300,1454 1301,1457 1300,1460 1298,1464 1294,1468 1225,1469 1222,1471 1217,1472 1097,1474 1075,1475 1062,1462 1015,1461 1013,1460 1012,1459 1009,1453 1010,1446 1012,1441 1013,1440 1013,1416 1214,1416"/>
					<TextEquiv>
						<Unicode>διήρπαζεν,</Unicode>
					</TextEquiv>
				</Word>
				<Word id="r1134">
					<Coords points="1377,1411 1380,1413 1382,1417 1385,1426 1381,1428 1380,1451 1376,1457 1374,1458 1373,1459 1333,1458 1331,1457 1329,1451 1329,1447 1330,1445 1332,1442 1333,1439 1334,1438 1340,1434 1347,1433"/>
					<TextEquiv>
						<Unicode>αἳ</Unicode>
					</TextEquiv>
				</Word>
				<Word id="r1135">
					<Coords points="1468,1413 1473,1414 1476,1417 1477,1419 1477,1421 1476,1450 1473,1454 1469,1457 1458,1458 1457,1473 1455,1474 1450,1475 1424,1459 1417,1453 1409,1438 1413,1434 1416,1433 1443,1433 1462,1414"/>
					<TextEquiv>
						<Unicode>τῷ</Unicode>
					</TextEquiv>
				</Word>
				<Word id="r1136">
					<Coords points="1572,1411 1575,1412 1577,1413 1596,1431 1633,1431 1642,1440 1659,1441 1657,1444 1656,1445 1637,1445 1636,1451 1634,1455 1630,1457 1627,1458 1604,1459 1589,1471 1572,1460 1567,1459 1523,1458 1520,1457 1516,1455 1513,1453 1512,1452 1509,1448 1507,1444 1506,1441 1505,1435 1506,1429 1507,1425 1509,1421 1512,1417 1514,1416 1517,1415 1519,1413 1527,1412 1570,1412"/>
					<TextEquiv>
						<Unicode>Οὐρι-</Unicode>
					</TextEquiv>
				</Word>
				<TextEquiv>
					<Unicode>ἐνέβαλε, καὶ πέντε πόλεις διήρπαζεν, αἳ τῷ Οὐρι-</Unicode>
				</TextEquiv>
			</TextLine>
			<TextLine id="r120">
				<Coords points="1634,1478 1636,1479 1669,1517 1671,1519 1669,1522 1666,1525 1664,1526 1615,1527 1592,1527 1589,1528 1578,1540 1577,1543 1575,1544 368,1552 360,1553 345,1538 249,1537 246,1535 245,1533 245,1525 247,1521 248,1520 264,1503 265,1501 267,1498 268,1495 269,1493 270,1490 271,1489 1112,1484 1196,1481 1631,1480"/>
				<Word id="r1137">
					<Coords points="273,1489 275,1490 340,1490 360,1510 380,1510 383,1512 385,1515 386,1518 386,1523 385,1527 382,1533 378,1535 369,1536 368,1551 363,1552 345,1537 248,1536 246,1535 245,1533 245,1525 247,1521 248,1520 264,1503 265,1501 267,1498 268,1496 269,1493 270,1491 271,1490"/>
					<TextEquiv>
						<Unicode>άτθῳ</Unicode>
					</TextEquiv>
				</Word>
				<Word id="r1138">
					<Coords points="726,1487 747,1505 868,1505 901,1507 902,1510 915,1523 917,1526 916,1529 914,1531 815,1532 784,1533 768,1549 668,1549 666,1550 652,1536 434,1535 431,1533 429,1530 429,1521 431,1519 433,1515 436,1513 438,1512 442,1511 468,1510 470,1509 703,1508"/>
					<TextEquiv>
						<Unicode>συνεπεπράχεσαν.</Unicode>
					</TextEquiv>
				</Word>
				<Word id="r1139">
					<Coords points="1116,1484 1120,1486 1123,1495 1127,1503 1131,1517 1133,1523 1131,1525 1130,1528 1084,1529 1061,1530 1021,1531 1006,1544 1005,1540 1006,1535 1007,1532 1008,1530 1009,1525 1012,1513 1014,1507 1016,1504 1094,1504"/>
					<TextEquiv>
						<Unicode>μετὰ</Unicode>
					</TextEquiv>
				</Word>
				<Word id="r1140">
					<Coords points="1196,1481 1230,1482 1231,1484 1233,1490 1234,1492 1236,1495 1238,1503 1239,1505 1239,1507 1237,1508 1236,1527 1234,1528 1194,1528 1190,1526 1188,1523 1187,1513 1188,1511 1191,1508 1193,1483 1194,1482"/>
					<TextEquiv>
						<Unicode>δὲ</Unicode>
					</TextEquiv>
				</Word>
				<Word id="r1141">
					<Coords points="1361,1484 1365,1485 1382,1501 1428,1501 1431,1503 1433,1504 1434,1507 1435,1513 1434,1518 1433,1520 1430,1524 1427,1527 1423,1529 1294,1528 1292,1527 1292,1519 1284,1510 1283,1508 1285,1504 1291,1502 1339,1502 1355,1486 1357,1485"/>
					<TextEquiv>
						<Unicode>τοῦτο</Unicode>
					</TextEquiv>
				</Word>
				<Word id="r1142">
					<Coords points="1634,1479 1636,1483 1659,1511 1658,1514 1639,1514 1638,1520 1636,1523 1633,1524 1631,1525 1593,1526 1575,1543 1573,1544 1556,1528 1484,1527 1482,1526 1479,1524 1477,1521 1477,1512 1479,1509 1480,1507 1489,1498 1489,1481 1632,1480"/>
					<TextEquiv>
						<Unicode>ἐστρά-</Unicode>
					</TextEquiv>
				</Word>
				<TextEquiv>
					<Unicode>άτθῳ συνεπεπράχεσαν. μετὰ δὲ τοῦτο ἐστρά-</Unicode>
				</TextEquiv>
			</TextLine>
			<TextLine id="r121">
				<Coords points="1615,1545 1617,1546 1641,1569 1660,1569 1660,1576 1659,1579 1658,1581 1654,1587 1648,1592 1646,1593 1643,1595 1383,1597 1381,1598 1016,1600 1013,1603 775,1606 769,1608 255,1605 254,1597 246,1588 245,1585 246,1582 247,1581 249,1580 439,1559 441,1557 1612,1547"/>
				<Word id="r1143">
					<Coords points="291,1579 388,1579 389,1583 388,1587 386,1590 385,1592 383,1593 381,1596 379,1600 376,1602 370,1604 254,1604 254,1597 246,1588 245,1586 246,1583 247,1581 249,1580 290,1580"/>
					<TextEquiv>
						<Unicode>τευεν</Unicode>
					</TextEquiv>
				</Word>
				<Word id="r1144">
					<Coords points="443,1557 446,1558 468,1579 470,1580 473,1584 469,1587 468,1605 461,1605 435,1603 431,1601 428,1599 426,1596 426,1590 429,1584 438,1567 440,1558"/>
					<TextEquiv>
						<Unicode>ἐς</Unicode>
					</TextEquiv>
				</Word>
				<Word id="r1145">
					<Coords points="672,1556 694,1575 734,1575 755,1576 758,1577 775,1593 777,1594 778,1599 777,1603 775,1605 773,1606 770,1607 768,1606 747,1604 509,1602 509,1559 537,1558 668,1558"/>
					<TextEquiv>
						<Unicode>Κουνέους,</Unicode>
					</TextEquiv>
				</Word>
				<Word id="r1146">
					<Coords points="840,1554 875,1554 894,1573 932,1573 933,1575 933,1581 932,1584 929,1590 925,1594 922,1596 920,1597 918,1599 915,1600 897,1601 827,1601 824,1600 822,1598 820,1595 819,1590 820,1584 822,1581 825,1577 825,1559 826,1557 828,1556 838,1556"/>
					<TextEquiv>
						<Unicode>ὅθεν</Unicode>
					</TextEquiv>
				</Word>
				<Word id="r1147">
					<Coords points="990,1553 1015,1573 1018,1574 1021,1576 1022,1580 1019,1582 1017,1583 1016,1599 1009,1603 1005,1601 983,1600 980,1599 978,1598 976,1595 974,1591 974,1586 975,1583 976,1581 986,1571 986,1554"/>
					<TextEquiv>
						<Unicode>ἐς</Unicode>
					</TextEquiv>
				</Word>
				<Word id="r1148">
					<Coords points="1348,1550 1377,1570 1385,1571 1389,1574 1390,1576 1388,1578 1386,1586 1385,1595 1382,1596 1380,1597 1066,1597 1067,1596 1075,1586 1077,1581 1078,1577 1080,1572 1081,1569 1082,1567 1085,1558 1086,1556 1087,1553 1343,1553"/>
					<TextEquiv>
						<Unicode>Λυσιτανοὺς</Unicode>
					</TextEquiv>
				</Word>
				<Word id="r1149">
					<Coords points="1512,1548 1516,1551 1518,1555 1519,1559 1521,1563 1523,1583 1526,1586 1524,1590 1520,1595 1446,1595 1444,1594 1442,1591 1441,1588 1441,1581 1443,1577 1444,1576 1453,1559 1454,1550 1455,1549 1509,1549"/>
					<TextEquiv>
						<Unicode>ἐπὶ</Unicode>
					</TextEquiv>
				</Word>
				<Word id="r1150">
					<Coords points="1615,1546 1617,1547 1640,1569 1659,1572 1658,1578 1657,1580 1653,1586 1645,1592 1643,1594 1584,1594 1583,1589 1574,1575 1575,1572 1576,1570 1577,1569 1590,1569 1612,1547"/>
					<TextEquiv>
						<Unicode>τὸν</Unicode>
					</TextEquiv>
				</Word>
				<TextEquiv>
					<Unicode>τευεν ἐς Κουνέους, ὅθεν ἐς Λυσιτανοὺς ἐπὶ τὸν</Unicode>
				</TextEquiv>
			</TextLine>
			<TextLine id="r122">
				<Coords points="1476,1616 1480,1617 1548,1617 1568,1637 1607,1637 1654,1638 1656,1644 1661,1654 1659,1658 1654,1663 1627,1663 1624,1664 1419,1665 1406,1677 1405,1678 1280,1680 1275,1682 1024,1676 877,1682 336,1687 332,1690 316,1674 263,1673 261,1672 259,1672 250,1664 249,1662 248,1659 247,1657 246,1650 247,1643 248,1640 250,1636 254,1633 258,1629 261,1628 375,1625 862,1621 865,1619 1472,1618"/>
				<Word id="r1151">
					<Coords points="376,1625 480,1625 482,1626 502,1646 541,1646 542,1649 542,1653 541,1655 540,1658 538,1661 530,1669 526,1671 523,1672 522,1673 393,1673 348,1674 334,1687 331,1689 315,1673 262,1672 260,1671 257,1670 252,1666 248,1660 246,1656 246,1649 247,1642 248,1639 249,1637 250,1636 257,1630 260,1629 262,1628 311,1627 374,1627"/>
					<TextEquiv>
						<Unicode>Οὐρίατθον</Unicode>
					</TextEquiv>
				</Word>
				<Word id="r1152">
					<Coords points="622,1623 663,1623 663,1624 665,1624 665,1625 666,1625 666,1627 667,1627 667,1630 668,1630 668,1637 667,1637 667,1644 684,1644 684,1645 711,1645 711,1646 713,1646 713,1647 714,1647 714,1648 715,1648 715,1653 716,1653 713,1653 713,1654 712,1654 712,1673 708,1673 708,1674 704,1674 704,1675 704,1674 702,1674 702,1673 701,1673 701,1672 700,1672 700,1671 699,1671 699,1670 594,1670 594,1671 573,1671 573,1670 571,1670 571,1668 570,1668 570,1666 569,1666 569,1660 570,1660 570,1657 571,1657 571,1656 572,1656 572,1655 573,1655 573,1653 574,1653 574,1652 575,1652 575,1650 576,1650 576,1649 577,1649 577,1648 578,1648 578,1647 579,1647 579,1646 580,1646 580,1645 599,1645 599,1644 600,1644 600,1643 601,1643 601,1642 602,1642 602,1641 603,1641 603,1640 604,1640 604,1639 605,1639 605,1638 606,1638 606,1637 607,1637 607,1636 608,1636 608,1635 609,1635 609,1634 610,1634 610,1633 611,1633 611,1632 612,1632 612,1631 613,1631 613,1630 614,1630 614,1629 615,1629 615,1628 616,1628 616,1627 617,1627 617,1626 618,1626 618,1625 619,1625 619,1624 622,1624"/>
					<TextEquiv>
						<Unicode>αὖθις</Unicode>
					</TextEquiv>
				</Word>
				<Word id="r1154">
					<Coords points="867,1619 891,1642 983,1642 985,1643 1001,1658 1005,1663 1003,1668 946,1668 901,1669 889,1681 759,1682 748,1664 744,1654 746,1650 760,1630 762,1623 862,1621 865,1620"/>
					<TextEquiv>
						<Unicode>ἠπείγετο.</Unicode>
					</TextEquiv>
				</Word>
				<Word id="r1155">
					<Coords points="1119,1619 1123,1622 1124,1625 1128,1633 1130,1654 1132,1659 1131,1663 1127,1667 1119,1667 1045,1664 1046,1660 1048,1656 1049,1652 1052,1643 1053,1642 1055,1641 1095,1640 1098,1640"/>
					<TextEquiv>
						<Unicode>καὶ</Unicode>
					</TextEquiv>
				</Word>
				<Word id="r1156">
					<Coords points="1213,1619 1216,1620 1218,1621 1285,1621 1288,1623 1290,1624 1291,1632 1297,1644 1298,1648 1297,1653 1296,1657 1295,1659 1293,1662 1289,1664 1284,1665 1281,1666 1280,1679 1278,1680 1274,1681 1258,1667 1165,1666 1163,1665 1162,1664 1161,1662 1160,1659 1161,1654 1162,1651 1164,1648 1165,1646 1168,1643 1174,1640 1190,1640"/>
					<TextEquiv>
						<Unicode>αὐτῷ</Unicode>
					</TextEquiv>
				</Word>
				<Word id="r1157">
					<Coords points="1474,1617 1547,1617 1567,1637 1606,1637 1638,1638 1654,1640 1655,1645 1659,1653 1659,1654 1656,1660 1626,1662 1623,1663 1418,1664 1404,1677 1393,1666 1330,1665 1329,1660 1323,1647 1324,1642 1325,1641 1329,1640 1332,1639 1419,1637 1452,1637 1470,1619"/>
					<TextEquiv>
						<Unicode>παροδεύοντι</Unicode>
					</TextEquiv>
				</Word>
				<TextEquiv>
					<Unicode>Οὐρίατθον αὖθις ἠπείγετο. καὶ αὐτῷ παροδεύοντι</Unicode>
				</TextEquiv>
			</TextLine>
			<TextLine id="r123">
				<Coords points="1503,1684 1526,1705 1642,1705 1643,1710 1660,1730 1659,1734 1655,1739 1652,1740 629,1755 627,1756 597,1757 426,1758 411,1743 254,1741 250,1739 248,1736 247,1726 248,1724 250,1722 253,1695 1011,1683 1500,1686"/>
				<Word id="r1158">
					<Coords points="253,1695 305,1695 328,1716 332,1718 334,1720 335,1724 335,1727 334,1731 333,1733 330,1738 253,1740 249,1738 248,1736 247,1726 248,1724 250,1721"/>
					<TextEquiv>
						<Unicode>δύο</Unicode>
					</TextEquiv>
				</Word>
				<Word id="r1159">
					<Coords points="451,1693 471,1712 634,1712 677,1713 679,1727 682,1731 675,1739 674,1740 634,1740 633,1750 632,1753 628,1754 626,1755 596,1756 425,1757 409,1741 387,1741 385,1705 384,1701 442,1701"/>
					<TextEquiv>
						<Unicode>λῄσταρχοι</Unicode>
					</TextEquiv>
				</Word>
				<Word id="r1160">
					<Coords points="833,1688 836,1689 839,1695 841,1701 843,1705 848,1716 852,1727 850,1733 846,1737 829,1737 802,1738 739,1739 723,1753 721,1747 723,1743 724,1740 725,1735 726,1731 727,1729 729,1721 730,1716 731,1713 748,1712 775,1711 808,1711"/>
					<TextEquiv>
						<Unicode>μετὰ</Unicode>
					</TextEquiv>
				</Word>
				<Word id="r1161">
					<Coords points="1009,1686 1034,1709 1080,1709 1082,1714 1080,1721 1079,1723 1077,1726 1072,1731 1069,1733 1065,1735 1062,1736 1061,1737 978,1737 965,1750 890,1750 889,1747 890,1742 891,1738 893,1734 895,1726 896,1723 898,1715 899,1712 900,1711 952,1710 983,1710"/>
					<TextEquiv>
						<Unicode>μυρίων</Unicode>
					</TextEquiv>
				</Word>
				<Word id="r1162">
					<Coords points="1191,1686 1195,1687 1199,1689 1268,1690 1271,1692 1287,1708 1310,1708 1310,1711 1309,1717 1308,1719 1304,1725 1300,1729 1298,1730 1295,1732 1289,1735 1225,1735 1211,1746 1199,1736 1151,1735 1118,1733 1116,1722 1118,1718 1130,1706 1131,1688 1188,1687"/>
					<TextEquiv>
						<Unicode>ἀνδρῶν</Unicode>
					</TextEquiv>
				</Word>
				<Word id="r1163">
					<Coords points="1503,1685 1524,1705 1641,1705 1642,1712 1659,1729 1658,1732 1654,1738 1651,1739 1513,1741 1503,1738 1368,1734 1365,1733 1362,1731 1359,1727 1359,1719 1360,1717 1362,1714 1372,1704 1372,1688 1374,1687 1501,1686"/>
					<TextEquiv>
						<Unicode>ἐπιθέμενοι,</Unicode>
					</TextEquiv>
				</Word>
				<TextEquiv>
					<Unicode>δύο λῄσταρχοι μετὰ μυρίων ἀνδρῶν ἐπιθέμενοι,</Unicode>
				</TextEquiv>
			</TextLine>
			<TextLine id="r124">
				<Coords points="1614,1751 1639,1775 1661,1775 1661,1780 1660,1785 1658,1789 1650,1797 1646,1798 1644,1800 1627,1801 1626,1804 1624,1811 1623,1814 375,1819 366,1827 364,1828 347,1811 279,1810 263,1806 255,1787 260,1779 263,1777 274,1766 276,1765 433,1761 1613,1752"/>
				<Word id="r1164">
					<Coords points="436,1761 464,1786 467,1790 463,1792 462,1808 460,1812 458,1814 378,1814 364,1827 347,1810 278,1809 273,1807 262,1805 260,1801 259,1798 257,1794 256,1791 255,1789 256,1786 258,1783 259,1780 260,1779 274,1766 276,1765 432,1763"/>
					<TextEquiv>
						<Unicode>Κούριός</Unicode>
					</TextEquiv>
				</Word>
				<Word id="r1165">
					<Coords points="556,1782 561,1786 559,1788 558,1807 556,1808 520,1809 518,1809 517,1806 508,1790 513,1784 516,1783 553,1783"/>
					<TextEquiv>
						<Unicode>τε</Unicode>
					</TextEquiv>
				</Word>
				<Word id="r1166">
					<Coords points="673,1760 676,1762 678,1766 679,1769 681,1773 682,1776 685,1796 686,1801 682,1807 641,1808 636,1808 615,1806 602,1803 603,1798 605,1793 606,1788 607,1785 608,1784 624,1782 650,1782"/>
					<TextEquiv>
						<Unicode>καὶ</Unicode>
					</TextEquiv>
				</Word>
				<Word id="r1167">
					<Coords points="727,1759 727,1761 728,1761 728,1762 729,1762 729,1763 958,1763 958,1762 959,1762 959,1761 960,1761 960,1760 961,1760 961,1759 961,1760 963,1760 963,1761 964,1761 964,1762 965,1762 965,1763 966,1763 966,1764 967,1764 967,1765 968,1765 968,1766 969,1766 969,1767 970,1767 970,1768 971,1768 971,1769 972,1769 972,1770 973,1770 973,1771 974,1771 974,1772 975,1772 975,1773 976,1773 976,1774 977,1774 977,1775 978,1775 978,1776 979,1776 979,1777 980,1777 980,1778 981,1778 981,1779 982,1779 982,1780 1035,1780 1035,1781 1038,1781 1038,1782 1039,1782 1039,1783 1040,1783 1040,1784 1041,1784 1041,1785 1042,1785 1042,1786 1043,1786 1043,1787 1044,1787 1044,1788 1045,1788 1045,1789 1046,1789 1046,1790 1047,1790 1047,1791 1048,1791 1048,1792 1049,1792 1049,1793 1050,1793 1050,1794 1051,1794 1051,1795 1052,1795 1052,1796 1053,1796 1053,1797 1055,1797 1055,1802 1056,1802 1055,1802 1055,1807 1054,1807 1054,1809 1053,1809 1053,1810 1052,1810 1052,1811 1051,1811 1051,1812 953,1812 953,1811 951,1811 951,1810 949,1810 949,1809 897,1809 897,1808 846,1808 846,1807 794,1807 794,1806 743,1806 743,1805 741,1805 742,1805 742,1803 743,1803 743,1802 744,1802 744,1801 745,1801 745,1800 746,1800 746,1799 747,1799 747,1798 748,1798 748,1797 749,1797 749,1796 750,1796 750,1793 751,1793 751,1790 752,1790 752,1788 753,1788 753,1786 754,1786 754,1783 755,1783 755,1780 756,1780 756,1777 757,1777 757,1775 727,1775 727,1771 726,1771 726,1767 725,1767 725,1764 724,1764 724,1760 723,1760 727,1760"/>
					<TextEquiv>
						<Unicode>Ἀπουλήιος,</Unicode>
					</TextEquiv>
				</Word>
				<Word id="r1169">
					<Coords points="1232,1756 1236,1758 1271,1758 1273,1759 1289,1775 1383,1775 1417,1776 1418,1780 1417,1785 1416,1788 1405,1799 1401,1801 1398,1803 1314,1803 1302,1815 1174,1815 1164,1805 1093,1804 1089,1802 1087,1799 1086,1797 1085,1792 1089,1784 1098,1767 1099,1758 1100,1757 1230,1757"/>
					<TextEquiv>
						<Unicode>ἐθορύβησαν</Unicode>
					</TextEquiv>
				</Word>
				<Word id="r1170">
					<Coords points="1529,1753 1531,1754 1533,1758 1534,1761 1538,1769 1539,1790 1541,1793 1540,1796 1537,1800 1535,1801 1495,1801 1468,1798 1457,1794 1457,1791 1459,1787 1460,1783 1461,1780 1473,1778 1477,1776 1507,1775"/>
					<TextEquiv>
						<Unicode>καὶ</Unicode>
					</TextEquiv>
				</Word>
				<Word id="r1171">
					<Coords points="1614,1752 1638,1775 1660,1777 1659,1783 1658,1786 1657,1788 1647,1797 1643,1800 1626,1801 1624,1804 1623,1807 1622,1811 1620,1814 1606,1802 1579,1801 1579,1794 1571,1784 1570,1780 1573,1775 1589,1775 1611,1753"/>
					<TextEquiv>
						<Unicode>τὴν</Unicode>
					</TextEquiv>
				</Word>
				<TextEquiv>
					<Unicode>Κούριός τε καὶ Ἀπουλήιος, ἐθορύβησαν καὶ τὴν</Unicode>
				</TextEquiv>
			</TextLine>
			<TextLine id="r125">
				<Coords points="1522,1822 1525,1824 1600,1824 1603,1825 1620,1842 1659,1842 1662,1857 1663,1861 1662,1863 1660,1866 1656,1868 1624,1869 1620,1870 1569,1871 1555,1884 1554,1885 483,1893 478,1896 462,1880 248,1878 246,1843 245,1838 315,1838 324,1829 1520,1823"/>
				<Word id="r1172">
					<Coords points="325,1829 350,1852 393,1852 394,1857 393,1862 389,1868 384,1873 379,1877 377,1878 372,1879 368,1878 248,1878 246,1843 245,1838 315,1838"/>
					<TextEquiv>
						<Unicode>λείαν</Unicode>
					</TextEquiv>
				</Word>
				<Word id="r1173">
					<Coords points="550,1828 562,1838 566,1840 577,1850 702,1850 706,1852 708,1855 723,1872 721,1876 720,1877 497,1878 481,1893 479,1894 478,1895 462,1879 434,1878 432,1877 431,1875 430,1872 430,1866 432,1862 445,1849 445,1832 447,1831 546,1831"/>
					<TextEquiv>
						<Unicode>ἀφείλοντο.</Unicode>
					</TextEquiv>
				</Word>
				<Word id="r1174">
					<Coords points="871,1827 874,1829 875,1832 876,1834 877,1837 879,1840 880,1862 883,1866 882,1869 878,1873 876,1874 875,1875 798,1874 798,1869 800,1865 801,1861 802,1859 803,1855 804,1852 805,1850 807,1849 845,1848 849,1848"/>
					<TextEquiv>
						<Unicode>καὶ</Unicode>
					</TextEquiv>
				</Word>
				<Word id="r1175">
					<Coords points="1031,1826 1053,1846 1137,1846 1141,1848 1142,1855 1140,1856 1138,1873 1136,1875 1132,1877 1131,1878 1051,1878 1039,1888 1023,1874 925,1873 924,1831 924,1829 951,1828 1027,1828"/>
					<TextEquiv>
						<Unicode>Κούριος</Unicode>
					</TextEquiv>
				</Word>
				<Word id="r1176">
					<Coords points="1228,1825 1252,1846 1270,1846 1271,1850 1269,1855 1268,1858 1265,1862 1263,1863 1262,1865 1258,1868 1256,1869 1253,1871 1251,1872 1196,1872 1182,1885 1180,1882 1181,1878 1184,1869 1186,1861 1188,1855 1189,1850 1190,1846 1191,1845 1206,1845"/>
					<TextEquiv>
						<Unicode>μὲν</Unicode>
					</TextEquiv>
				</Word>
				<Word id="r1177">
					<Coords points="1326,1824 1354,1845 1360,1846 1360,1851 1358,1855 1357,1858 1355,1860 1353,1864 1348,1867 1345,1869 1343,1870 1340,1871 1335,1871 1316,1870 1312,1867 1309,1859 1309,1857 1310,1853 1311,1851 1312,1850 1322,1832"/>
					<TextEquiv>
						<Unicode>ἐν</Unicode>
					</TextEquiv>
				</Word>
				<Word id="r1178">
					<Coords points="1455,1824 1460,1825 1462,1826 1465,1828 1466,1830 1466,1857 1463,1863 1461,1866 1457,1868 1447,1869 1446,1884 1436,1885 1414,1871 1405,1865 1397,1850 1398,1846 1400,1844 1432,1844 1450,1826"/>
					<TextEquiv>
						<Unicode>τῷ</Unicode>
					</TextEquiv>
				</Word>
				<Word id="r1179">
					<Coords points="1521,1823 1524,1824 1599,1824 1602,1825 1619,1842 1658,1842 1660,1857 1662,1859 1661,1862 1659,1865 1655,1867 1623,1868 1619,1869 1568,1870 1553,1884 1538,1870 1510,1869 1506,1868 1504,1863 1504,1859 1505,1856 1507,1852 1519,1840 1519,1824"/>
					<TextEquiv>
						<Unicode>ἀγῶνι</Unicode>
					</TextEquiv>
				</Word>
				<TextEquiv>
					<Unicode>λείαν ἀφείλοντο. καὶ Κούριος μὲν ἐν τῷ ἀγῶνι</Unicode>
				</TextEquiv>
			</TextLine>
			<TextLine id="r126">
				<Coords points="1360,1890 1655,1891 1657,1894 1662,1920 1661,1924 1660,1926 1657,1930 1654,1935 1651,1936 1649,1937 1514,1938 1476,1939 1462,1953 1107,1954 1104,1955 726,1958 722,1960 716,1957 254,1948 250,1946 248,1943 247,1940 247,1933 248,1930 250,1927 252,1913 253,1903 260,1902 269,1899 1358,1892"/>
				<Word id="r1180">
					<Coords points="269,1899 269,1900 271,1900 271,1901 273,1901 273,1902 274,1902 274,1903 275,1903 275,1904 276,1904 276,1905 277,1905 277,1906 278,1906 278,1907 279,1907 279,1908 280,1908 280,1909 281,1909 281,1910 282,1910 282,1911 283,1911 283,1912 284,1912 284,1913 285,1913 285,1914 286,1914 286,1915 287,1915 287,1916 288,1916 288,1917 289,1917 289,1918 290,1918 290,1919 399,1919 399,1920 402,1920 402,1921 433,1921 433,1927 432,1927 432,1930 431,1930 431,1931 430,1931 430,1932 429,1932 429,1935 428,1935 428,1938 445,1938 445,1939 447,1939 447,1940 448,1940 448,1941 449,1941 449,1944 450,1944 449,1944 449,1947 448,1947 448,1949 446,1949 446,1950 444,1950 444,1951 444,1948 443,1948 443,1947 253,1947 253,1946 251,1946 251,1945 250,1945 250,1944 249,1944 249,1943 248,1943 248,1940 247,1940 247,1933 248,1933 248,1930 249,1930 249,1928 250,1928 250,1927 251,1927 251,1920 252,1920 252,1913 253,1913 253,1911 254,1911 254,1910 255,1910 255,1908 256,1908 256,1907 257,1907 257,1905 258,1905 258,1904 259,1904 259,1903 262,1903 262,1902 264,1902 264,1901 267,1901 267,1900 269,1900"/>
					<TextEquiv>
						<Unicode>ἔπεσεν,</Unicode>
					</TextEquiv>
				</Word>
				<Word id="r1182">
					<Coords points="508,1898 512,1899 512,1924 513,1927 513,1935 512,1938 511,1940 510,1943 504,1945 499,1945 495,1944 491,1938 491,1931 493,1927 496,1923 500,1920 502,1919 503,1902 504,1900"/>
					<TextEquiv>
						<Unicode>ὁ</Unicode>
					</TextEquiv>
				</Word>
				<Word id="r1183">
					<Coords points="561,1898 597,1899 600,1905 601,1908 602,1910 603,1913 605,1920 606,1925 605,1926 604,1945 601,1946 594,1946 563,1945 557,1942 555,1939 554,1935 554,1933 555,1929 557,1927 559,1924 560,1899"/>
					<TextEquiv>
						<Unicode>δὲ</Unicode>
					</TextEquiv>
				</Word>
				<Word id="r1184">
					<Coords points="969,1895 998,1916 1005,1917 1011,1920 1012,1923 1009,1926 1007,1927 1006,1943 1004,1945 1001,1946 735,1947 721,1959 709,1948 683,1947 651,1945 651,1901 660,1900 673,1899 680,1897 965,1897"/>
					<TextEquiv>
						<Unicode>Σερουιλιανὸς</Unicode>
					</TextEquiv>
				</Word>
				<Word id="r1185">
					<Coords points="1113,1894 1140,1915 1145,1918 1144,1923 1143,1926 1141,1929 1133,1937 1129,1940 1127,1941 1118,1942 1111,1943 1109,1949 1108,1951 1105,1954 1102,1955 1090,1943 1064,1942 1063,1941 1062,1937 1053,1922 1056,1916 1058,1915 1089,1915"/>
					<TextEquiv>
						<Unicode>τήν</Unicode>
					</TextEquiv>
				</Word>
				<Word id="r1186">
					<Coords points="1233,1913 1236,1914 1239,1917 1237,1921 1236,1939 1234,1940 1233,1941 1195,1940 1194,1933 1185,1921 1186,1916 1187,1915 1190,1914 1230,1914"/>
					<TextEquiv>
						<Unicode>τε</Unicode>
					</TextEquiv>
				</Word>
				<Word id="r1187">
					<Coords points="1361,1891 1386,1913 1427,1913 1427,1919 1426,1923 1422,1929 1418,1933 1414,1936 1410,1938 1409,1939 1329,1939 1286,1938 1285,1938 1283,1903 1281,1899 1283,1898 1352,1898"/>
					<TextEquiv>
						<Unicode>λείαν</Unicode>
					</TextEquiv>
				</Word>
				<Word id="r1188">
					<Coords points="1562,1891 1567,1893 1568,1895 1568,1899 1567,1901 1565,1904 1562,1906 1553,1907 1552,1916 1547,1917 1541,1922 1540,1930 1539,1937 1513,1937 1476,1938 1460,1953 1458,1951 1458,1949 1460,1943 1461,1941 1462,1935 1463,1932 1464,1930 1465,1925 1466,1922 1467,1918 1468,1915 1469,1913 1471,1912 1513,1911 1538,1911"/>
					<TextEquiv>
						<Unicode>μετ᾽</Unicode>
					</TextEquiv>
				</Word>
				<Word id="r1189">
					<Coords points="1651,1891 1656,1893 1657,1902 1660,1913 1661,1917 1660,1922 1659,1925 1656,1929 1654,1932 1653,1934 1650,1935 1648,1936 1610,1935 1607,1931 1607,1922 1608,1919 1610,1917 1611,1914 1615,1912 1619,1911 1629,1911"/>
					<TextEquiv>
						<Unicode>οὐ</Unicode>
					</TextEquiv>
				</Word>
				<TextEquiv>
					<Unicode>ἔπεσεν, ὁ δὲ Σερουιλιανὸς τήν τε λείαν μετ᾽ οὐ</Unicode>
				</TextEquiv>
			</TextLine>
			<TextLine id="r127">
				<Coords points="1396,1958 1652,1958 1655,1963 1658,1967 1659,1970 1662,1994 1665,1997 1664,2000 1661,2004 1659,2007 1029,2010 969,2013 963,2016 657,2017 655,2022 651,2024 583,2025 580,2026 571,2017 253,2016 250,2005 247,2001 246,1996 247,1994 249,1992 252,1990 305,1990 320,1975 360,1975 368,1967 1225,1961 1227,1960 1395,1959"/>
				<Word id="r1190">
					<Coords points="370,1967 373,1968 374,1970 376,1976 377,1978 378,1982 385,1994 384,2000 382,2006 381,2008 376,2013 373,2015 371,2016 253,2012 246,1998 247,1995 248,1993 249,1992 253,1990 305,1990 320,1975 360,1975"/>
					<TextEquiv>
						<Unicode>πολὺ</Unicode>
					</TextEquiv>
				</Word>
				<Word id="r1191">
					<Coords points="608,1966 614,1968 617,1970 638,1987 643,1988 645,1993 657,2009 658,2013 656,2017 654,2019 653,2022 651,2023 650,2024 582,2024 579,2025 570,2016 454,2015 421,2014 418,2012 417,2003 418,1999 419,1997 432,1977 433,1968 434,1967 607,1967"/>
					<TextEquiv>
						<Unicode>ἀνέλαβε,</Unicode>
					</TextEquiv>
				</Word>
				<Word id="r1192">
					<Coords points="756,1965 760,1967 761,1969 763,1975 764,1977 766,1983 769,2000 770,2003 769,2007 767,2009 766,2011 763,2013 762,2014 683,2014 683,2008 685,2004 688,1995 691,1989 706,1987 730,1986 733,1986"/>
					<TextEquiv>
						<Unicode>καὶ</Unicode>
					</TextEquiv>
				</Word>
				<Word id="r1193">
					<Coords points="858,1964 871,1972 875,1973 878,1974 889,1984 943,1984 971,1986 973,1987 974,1989 974,1993 971,1994 970,2009 969,2012 961,2016 957,2013 802,2012 799,2001 796,1997 796,1990 797,1988 799,1987 833,1987"/>
					<TextEquiv>
						<Unicode>πόλεις</Unicode>
					</TextEquiv>
				</Word>
				<Word id="r1194">
					<Coords points="1046,1963 1051,1964 1062,1970 1067,1971 1069,1972 1081,1983 1116,1983 1146,1984 1146,1992 1145,1994 1144,1997 1140,2002 1135,2006 1131,2008 1018,2009 1015,2007 1013,2004 1012,2001 1012,1996 1013,1993 1015,1990 1017,1988 1040,1964 1041,1964"/>
					<TextEquiv>
						<Unicode>εἷλεν</Unicode>
					</TextEquiv>
				</Word>
				<Word id="r1195">
					<Coords points="1397,1958 1420,1980 1463,1981 1463,1988 1462,1991 1461,1993 1461,1995 1452,2003 1449,2005 1446,2006 1444,2007 1443,2008 1223,2008 1176,2007 1179,2004 1182,1964 1225,1962 1227,1960 1394,1960"/>
					<TextEquiv>
						<Unicode>Εἰσκαδίαν</Unicode>
					</TextEquiv>
				</Word>
				<Word id="r1196">
					<Coords points="1538,1979 1541,1980 1544,1983 1542,1987 1541,2006 1499,2006 1494,1994 1490,1989 1490,1983 1491,1982 1493,1981 1532,1980 1536,1980"/>
					<TextEquiv>
						<Unicode>τε</Unicode>
					</TextEquiv>
				</Word>
				<Word id="r1197">
					<Coords points="1652,1959 1653,1961 1657,1967 1658,1970 1659,1979 1662,1995 1663,1999 1660,2003 1658,2006 1580,2006 1579,2002 1580,1999 1581,1997 1582,1993 1583,1990 1584,1988 1585,1983 1587,1981 1601,1979 1630,1979"/>
					<TextEquiv>
						<Unicode>καὶ</Unicode>
					</TextEquiv>
				</Word>
				<TextEquiv>
					<Unicode>πολὺ ἀνέλαβε, καὶ πόλεις εἷλεν Εἰσκαδίαν τε καὶ</Unicode>
				</TextEquiv>
			</TextLine>
			<TextLine id="r128">
				<Coords points="1649,2026 1652,2028 1656,2036 1657,2039 1658,2049 1660,2050 1663,2052 1664,2055 1664,2064 1663,2066 1662,2070 1658,2074 1653,2075 1500,2077 1494,2080 1365,2081 1357,2089 1263,2089 1172,2092 320,2096 316,2097 251,2091 244,2032 647,2035 726,2033 1647,2027"/>
				<Word id="r1198">
					<Coords points="312,2037 319,2043 381,2043 426,2045 428,2046 439,2057 516,2058 516,2065 515,2067 514,2070 510,2074 506,2077 503,2080 498,2082 496,2083 371,2084 367,2085 329,2086 317,2096 305,2085 250,2085 249,2042 248,2039 311,2038"/>
					<TextEquiv>
						<Unicode>Γέμελλαν</Unicode>
					</TextEquiv>
				</Word>
				<Word id="r1199">
					<Coords points="650,2035 653,2037 654,2039 656,2042 657,2045 658,2047 659,2051 662,2070 663,2074 662,2076 661,2079 659,2081 656,2082 581,2083 578,2081 579,2077 580,2074 581,2070 583,2064 584,2060 585,2058 586,2057 601,2056 627,2056"/>
					<TextEquiv>
						<Unicode>καὶ</Unicode>
					</TextEquiv>
				</Word>
				<Word id="r1200">
					<Coords points="727,2033 970,2039 973,2040 975,2041 986,2052 1062,2052 1064,2053 1065,2062 1075,2072 1077,2078 1076,2083 1074,2086 1071,2089 795,2090 791,2092 781,2082 760,2081 755,2080 752,2079 748,2076 744,2071 742,2068 741,2066 741,2065 725,2044 724,2038 723,2036 724,2034 726,2034"/>
					<TextEquiv>
						<Unicode>Ὀβόλκολαν,</Unicode>
					</TextEquiv>
				</Word>
				<Word id="r1201">
					<Coords points="1413,2029 1435,2048 1499,2048 1502,2049 1505,2051 1507,2055 1507,2057 1503,2059 1502,2072 1501,2075 1493,2079 1365,2080 1357,2088 1262,2088 1172,2090 1139,2087 1129,2071 1128,2069 1127,2065 1128,2062 1131,2056 1147,2039 1148,2037 1402,2037"/>
					<TextEquiv>
						<Unicode>φρουρουμένας</Unicode>
					</TextEquiv>
				</Word>
				<Word id="r1202">
					<Coords points="1648,2027 1652,2029 1655,2035 1656,2038 1658,2050 1660,2051 1663,2058 1662,2065 1661,2068 1655,2074 1652,2075 1570,2074 1568,2070 1567,2062 1565,2053 1566,2050 1574,2036 1577,2028 1646,2028"/>
					<TextEquiv>
						<Unicode>ὑπὸ</Unicode>
					</TextEquiv>
				</Word>
				<TextEquiv>
					<Unicode>Γέμελλαν καὶ Ὀβόλκολαν, φρουρουμένας ὑπὸ</Unicode>
				</TextEquiv>
			</TextLine>
			<TextLine id="r129">
				<Coords points="1255,2096 1470,2097 1471,2100 1478,2109 1479,2113 1480,2116 1642,2117 1656,2125 1663,2126 1664,2127 1664,2129 1663,2131 1640,2131 1639,2142 1636,2143 1599,2144 1367,2145 1366,2147 1365,2150 1362,2151 1360,2152 1273,2153 1263,2163 475,2166 473,2167 461,2155 259,2154 257,2153 257,2146 248,2133 250,2128 252,2127 280,2127 299,2109 301,2108 549,2104 551,2103 1252,2099"/>
				<Word id="r1203">
					<Coords points="302,2108 306,2109 308,2110 325,2126 347,2126 349,2132 348,2136 347,2138 345,2141 337,2149 335,2150 332,2152 330,2153 258,2153 257,2148 250,2136 248,2133 251,2127 281,2127 299,2109"/>
					<TextEquiv>
						<Unicode>τῶν</Unicode>
					</TextEquiv>
				</Word>
				<Word id="r1204">
					<Coords points="553,2103 556,2105 619,2105 637,2123 684,2124 685,2129 698,2142 699,2144 700,2148 699,2152 697,2155 695,2157 691,2159 477,2162 472,2166 454,2153 448,2152 405,2151 402,2150 400,2149 396,2146 392,2140 391,2138 389,2130 389,2122 390,2119 391,2117 395,2113 400,2109 407,2107 549,2105"/>
					<TextEquiv>
						<Unicode>Οὐριάτθου,</Unicode>
					</TextEquiv>
				</Word>
				<Word id="r1205">
					<Coords points="814,2102 818,2104 819,2107 822,2113 824,2119 825,2137 828,2139 827,2142 823,2148 821,2150 819,2151 741,2150 741,2148 742,2143 743,2139 744,2136 745,2132 747,2126 748,2125 750,2124 788,2123 791,2123"/>
					<TextEquiv>
						<Unicode>καὶ</Unicode>
					</TextEquiv>
				</Word>
				<Word id="r1206">
					<Coords points="943,2101 948,2103 1078,2105 1090,2107 1105,2120 1109,2121 1139,2122 1139,2127 1138,2131 1136,2133 1135,2135 1132,2140 1127,2143 1125,2145 1117,2147 1090,2148 1080,2157 1077,2159 1073,2161 953,2162 948,2163 932,2163 919,2150 875,2149 869,2146 867,2131 869,2128 871,2103 940,2102"/>
					<TextEquiv>
						<Unicode>διήρπαζεν</Unicode>
					</TextEquiv>
				</Word>
				<Word id="r1207">
					<Coords points="1256,2097 1279,2118 1321,2118 1346,2119 1349,2121 1351,2122 1367,2138 1368,2141 1365,2146 1364,2149 1361,2150 1359,2151 1273,2152 1261,2163 1245,2147 1190,2146 1185,2145 1181,2143 1180,2140 1179,2138 1179,2132 1180,2129 1181,2127 1184,2123 1187,2104 1188,2102 1189,2101 1191,2100 1251,2100"/>
					<TextEquiv>
						<Unicode>ἑτέρας,</Unicode>
					</TextEquiv>
				</Word>
				<Word id="r1208">
					<Coords points="1468,2097 1470,2099 1474,2104 1477,2108 1478,2110 1481,2130 1483,2136 1481,2138 1479,2141 1476,2143 1396,2143 1396,2139 1397,2137 1398,2134 1399,2132 1400,2128 1401,2126 1402,2123 1403,2119 1405,2118 1421,2117 1448,2117"/>
					<TextEquiv>
						<Unicode>καὶ</Unicode>
					</TextEquiv>
				</Word>
				<Word id="r1209">
					<Coords points="1564,2117 1641,2117 1643,2118 1656,2126 1663,2128 1656,2130 1637,2142 1635,2143 1531,2143 1527,2142 1524,2140 1522,2137 1521,2135 1521,2132 1522,2129 1525,2123 1528,2121 1532,2119 1535,2118 1563,2118"/>
					<TextEquiv>
						<Unicode>συνε-</Unicode>
					</TextEquiv>
				</Word>
				<TextEquiv>
					<Unicode>τῶν Οὐριάτθου, καὶ διήρπαζεν ἑτέρας, καὶ συνε-</Unicode>
				</TextEquiv>
			</TextLine>
			<TextLine id="r130">
				<Coords points="1648,2162 1650,2163 1652,2166 1653,2173 1654,2175 1656,2178 1660,2183 1664,2201 1666,2204 1665,2207 1662,2210 1660,2211 1659,2212 1570,2212 1549,2213 1532,2230 1330,2231 1308,2232 945,2233 943,2234 261,2235 260,2223 249,2211 248,2209 247,2205 248,2201 252,2197 255,2196 257,2195 278,2195 301,2172 1221,2167 1300,2165 1647,2163"/>
				<Word id="r1210">
					<Coords points="302,2172 325,2193 504,2193 536,2195 536,2204 534,2206 533,2209 529,2213 525,2216 523,2218 519,2219 517,2220 347,2221 344,2222 334,2223 323,2234 260,2228 249,2211 248,2209 247,2206 248,2202 253,2197 257,2195 278,2195"/>
					<TextEquiv>
						<Unicode>γίγνωσκεν</Unicode>
					</TextEquiv>
				</Word>
				<Word id="r1211">
					<Coords points="603,2171 605,2172 612,2178 651,2178 655,2179 659,2182 665,2187 778,2191 780,2192 781,2195 781,2197 780,2200 760,2201 759,2219 758,2221 756,2222 752,2223 747,2220 581,2219 579,2218 577,2214 576,2209 577,2204 578,2202 580,2199 588,2191 588,2174 599,2174"/>
					<TextEquiv>
						<Unicode>ἄλλαις·</Unicode>
					</TextEquiv>
				</Word>
				<Word id="r1212">
					<Coords points="902,2169 1026,2172 1031,2175 1036,2176 1038,2177 1049,2188 1137,2181 1170,2182 1170,2194 1173,2204 1173,2207 1172,2210 1170,2212 1167,2214 1166,2215 969,2216 953,2229 946,2232 943,2233 942,2234 912,2234 895,2217 860,2215 857,2210 857,2207 858,2204 859,2200 867,2192 869,2191 880,2191"/>
					<TextEquiv>
						<Unicode>αἰχμάλωτα</Unicode>
					</TextEquiv>
				</Word>
				<Word id="r1213">
					<Coords points="1221,2167 1250,2168 1251,2171 1251,2173 1250,2176 1248,2180 1242,2182 1238,2183 1237,2202 1235,2208 1232,2211 1229,2213 1227,2214 1220,2214 1217,2213 1214,2211 1213,2209 1212,2205 1212,2199 1213,2196 1215,2193 1217,2168 1220,2168"/>
					<TextEquiv>
						<Unicode>δ᾽</Unicode>
					</TextEquiv>
				</Word>
				<Word id="r1214">
					<Coords points="1302,2165 1324,2186 1411,2186 1413,2187 1413,2192 1412,2196 1411,2199 1408,2202 1406,2205 1405,2206 1402,2208 1399,2211 1396,2212 1392,2213 1355,2214 1339,2230 1309,2230 1305,2232 1286,2214 1284,2213 1281,2209 1280,2203 1281,2197 1282,2195 1284,2192 1285,2185 1286,2174 1292,2168"/>
					<TextEquiv>
						<Unicode>ἔχων</Unicode>
					</TextEquiv>
				</Word>
				<Word id="r1215">
					<Coords points="1563,2164 1566,2166 1568,2169 1571,2175 1572,2179 1575,2199 1577,2203 1576,2206 1574,2209 1572,2210 1569,2211 1541,2212 1537,2214 1535,2219 1534,2225 1532,2228 1528,2228 1479,2226 1478,2226 1466,2214 1448,2213 1446,2212 1444,2207 1444,2203 1445,2199 1446,2197 1448,2195 1449,2193 1459,2183 1460,2166 1561,2165"/>
					<TextEquiv>
						<Unicode>ἀμφὶ</Unicode>
					</TextEquiv>
				</Word>
				<Word id="r1216">
					<Coords points="1648,2163 1651,2165 1652,2170 1653,2174 1655,2177 1658,2182 1660,2186 1661,2193 1665,2203 1664,2206 1659,2211 1611,2210 1610,2206 1603,2196 1602,2193 1603,2189 1606,2186 1616,2185 1645,2164"/>
					<TextEquiv>
						<Unicode>τὰ</Unicode>
					</TextEquiv>
				</Word>
				<TextEquiv>
					<Unicode>γίγνωσκεν ἄλλαις· αἰχμάλωτα δ᾽ ἔχων ἀμφὶ τὰ</Unicode>
				</TextEquiv>
			</TextLine>
			<TextLine id="r131">
				<Coords points="1619,2231 1644,2253 1648,2254 1650,2256 1651,2261 1663,2273 1664,2278 1663,2283 1659,2287 1657,2288 1656,2289 1499,2289 1491,2297 248,2302 249,2298 250,2295 251,2290 253,2284 254,2280 255,2277 256,2275 258,2267 259,2265 261,2264 291,2264 312,2243 1616,2233"/>
				<Word id="r1217">
					<Coords points="314,2243 335,2262 401,2262 420,2281 422,2282 423,2287 416,2297 414,2298 249,2299 250,2296 252,2288 253,2285 254,2281 257,2272 258,2268 259,2265 260,2264 291,2264"/>
					<TextEquiv>
						<Unicode>μύρια,</Unicode>
					</TextEquiv>
				</Word>
				<Word id="r1218">
					<Coords points="753,2240 777,2260 824,2260 826,2261 826,2266 825,2269 823,2273 819,2278 814,2283 811,2285 806,2286 495,2289 480,2290 478,2290 476,2288 472,2277 470,2266 472,2264 474,2263 524,2262 527,2261 729,2261"/>
					<TextEquiv>
						<Unicode>πεντακοσίων</Unicode>
					</TextEquiv>
				</Word>
				<Word id="r1219">
					<Coords points="924,2239 946,2258 963,2258 965,2259 965,2265 964,2268 963,2270 962,2273 958,2278 953,2281 950,2283 945,2285 943,2286 889,2287 875,2299 874,2293 876,2287 877,2282 880,2273 882,2263 884,2260 901,2259"/>
					<TextEquiv>
						<Unicode>μὲν</Unicode>
					</TextEquiv>
				</Word>
				<Word id="r1220">
					<Coords points="1112,2237 1133,2255 1231,2255 1236,2256 1238,2257 1239,2259 1238,2261 1236,2266 1235,2275 1232,2283 1231,2284 1190,2284 1177,2296 1166,2286 1055,2285 1019,2284 1016,2282 1014,2272 1018,2266 1019,2264 1029,2247 1030,2238 1108,2238"/>
					<TextEquiv>
						<Unicode>ἀπέτεμε</Unicode>
					</TextEquiv>
				</Word>
				<Word id="r1221">
					<Coords points="1326,2236 1355,2255 1365,2256 1372,2261 1371,2264 1367,2265 1366,2281 1365,2283 1363,2284 1360,2285 1358,2286 1355,2285 1291,2282 1290,2273 1281,2262 1282,2258 1285,2256 1288,2255 1305,2255"/>
					<TextEquiv>
						<Unicode>τὰς</Unicode>
					</TextEquiv>
				</Word>
				<Word id="r1222">
					<Coords points="1619,2232 1642,2253 1645,2254 1650,2259 1663,2276 1662,2281 1657,2287 1656,2288 1499,2288 1489,2297 1467,2282 1459,2281 1457,2280 1418,2279 1418,2274 1422,2262 1423,2258 1424,2255 1440,2253 1442,2252 1484,2252 1498,2238 1500,2237 1612,2235 1615,2233 1617,2233"/>
					<TextEquiv>
						<Unicode>κεφαλάς,</Unicode>
					</TextEquiv>
				</Word>
				<TextEquiv>
					<Unicode>μύρια, πεντακοσίων μὲν ἀπέτεμε τὰς κεφαλάς,</Unicode>
				</TextEquiv>
			</TextLine>
			<TextLine id="r132">
				<Coords points="1417,2301 1419,2302 1638,2302 1662,2323 1666,2324 1666,2330 1665,2332 1664,2335 1659,2340 1653,2344 1652,2346 1648,2348 1647,2349 1629,2349 1594,2350 1578,2365 1575,2363 350,2361 261,2358 260,2354 251,2339 252,2334 253,2333 297,2332 303,2332 325,2310 880,2307 883,2305 1412,2303 1416,2302"/>
				<Word id="r1223">
					<Coords points="326,2310 353,2331 360,2332 362,2333 366,2336 367,2338 364,2341 362,2342 361,2358 360,2360 352,2360 323,2358 260,2357 260,2350 252,2341 251,2339 253,2333 297,2332 303,2332"/>
					<TextEquiv>
						<Unicode>τοὺς</Unicode>
					</TextEquiv>
				</Word>
				<Word id="r1224">
					<Coords points="425,2310 459,2310 461,2313 463,2317 465,2323 466,2328 467,2332 469,2334 467,2337 466,2338 465,2357 459,2358 454,2357 420,2354 417,2348 417,2343 419,2341 420,2338 421,2336 422,2313"/>
					<TextEquiv>
						<Unicode>δὲ</Unicode>
					</TextEquiv>
				</Word>
				<Word id="r1225">
					<Coords points="693,2309 721,2330 729,2331 733,2333 735,2336 734,2338 732,2339 729,2340 727,2357 724,2359 718,2358 519,2356 518,2320 517,2317 683,2317"/>
					<TextEquiv>
						<Unicode>λοιποὺς</Unicode>
					</TextEquiv>
				</Word>
				<Word id="r1226">
					<Coords points="884,2305 886,2306 902,2306 906,2307 909,2309 911,2310 927,2326 1000,2326 1003,2327 1005,2328 1023,2346 1023,2349 1022,2351 1022,2353 998,2353 964,2354 918,2357 791,2355 788,2354 786,2353 785,2351 785,2341 788,2338 790,2335 800,2325 800,2308 881,2307 883,2306"/>
					<TextEquiv>
						<Unicode>ἀπέδοτο.</Unicode>
					</TextEquiv>
				</Word>
				<Word id="r1227">
					<Coords points="1191,2304 1195,2307 1196,2309 1198,2315 1200,2319 1202,2340 1205,2343 1203,2347 1201,2350 1199,2351 1196,2352 1117,2352 1117,2349 1118,2345 1119,2342 1120,2340 1124,2328 1126,2326 1128,2325 1170,2325"/>
					<TextEquiv>
						<Unicode>καὶ</Unicode>
					</TextEquiv>
				</Word>
				<Word id="r1228">
					<Coords points="1417,2302 1419,2303 1453,2303 1457,2304 1459,2305 1475,2321 1525,2321 1527,2322 1529,2324 1530,2326 1529,2330 1528,2333 1527,2335 1525,2338 1517,2346 1513,2348 1510,2349 1508,2350 1437,2350 1426,2361 1417,2352 1256,2351 1255,2307 1261,2306 1268,2305 1411,2304 1415,2303"/>
					<TextEquiv>
						<Unicode>Κοννόβαν</Unicode>
					</TextEquiv>
				</Word>
				<Word id="r1229">
					<Coords points="1636,2302 1662,2324 1664,2330 1663,2332 1660,2337 1656,2341 1652,2342 1650,2346 1648,2347 1647,2348 1628,2348 1593,2349 1577,2364 1576,2359 1578,2351 1580,2345 1581,2340 1582,2337 1583,2333 1584,2326 1585,2324 1587,2323 1603,2322 1615,2322"/>
					<TextEquiv>
						<Unicode>μέν</Unicode>
					</TextEquiv>
				</Word>
				<TextEquiv>
					<Unicode>τοὺς δὲ λοιποὺς ἀπέδοτο. καὶ Κοννόβαν μέν</Unicode>
				</TextEquiv>
			</TextLine>
			<TextLine id="r133">
				<Coords points="1498,2369 1655,2369 1658,2374 1661,2378 1662,2381 1664,2404 1667,2408 1666,2411 1665,2413 1662,2417 1607,2417 1588,2419 1553,2420 1552,2423 1549,2426 1095,2433 1035,2437 1031,2439 412,2442 250,2433 251,2412 250,2404 251,2402 261,2400 291,2399 377,2399 391,2385 454,2381 741,2377 743,2376 864,2375 866,2374 1445,2372 1447,2371 1495,2370 1497,2370"/>
				<Word id="r1230">
					<Coords points="292,2399 294,2400 359,2400 361,2401 363,2415 365,2417 364,2420 362,2423 359,2426 307,2426 263,2427 259,2427 258,2425 258,2419 250,2408 251,2403 255,2401 260,2400 291,2400"/>
					<TextEquiv>
						<Unicode>τινα</Unicode>
					</TextEquiv>
				</Word>
				<Word id="r1231">
					<Coords points="458,2381 478,2398 701,2398 703,2399 703,2404 702,2409 699,2413 695,2415 694,2419 691,2420 689,2422 686,2423 682,2424 655,2425 640,2440 430,2441 414,2425 393,2425 391,2389 390,2385 451,2385"/>
					<TextEquiv>
						<Unicode>λῄσταρχον</Unicode>
					</TextEquiv>
				</Word>
				<Word id="r1232">
					<Coords points="867,2374 890,2396 913,2396 914,2398 914,2401 912,2407 910,2410 909,2412 906,2414 904,2417 902,2418 900,2420 896,2423 891,2425 889,2424 738,2423 736,2422 734,2420 732,2416 731,2411 733,2405 736,2401 740,2397 741,2379 742,2377 744,2376 866,2375"/>
					<TextEquiv>
						<Unicode>ἑαυτὸν</Unicode>
					</TextEquiv>
				</Word>
				<Word id="r1233">
					<Coords points="1137,2374 1158,2392 1308,2392 1310,2407 1311,2411 1310,2413 1308,2416 1287,2418 1225,2420 1131,2421 1105,2422 1094,2433 1038,2434 1030,2438 999,2438 980,2437 978,2437 955,2422 944,2419 942,2416 941,2410 942,2404 943,2402 954,2383 955,2375 1133,2375"/>
					<TextEquiv>
						<Unicode>ἐγχειρίσαντα</Unicode>
					</TextEquiv>
				</Word>
				<Word id="r1234">
					<Coords points="1499,2369 1529,2390 1538,2392 1555,2413 1554,2418 1552,2420 1549,2424 1430,2426 1425,2427 1417,2419 1352,2417 1350,2381 1349,2378 1351,2377 1441,2375 1445,2373 1447,2371 1495,2370 1497,2370"/>
					<TextEquiv>
						<Unicode>λαβών,</Unicode>
					</TextEquiv>
				</Word>
				<Word id="r1235">
					<Coords points="1653,2369 1656,2371 1657,2373 1660,2377 1661,2380 1662,2387 1663,2399 1665,2407 1665,2408 1664,2411 1662,2414 1606,2416 1589,2417 1587,2418 1583,2417 1584,2413 1585,2411 1586,2408 1587,2406 1588,2403 1589,2399 1590,2396 1600,2392 1608,2391 1629,2390 1632,2390"/>
					<TextEquiv>
						<Unicode>καὶ</Unicode>
					</TextEquiv>
				</Word>
				<TextEquiv>
					<Unicode>τινα λῄσταρχον ἑαυτὸν ἐγχειρίσαντα λαβών, καὶ</Unicode>
				</TextEquiv>
			</TextLine>
			<TextLine id="r38">
				<Coords points="251,2465 355,2483 353,2522 320,2530 240,2525 240,2523 238,2484"/>
				<Word id="r1236">
					<Coords points="262,2482 301,2482 334,2484 337,2503 341,2508 338,2512 336,2515 335,2520 333,2522 296,2522 285,2511 252,2510 252,2489 253,2487 254,2486 259,2483"/>
					<TextEquiv>
						<Unicode>244</Unicode>
					</TextEquiv>
				</Word>
				<TextEquiv>
					<Unicode>244</Unicode>
				</TextEquiv>
			</TextLine>
		</TextRegion>
	</Page>
</PcGts>
