1747 2693
98 299 194 327 CAP.

105 339 173 368 XII

288 165 583 208 APPIAN'S
635 165 869 207 ROMAN
920 165 1229 217 HISTORY,
1275 165 1454 207 BOOK
1501 163 1564 206 VI

219 288 526 352 φεισάμενος
591 288 749 337 αὐτοῦ
812 287 985 346 μόνου,
1040 293 1118 337 69.
1160 288 1277 341 τοὺς
1341 289 1437 338 σὺν
1501 289 1633 352 αὐτῷ

219 363 421 417 πάντας
483 363 905 428 ἐχειροκόπησεν,
969 362 1267 428 Οὐρίατθον
1328 363 1379 411 δὲ
1443 363 1635 411 διώκων

218 436 493 500 Ἐρισάνην
544 437 703 486 αὐτοῦ
753 435 908 486 πόλιν
958 437 1332 500 ἀπετάφρευεν,
1383 439 1431 490 ἐς
1491 437 1551 496 ἣν
1612 435 1633 484 ὁ

219 512 510 575 Οὐρίατθος
545 512 817 575 ἐσδραμὼν
843 512 1024 564 νυκτὸς
1063 512 1168 575 ἅμα
1197 512 1261 575 ἕῳ
1288 516 1394 564 τοῖς
1433 512 1635 575 ἐργαζο-

216 588 383 649 μένοις
410 588 657 643 ἐπέκειτο,
684 587 840 648 μέχρι
867 586 931 635 τὰ
960 591 1190 649 σκαφεῖα
1216 588 1466 649 ῥίψαντες
1494 589 1636 649 ἔφευ-

217 684 323 724 γον.
399 662 490 723 τήν
531 683 585 710 τε
626 662 796 723 ἄλλην
837 664 1105 725 στρατιάν,
1148 662 1498 727 ἐκταχθεῖσαν
1538 660 1637 709 ὑπὸ

220 741 310 785 τοῦ
346 734 730 801 Σερουιλιανοῦ,
764 737 1086 801 τρεψάμενος
1127 735 1309 799 ὁμοίως
1349 735 1636 802 Οὐρίατθος

220 811 411 868 ἐδίωκε,
441 812 527 860 καὶ
568 812 865 870 συνήλασεν
904 812 952 865 ἐς
991 810 1256 874 κρημνούς,
1296 811 1411 860 ὅθεν
1451 812 1543 860 οὐκ
1578 811 1637 871 ἦν

219 890 326 939 τοῖς
361 885 632 940 Ῥωμαίοις
677 886 959 950 διαφυγεῖν.
1035 885 1328 950 Οὐρίατθος
1371 885 1419 934 δὲ
1463 886 1510 940 ἐς
1549 885 1637 949 τὴν

220 959 465 1027 εὐτυχίαν
507 961 605 1028 οὐχ
650 962 881 1027 ὕβρισεν,
935 960 1079 1009 ἀλλὰ
1130 960 1342 1026 νομίσας
1392 963 1443 1009 ἐν
1493 965 1638 1027 καλῷ

220 1037 479 1097 θήσεσθαι
517 1036 605 1086 τὸν
644 1038 873 1098 πόλεμον
912 1037 998 1086 ἐπὶ
1025 1038 1205 1101 χάριτι
1230 1038 1466 1101 λαμπρᾷ,
1494 1057 1636 1083 συνε-

219 1112 388 1159 τίθετο
453 1112 738 1175 Ῥωμαίοις,
803 1112 890 1161 καὶ
951 1111 1043 1165 τὰς
1093 1111 1357 1174 συνθήκας
1407 1110 1431 1160 ὁ
1484 1110 1635 1174 δῆμος

220 1187 562 1251 ἐπεκύρωσεν·
620 1185 915 1249 Οὐρίατθον
967 1186 1093 1234 εἶναι
1143 1185 1410 1246 Ῥωμαίων
1466 1185 1636 1243 φίλον,

220 1261 306 1308 καὶ
338 1262 453 1310 τοὺς
486 1261 570 1309 ὑπ᾽
607 1262 743 1326 αὐτῷ
776 1261 975 1314 πάντας
1010 1261 1067 1321 ἧς
1100 1261 1284 1326 ἔχουσι
1317 1264 1411 1322 γῆς
1442 1260 1634 1326 ἄρχειν.

220 1335 314 1383 ὧδε
344 1335 437 1398 μὲν
470 1335 493 1383 ὁ
528 1335 826 1397 Οὐριάτθου
858 1336 1086 1395 πόλεμος
1122 1336 1282 1383 ἐδόκει
1315 1337 1637 1393 πεπαῦσθαι,

218 1409 598 1475 χαλεπώτατός
656 1432 710 1459 τε
756 1409 1030 1472 Ῥωμαίοις
1090 1410 1356 1471 γενόμενος
1418 1409 1504 1458 καὶ
1554 1410 1637 1459 ἐπὶ

218 1486 488 1553 εὐεργεσίᾳ
513 1485 839 1537 καταλυθείς.
872 1491 949 1536 70.
973 1485 1028 1534 οὐ
1053 1485 1153 1545 μὴν
1179 1484 1437 1546 ἐπέμεινεν
1463 1484 1565 1533 οὐδ᾽
1590 1486 1635 1538 ἐς

218 1562 400 1626 βραχὺ
427 1562 490 1609 τὰ
530 1563 855 1623 συγκείμενα·
897 1561 921 1610 ὁ
948 1582 1048 1626 γαρ
1086 1558 1311 1626 ἀδελφὸς
1339 1558 1637 1625 Σερουιλια-

220 1633 307 1677 νοῦ
356 1633 447 1676 τοῦ
496 1633 665 1678 ταῦτα
713 1630 1039 1694 συνθεμένου,
1093 1628 1348 1684 Καιπίων,
1400 1626 1636 1693 διάδοχος

221 1697 361 1761 αὐτῷ
412 1702 500 1760 τῆς
561 1697 884 1763 στρατηγίας
933 1697 1198 1762 γενόμενος
1244 1696 1495 1755 διέβαλλε
1545 1696 1634 1750 τὰς

222 1766 500 1827 συνθήκας,
554 1767 637 1816 καὶ
692 1766 981 1817 ἐπέστελλε
1052 1765 1329 1827 Ῥωμαίοις
1413 1768 1634 1829 ἀπρεπε-

221 1835 419 1883 στάτας
458 1835 601 1885 εἶναι.
677 1836 763 1886 καὶ
801 1838 828 1897 ἡ
868 1835 1041 1897 βουλὴ
1067 1835 1125 1884 τὸ
1150 1835 1240 1898 μὲν
1268 1838 1473 1898 πρῶτον
1499 1834 1633 1898 αὐτῷ

222 1906 507 1969 συνεχώρει
569 1906 741 1969 κρύφα
789 1908 978 1953 λυπεῖν
1030 1904 1118 1953 τὸν
1170 1902 1462 1966 Οὐρίατθον
1512 1902 1538 1950 ὅ
1589 1925 1635 1950 τι

222 1972 562 2036 δοκιμάσειεν·
616 1974 678 2025 ὡς
729 1973 769 2021 δ᾽
809 1973 958 2026 αὖθις
1001 1972 1227 2037 ἠνώχλει
1270 1972 1357 2021 καὶ
1408 1974 1637 2037 συνεχῶς

222 2042 556 2095 ἐπέστελλεν,
609 2042 773 2102 ἔκρινε
821 2041 984 2090 λῦσαί
1033 2063 1087 2089 τε
1138 2042 1228 2091 τὰς
1269 2040 1499 2091 σπονδὰς
1548 2041 1631 2088 καὶ

222 2112 449 2172 φανερῶς
476 2113 723 2170 πολεμεῖν
748 2112 893 2163 αὖθις
911 2111 1200 2172 Οὐριάτθῳ.
1273 2107 1634 2172 ἐψηφισμένου

222 2177 281 2241 δὴ
309 2181 507 2241 σαφῶς,
538 2178 559 2226 ὁ
597 2177 836 2228 Καιπίων
880 2178 1087 2243 Ἄρσαν
1123 2199 1176 2226 τε
1217 2177 1372 2226 πόλιν
1400 2177 1636 2227 ἐκλιπόν-

221 2266 306 2298 τος
355 2248 653 2312 Οὐριάτθου
693 2248 982 2312 παρέλαβε,
1023 2248 1108 2295 καὶ
1148 2244 1305 2295 αὐτὸν
1346 2244 1635 2311 Οὐρίατθον

222 2315 481 2375 φεύγοντά
530 2337 584 2364 τε
634 2316 718 2364 καὶ
769 2315 831 2363 τὰ
871 2316 921 2365 ἐν
959 2316 1165 2377 παρόδῳ
1204 2314 1482 2378 φθείροντα
1520 2314 1635 2378 περὶ

222 2383 607 2446 Καρπητανίαν
657 2384 939 2445 κατέλαβε,
990 2385 1132 2434 πολὺ
1191 2382 1435 2437 πλείονας
1486 2382 1632 2448 ἔχων.

223 2475 309 2528 246
