1747 2693
119 281 217 313 CAP.

129 321 198 350 XII

308 151 604 192 APPIAN'S
655 154 887 195 ROMAN
941 153 1248 206 HISTORY,
1296 154 1473 195 BOOK
1525 154 1585 194 VI

242 274 356 321 ὅθεν
383 272 407 322 ὁ
444 274 734 340 Οὐρίατθος
776 274 832 324 οὐ
863 274 1148 337 δοκιμάζων
1187 275 1326 339 αὐτῷ
1365 277 1655 337 συμπλέκε-

242 349 367 395 σθαι
400 349 482 396 διὰ
522 349 612 412 τὴν
655 350 956 412 ὀλιγότητα,
993 351 1127 398 κατὰ
1152 351 1243 412 μέν
1272 371 1383 398 τινα
1410 351 1654 412 φάραγγα

240 423 411 488 ἀφανῆ
480 423 536 472 τὸ
604 424 766 473 πλέον
837 427 927 472 τοῦ
1000 428 1230 489 στρατοῦ
1301 426 1656 489 περιέπεμψεν

240 498 464 550 ἀπιέναι,
499 498 556 548 τὸ
593 499 644 548 δὲ
678 498 867 548 λοιπὸν
902 499 1057 551 αὐτὸς
1096 499 1317 557 ἐκτάξας
1363 499 1448 548 ἐπὶ
1488 505 1657 566 λοφου

239 573 392 635 δόξαν
418 578 639 637 παρεῖχε
682 574 1089 635 πολεμήσοντος.
1179 575 1244 628 ὡς
1278 574 1316 621 δ᾽
1346 574 1533 637 ᾔσθετο
1561 576 1658 622 τῶν

237 649 754 710 προαπεσταλμένων
797 648 848 696 ἐν
897 649 1131 707 ἀσφαλεῖ
1180 648 1478 705 γεγονότων,
1519 648 1658 710 ἐξίπ-

238 744 429 772 πευσεν
480 724 526 774 ἐς
575 724 759 777 αὐτοὺς
807 723 937 786 μετὰ
987 723 1439 788 καταφρονήσεως,
1510 723 1656 787 ὀξέως

238 798 396 847 οὕτως
454 799 518 849 ὡς
560 799 673 859 μηδ᾽
724 798 1006 846 αἰσθέσθαι
1049 799 1166 851 τοὺς
1226 800 1500 850 διώκοντας
1542 800 1657 847 ὅποι

239 873 516 935 διέδραμεν.
617 873 639 922 ὁ
705 873 757 923 δὲ
809 874 1050 922 Καιπίων
1114 874 1161 925 ἐς
1210 874 1516 924 Οὐέττωνας
1575 874 1658 922 καὶ

240 947 581 998 Καλλαϊκοὺς
607 947 818 1010 τραπεὶς
846 948 909 995 τὰ
938 947 1136 996 ἐκείνων
1165 947 1326 1011 ἐδῄου.

310 1027 402 1073 71.
426 1023 530 1071 Καὶ
607 1024 742 1084 ζήλῳ
817 1025 917 1071 τῶν
990 1023 1150 1085 ἔργων
1213 1023 1508 1084 Οὐριάτθου
1569 1022 1657 1084 τὴν

238 1097 563 1146 Λυσιτανίαν
602 1098 866 1162 λῃστήρια
906 1097 1086 1145 πολλὰ
1128 1097 1272 1146 ἄλλα
1319 1097 1658 1163 ἐπιτρέχοντα

238 1173 458 1236 ἐπόρθει.
535 1170 720 1236 Σέξτος
762 1173 812 1220 δὲ
840 1172 1048 1224 Ἰούνιος
1093 1175 1318 1236 Βροῦτος
1365 1173 1450 1221 ἐπὶ
1493 1178 1657 1220 ταῦτα

237 1249 488 1312 πεμφθεὶς
529 1249 734 1311 ἀπέγνω
786 1248 876 1309 μὲν
925 1246 1061 1295 αὐτὰ
1112 1246 1308 1297 διώκειν
1355 1246 1435 1295 διὰ
1486 1246 1656 1312 χώρας

237 1327 453 1385 μακρᾶς,
481 1324 610 1384 ὅσην
639 1321 661 1370 ὁ
691 1322 857 1384 Τάγος
897 1342 951 1369 τε
992 1321 1080 1370 καὶ
1125 1321 1300 1385 Λήθης
1345 1322 1431 1370 καὶ
1477 1321 1656 1385 Δόριος

237 1397 327 1443 καὶ
392 1399 574 1447 Βαίτις
647 1396 873 1460 ποταμοὶ
934 1394 1244 1460 ναυσίποροι
1306 1394 1656 1461 περιέχουσιν,

241 1473 412 1535 ὀξέως,
442 1473 524 1521 οἷα
553 1473 612 1534 δὴ
650 1472 933 1535 λῃστήρια,
968 1470 1377 1531 μεθισταμένους
1418 1470 1659 1535 δυσεργὲς

239 1550 514 1609 ἡγούμενος
539 1549 665 1596 εἶναι
683 1549 1031 1607 καταλαβεῖν,
1050 1547 1136 1594 καὶ
1162 1546 1389 1611 αἰσχρὸν
1416 1546 1474 1594 οὐ
1500 1568 1656 1595 κατα-

238 1622 480 1682 λαβόντι,
512 1624 597 1672 καὶ
626 1624 894 1684 νικήσαντι
924 1622 981 1671 τὸ
1018 1622 1165 1687 ἔργον
1193 1622 1250 1670 οὐ
1287 1621 1548 1687 λαμπρόν·
1612 1622 1658 1674 ἐς

240 1700 291 1747 δὲ
320 1700 410 1751 τὰς
437 1700 616 1751 πόλεις
640 1700 807 1747 αὐτῶν
837 1699 1107 1763 ἐτράπετο,
1131 1697 1273 1759 δίκην
1301 1718 1355 1745 τε
1380 1698 1655 1762 λήψεσθαι

238 1774 559 1838 προσδοκῶν,
589 1774 677 1823 καὶ
703 1778 764 1838 τῇ
794 1775 1020 1837 στρατιᾷ
1048 1773 1187 1822 πολὺ
1214 1772 1388 1837 κέρδος
1429 1772 1656 1837 περιέσε-

239 1852 379 1903 σθαι,
422 1850 508 1899 καὶ
548 1850 663 1904 τοὺς
713 1850 916 1915 λῃστὰς
967 1850 1015 1903 ἐς
1066 1849 1291 1909 ἑκάστην
1330 1851 1394 1900 ὡς
1432 1848 1655 1912 πατρίδα

240 1925 641 1974 κινδυνεύουσαν
692 1924 1130 1987 διαλυθήσεσθαι.
1205 1923 1228 1972 ὁ
1281 1923 1368 1983 μὲν
1411 1923 1470 1985 δὴ
1517 1923 1655 1972 ταῦτ̓

240 2003 606 2064 ἐνθυμούμενος
658 2001 806 2064 ἐδῄου
852 1998 916 2048 τὰ
958 2000 1009 2047 ἐν
1056 1998 1214 2047 ποσὶν
1264 1998 1490 2050 ἅπαντα,
1534 2020 1656 2062 συμ-

239 2076 544 2141 μαχομένων
582 2080 685 2129 τοῖς
725 2074 944 2139 ἀνδράσι
983 2077 1081 2124 τῶν
1124 2078 1379 2137 γυναικῶν
1418 2074 1504 2122 καὶ
1543 2096 1657 2122 συν-

241 2152 631 2216 αναιρουμένων,
678 2151 767 2200 καὶ
817 2151 873 2198 οὔ
925 2171 1038 2199 τινα
1088 2149 1260 2210 φωνὴν
1311 2148 1410 2196 οὐδ᾽
1450 2149 1499 2197 ἐν
1550 2153 1658 2202 ταῖς

244 2231 477 2293 σφαγαῖς
506 2229 772 2291 ἀφιεισῶν.
849 2225 949 2274 εἰσὶ
989 2223 1027 2272 δ᾽
1057 2224 1106 2273 οἳ
1141 2224 1228 2274 καὶ
1257 2226 1304 2276 ἐς
1331 2223 1395 2272 τὰ
1424 2224 1512 2288 ὄρη
1549 2223 1657 2288 μεθ᾽

241 2303 309 2351 ὧν
371 2303 612 2350 ἐδύναντο
678 2302 960 2362 ἀνεπήδων·
1026 2302 1111 2349 καὶ
1176 2301 1348 2352 αὐτοῖς
1411 2300 1654 2361 δεομένοις

241 2377 653 2441 συνεγίγνωσκεν
681 2377 704 2424 ὁ
733 2379 971 2441 Βροῦτος,
1001 2378 1088 2425 καὶ
1116 2376 1179 2424 τὰ
1207 2377 1329 2425 ὄντα
1357 2375 1623 2439 ἐμερίζετο.

244 2471 330 2523 248
