1747 2693
135 286 243 318 CAP.

146 326 215 355 XII

327 151 621 191 APPIAN'S
671 151 907 192 ROMAN
957 150 1264 203 HISTORY,
1310 150 1489 192 BOOK
1536 151 1601 191 VI

329 276 408 322 72.
449 272 553 321 Kαὶ
574 272 660 321 τὸν
683 271 868 335 Δόριον
887 271 1124 335 περάσας
1144 271 1324 320 πολλὰ
1350 271 1441 333 μὲν
1460 271 1670 343 πολέμῳ

258 347 561 411 κατέδραμε,
584 345 763 395 πολλὰ
792 345 843 395 δὲ
869 345 1014 409 παρὰ
1041 349 1141 396 τῶν
1167 346 1353 398 αὑτοὺς
1380 345 1671 395 ἐνδιδόντων

258 425 425 486 ὅμηρα
473 422 695 485 αἰτήσας
745 421 831 470 ἐπὶ
882 422 1059 483 Λήθην
1108 422 1298 484 μετῄει,
1339 425 1542 486 πρῶτος
1592 422 1674 470 ὅδε

256 495 522 561 Ῥωμαίων
561 496 775 545 ἐπινοῶν
816 495 905 546 τὸν
945 494 1180 559 ποταμὸν
1223 494 1367 545 τόνδε
1411 495 1673 559 διαβῆναι.

257 573 493 638 περάσας
544 571 595 621 δὲ
631 571 720 619 καὶ
758 570 916 627 τόνδε,
958 570 1044 620 καὶ
1081 570 1234 637 μέχρι
1276 570 1462 635 Νίμιος
1502 570 1672 636 ἑτέρου

257 650 498 710 ποταμοῦ
547 645 833 710 προελθών,
874 645 1161 710 Βρακάρων
1205 646 1346 709 αὐτῷ
1393 645 1673 709 φερομένην

259 723 451 786 ἀγορὰν
478 722 829 786 ἁρπασάντων
856 721 1163 786 ἐστράτευεν
1191 720 1276 770 ἐπὶ
1315 722 1433 774 τοὺς
1471 722 1673 786 Βρακά-

256 818 392 862 ρους,
431 796 485 846 οἵ
513 797 644 847 εἰσιν
683 796 824 850 ἔθνος
857 796 1249 861 μαχιμώτατον,
1288 796 1376 845 καὶ
1417 795 1524 858 ἅμα
1564 801 1676 847 ταῖς

257 872 491 933 γυναιξὶν
541 872 897 934 ὡπλισμέναις
959 871 1044 919 καὶ
1107 870 1210 918 οἵδε
1259 871 1531 935 ἐμάχοντο,
1589 873 1675 919 καὶ

259 942 532 1004 προθύμως
571 942 838 1002 ἔθνησκον,
889 941 980 988 οὐκ
1031 940 1464 1003 ἐπιστρεφόμενος
1509 939 1676 988 αὐτῶν

261 1008 438 1065 οὐδείς,
467 1008 580 1058 οὐδὲ
607 1008 672 1057 τὰ
699 1011 836 1058 νῶτα
864 1008 1070 1062 δεικνύς,
1100 1008 1212 1056 οὐδὲ
1234 1007 1407 1069 φωνὴν
1428 1007 1674 1073 ἀφιέντες.

261 1079 385 1127 ὅσαι
423 1079 474 1126 δὲ
518 1078 806 1139 κατήγοντο
845 1079 945 1125 τῶν
982 1079 1254 1138 γυναικῶν,
1299 1075 1354 1124 αἱ
1390 1075 1481 1139 μὲν
1519 1075 1677 1129 αὑτὰς

263 1148 555 1213 διεχρῶντο,
569 1145 627 1195 αἱ
637 1145 688 1195 δὲ
700 1145 787 1195 καὶ
799 1148 898 1195 τῶν
916 1145 1102 1194 τέκνων
1119 1145 1416 1210 αὐτόχειρες
1435 1143 1676 1207 ἐγίνοντο,

262 1215 549 1281 χαίρουσαι
576 1218 646 1280 τῷ
686 1215 891 1278 θανάτῳ
928 1217 1132 1275 μᾶλλον
1168 1218 1257 1276 τῆς
1285 1212 1676 1279 αἰχμαλωσίας.

263 1283 366 1333 εἰσὶ
409 1283 461 1333 δέ
506 1304 634 1333 τινες
677 1285 776 1331 τῶν
802 1281 1006 1331 πόλεων
1032 1282 1087 1330 αἳ
1112 1281 1226 1331 τότε
1252 1281 1342 1344 μὲν
1369 1285 1438 1345 τῷ
1467 1281 1676 1345 Βρούτῳ

261 1350 648 1417 προσετίθεντο,
711 1352 769 1399 οὐ
818 1350 958 1400 πολὺ
1008 1350 1049 1398 δ᾽
1103 1352 1316 1416 ὕστερον
1367 1349 1674 1416 ἀφίσταντο.

260 1421 349 1470 καὶ
373 1421 534 1473 αὐτὰς
561 1421 584 1469 ὁ
613 1422 837 1483 Βροῦτος
863 1418 1245 1484 κατεστρέφετο
1272 1418 1433 1471 αὖθις.

333 1495 407 1538 73.
433 1488 557 1538 Ἐπὶ
578 1489 628 1538 δὲ
651 1489 972 1550 Ταλάβριγα
990 1488 1147 1537 πόλιν
1168 1487 1349 1543 ἐλθών,
1366 1487 1397 1549 ἣ
1419 1488 1678 1541 πολλάκις

259 1558 350 1622 μὲν
398 1559 537 1622 αὐτῷ
589 1558 927 1611 συνετέθειτο,
977 1557 1239 1608 πολλάκις
1291 1555 1343 1605 δὲ
1393 1557 1678 1604 ἀποστᾶσα

259 1628 504 1692 ἠνώχλει,
555 1626 1000 1690 παρακαλούντων
1057 1625 1214 1673 αὐτὸν
1270 1624 1356 1673 καὶ
1410 1625 1524 1673 τότε
1580 1628 1678 1673 τῶν

259 1696 614 1758 Ταλαβρίγων
645 1695 730 1742 καὶ
763 1693 1003 1742 διδόντων
1033 1693 1221 1746 αὑτοὺς
1255 1695 1302 1746 ἐς
1336 1693 1363 1741 ὅ
1397 1714 1446 1743 τι
1478 1693 1677 1757 χρῄζοι,

259 1767 443 1827 πρῶτα
478 1763 568 1827 μὲν
597 1763 713 1817 τοὺς
740 1761 1060 1824 αὐτομόλους
1080 1761 1349 1826 Ῥωμαίων
1373 1761 1482 1826 ᾔτει
1508 1762 1592 1810 καὶ
1615 1761 1678 1809 τὰ

260 1832 593 1898 αἰχμάλωτα,
607 1833 695 1881 καὶ
712 1832 855 1881 ὅπλα
875 1832 977 1880 ὅσα
995 1832 1152 1897 εἶχον,
1174 1832 1258 1880 καὶ
1278 1832 1445 1896 ὅμηρα
1462 1832 1547 1879 ἐπὶ
1565 1830 1675 1878 τού

262 1923 382 1956 τοις,
410 1901 501 1951 εἶτ᾽
529 1901 713 1954 αὐτοὺς
741 1900 981 1949 ἐκέλευσε
1009 1900 1105 1949 σὺν
1130 1900 1286 1949 παισὶ
1324 1900 1410 1948 καὶ
1448 1900 1678 1961 γυναιξὶν

260 1972 491 2019 ἐκλιπεῖν
518 1972 610 2030 τὴν
638 1971 808 2018 πόλιν.
886 1970 950 2022 ὡς
986 1970 1037 2017 δὲ
1068 1970 1156 2017 καὶ
1188 1969 1326 2016 τοῦθ᾽
1356 1967 1679 2029 ὑπέστησαν,

260 2039 351 2100 τὴν
374 2039 625 2103 στρατιὰν
646 2039 822 2092 αὐτοῖς
842 2037 1164 2102 περιστήσας
1188 2036 1502 2102 ἐδημηγόρει,
1520 2057 1679 2085 κατα-

258 2108 426 2169 λέγων
483 2107 662 2160 ὁσάκις
718 2107 1004 2156 ἀποσταῖεν
1064 2106 1153 2155 καὶ
1213 2106 1366 2158 ὅσους
1421 2105 1678 2168 πολέμους

260 2182 616 2240 πολεμήσειαν
642 2176 796 2240 αὐτῷ.
867 2176 1038 2240 φόβον
1066 2176 1116 2222 δὲ
1155 2175 1242 2222 καὶ
1269 2175 1422 2238 δόξαν
1450 2174 1676 2237 ἐμφήνας

261 2246 609 2310 ἐργασομένου
638 2266 685 2293 τι
712 2243 884 2299 δεινόν,
914 2243 1000 2293 ἐπὶ
1028 2246 1126 2293 τῶν
1154 2242 1356 2292 ὀνειδῶν
1384 2243 1551 2304 ἔληξε,
1593 2244 1676 2289 καὶ

261 2314 378 2365 τοὺς
404 2314 494 2377 μὲν
517 2314 707 2367 ἵππους
726 2313 898 2362 αὐτῶν
925 2312 1011 2360 καὶ
1038 2310 1125 2362 τὸν
1153 2315 1299 2360 σῖτον
1320 2310 1408 2360 καὶ
1428 2310 1675 2376 χρήματα

260 2382 361 2429 ὅσα
389 2382 535 2431 κοινὰ
561 2383 637 2445 ἦν,
664 2382 694 2444 ἢ
723 2383 768 2431 εἴ
793 2402 868 2434 τις
908 2381 1049 2443 ἄλλη
1089 2379 1310 2444 δημοσία
1350 2380 1676 2441 παρασκευή,

261 2487 349 2528 250
