1747 2693
110 272 206 302 CAP.

123 312 192 340 XII

300 136 594 177 APPIAN'S
644 135 879 177 ROMAN
930 132 1237 184 HISTORY,
1284 131 1463 172 BOOK
1514 128 1576 171 VI

233 260 407 309 πάντα
433 263 676 324 περιεῖλε,
704 258 796 319 τὴν
822 257 874 306 δὲ
900 257 1057 305 πόλιν
1084 255 1233 306 αὖθις
1270 253 1426 302 οἰκεῖν
1462 253 1643 301 ἔδωκεν

235 338 290 398 ἐξ
314 335 562 384 ἀέλπτου.
630 332 818 382 τοσάδε
841 331 931 393 μὲν
960 331 1017 391 δὴ
1049 333 1272 392 Βροῦτος
1301 329 1645 391 ἐργασάμενος

234 412 282 463 ἐς
321 410 517 472 Ῥώμην
556 409 727 472 ἀπῄει.
800 408 888 456 καὶ
937 407 1072 455 αὐτὰ
1121 406 1168 456 ἐς
1218 403 1310 467 τὴν
1354 403 1646 468 Οὐριάτθου

232 487 440 547 γραφὴν
484 486 795 545 συνήγαγον,
836 485 887 531 ἐν
924 486 993 546 τῷ
1032 481 1171 544 αὐτῷ
1214 480 1382 545 χρόνῳ
1432 478 1515 526 διὰ
1565 477 1648 526 τὸν

235 560 428 609 ἐκείνου
479 561 632 619 ζῆλον
678 558 777 606 ὑπὸ
827 557 1124 618 λῃστηρίων
1169 556 1348 602 ἄλλων
1393 554 1650 617 ἀρξάμενα

233 636 522 698 γίγνεσθαι.

308 716 385 759 74.
427 710 719 774 Οὐρίατθος
764 707 816 755 δὲ
869 707 1130 756 Καιπίωνι
1172 706 1289 766 περὶ
1331 705 1651 765 συμβάσεων

238 785 353 836 τοὺς
371 784 722 836 πιστοτάτους
740 784 879 846 αὑτῷ
898 783 1085 844 φίλους
1104 782 1415 844 ἐπέπεμπεν,
1436 780 1652 828 Αὔδακα

239 861 324 909 καὶ
374 861 684 908 Διτάλκωνα
734 859 823 907 καὶ
868 858 1144 921 Μίνουρον,
1187 857 1236 904 οἳ
1284 855 1651 920 διαφθαρέντες

242 937 341 985 ὑπὸ
402 939 493 984 τοῦ
556 932 855 984 Καιπίωνος
920 932 1097 996 δώροις
1159 952 1211 980 τε
1272 932 1518 993 μεγάλοις
1567 931 1654 978 καὶ

243 1014 571 1076 ὑποσχέσεσι
597 1013 824 1062 πολλαῖς
852 1011 1160 1069 ὑπέστησαν
1185 1009 1326 1071 αὐτῷ
1354 1008 1544 1054 κτενεῖν
1569 1005 1654 1053 τὸν

243 1090 554 1151 Οὐρίατθον.
629 1088 716 1135 καὶ
761 1087 992 1133 ἔκτειναν
1030 1082 1140 1131 ὧδε.
1218 1080 1654 1142 ὀλιγοϋπνότατος

241 1164 302 1224 ἦν
329 1162 411 1211 διὰ
437 1159 686 1225 φροντίδα
715 1160 803 1209 καὶ
841 1158 1027 1210 πόνους
1070 1157 1093 1207 ὁ
1132 1155 1440 1220 Οὐρίατθος,
1470 1156 1556 1204 καὶ
1594 1155 1657 1203 τὰ

243 1237 424 1287 πολλὰ
451 1237 668 1288 ἔνοπλος
691 1235 993 1288 ἀνεπαύετο,
1027 1234 1106 1282 ἵνα
1147 1229 1473 1294 ἐξεγρόμενος
1512 1229 1658 1283 εὐθὺς

245 1314 292 1364 ἐς
318 1314 493 1362 πάντα
520 1312 717 1364 ἕτοιμος
760 1311 851 1365 εἴη.
927 1312 1034 1362 τοῖς
1075 1308 1164 1357 οὖν
1205 1306 1377 1368 φίλοις
1419 1307 1536 1368 ἐξῆν
1571 1307 1659 1353 καὶ

244 1386 594 1451 νυκτερεύοντι
622 1384 969 1451 ἐντυγχάνειν.
1045 1383 1082 1448 ᾧ
1111 1381 1169 1445 δὴ
1196 1381 1285 1430 καὶ
1324 1381 1439 1429 τότε
1475 1381 1575 1428 ἔθει
1614 1381 1658 1428 οἱ

244 1463 362 1528 περὶ
399 1463 486 1511 τὸν
530 1463 747 1519 Αὔδακα
793 1461 1121 1524 φυλάξαντες
1161 1457 1334 1512 αὐτόν,
1373 1456 1659 1521 ἀρχομένου

247 1539 406 1587 ὕπνου
433 1535 706 1599 παρῆλθον
735 1537 780 1587 ἐς
810 1533 902 1595 τὴν
942 1533 1137 1595 σκηνὴν
1165 1534 1230 1584 ὡς
1257 1531 1316 1594 δή
1356 1552 1488 1584 τινος
1527 1531 1659 1580 ἐπεί-

245 1635 442 1674 γοντος,
471 1611 557 1661 καὶ
583 1614 852 1659 κεντοῦσιν
879 1608 1208 1671 ὡπλισμένον
1235 1607 1283 1660 ἐς
1311 1606 1401 1668 τὴν
1429 1606 1657 1670 σφαγήν·

247 1684 305 1731 οὐ
331 1684 430 1744 γὰρ
456 1683 518 1741 ἦν
557 1681 763 1728 ἄλλοθι.
840 1677 1076 1740 οὐδεμιᾶς
1122 1677 1159 1724 δ᾽
1188 1675 1482 1738 αἰσθήσεως
1522 1697 1660 1738 γενο-

246 1750 395 1812 μένης
424 1750 504 1798 διὰ
531 1749 622 1810 τὴν
649 1753 737 1810 τῆς
764 1752 971 1808 πληγῆς
1007 1744 1287 1808 εὐκαιρίαν,
1315 1744 1588 1808 διέδρασαν
1615 1746 1660 1794 ἐς

260 1818 529 1868 Καιπίωνα
573 1817 659 1866 καὶ
705 1817 795 1867 τὰς
837 1815 1027 1880 δωρεὰς
1077 1815 1250 1879 ᾔτουν.
1325 1812 1347 1861 ὁ
1391 1812 1428 1861 δ᾽
1474 1812 1658 1863 αὐτίκα

247 1889 337 1950 μὲν
363 1889 537 1940 αὐτοῖς
563 1886 744 1934 ἔδωκεν
771 1884 927 1938 ἀδεῶς
953 1884 1088 1949 ἔχειν
1115 1883 1217 1931 ὅσα
1244 1881 1441 1947 ἔχουσι,
1469 1881 1586 1947 περὶ
1612 1883 1659 1929 δὲ

248 1957 317 2005 ὧν
376 1957 547 2019 ᾔτουν,
599 1955 646 2008 ἐς
694 1953 896 2015 Ῥώμην
956 1952 1143 2005 αὐτοὺς
1205 1952 1441 2014 ἔπεμπεν.
1515 1950 1563 1998 οἱ
1611 1951 1661 1998 δὲ

249 2027 625 2089 θεραπευτῆρες
677 2023 972 2088 Οὐριάτθου
1012 2021 1100 2069 καὶ
1148 2021 1176 2080 ἡ
1229 2019 1369 2081 ἄλλη
1421 2019 1658 2084 στρατιά,

246 2093 516 2155 γενομένης
544 2093 747 2155 ἡμέρας,
776 2090 1138 2141 ἀναπαύεσθαι
1180 2087 1465 2150 νομίζοντες
1509 2087 1661 2137 αὐτὸν

248 2164 535 2225 ἐθαύμαζον
578 2162 662 2210 διὰ
702 2161 792 2223 τὴν
834 2160 1062 2221 ἀήθειαν,
1101 2159 1256 2222 μέχρι
1301 2156 1429 2210 τινὲς
1471 2157 1661 2218 ἔμαθον

250 2233 330 2279 ὅτι
357 2232 528 2296 νεκρὸς
555 2231 721 2278 κέοιτο
751 2230 983 2281 ἔνοπλος.
1059 2227 1144 2275 καὶ
1182 2225 1328 2278 εὐθὺς
1367 2225 1428 2286 ἦν
1466 2225 1660 2287 οἰμωγή

248 2321 303 2347 τε
324 2300 410 2348 καὶ
439 2300 621 2350 πένθος
648 2299 745 2346 ἀνὰ
773 2298 831 2346 τὸ
870 2296 1242 2361 στρατόπεδον,
1271 2293 1570 2357 ἀλγούντων
1608 2315 1659 2341 τε

247 2367 324 2418 ἐπ᾽
353 2369 524 2433 ἐκείνῳ
552 2367 639 2417 καὶ
676 2366 793 2430 περὶ
832 2368 980 2429 σφῶν
1019 2363 1271 2420 δεδιότων,
1300 2362 1384 2411 καὶ
1423 2362 1659 2426 ἐνθυμου-

249 2473 333 2518 252
