1747 2693
116 304 218 333 CAP.

129 344 196 372 XII

307 165 598 208 APPIAN'S
649 161 883 205 ROMAN
934 159 1240 208 HISTORY,
1290 155 1467 198 BOOK
1516 155 1587 197 VI

236 289 397 355 μένων
425 290 477 338 ἐν
503 287 625 337 οἵοις
651 285 753 334 εἰσὶ
792 281 1038 333 κινδύνοις
1075 280 1161 328 καὶ
1203 278 1311 327 οἵου
1352 280 1650 339 στρατηγοῦ

240 374 559 435 στεροῦνται.
623 366 860 426 μάλιστα
889 363 939 411 δὲ
962 361 1161 416 αὐτούς,
1192 361 1270 408 ὅτι
1296 359 1414 412 τοὺς
1434 358 1650 422 δράσαν-

238 475 330 506 τας
363 453 461 517 οὐχ
494 452 760 513 ηὕρισκον,
788 447 1155 508 ὑπερήλγυνεν.

309 540 387 583 75.
428 530 721 595 Οὐρίατθον
779 527 868 590 μὲν
931 525 989 588 δὴ
1049 522 1401 588 λαμπρότατα
1461 522 1652 584 κοσμή-

241 637 423 667 σαντες
462 614 547 663 ἐπὶ
594 609 935 677 ὑψηλοτάτης
977 611 1145 672 πυρᾶς
1190 606 1381 661 ἔκαιον,
1410 603 1565 669 ἱερεῖά
1602 626 1655 652 τε

239 697 419 747 πολλὰ
461 693 792 759 ἐπέσφαττον
832 691 989 756 αὐτῷ,
1036 689 1124 737 καὶ
1171 688 1304 736 κατὰ
1356 688 1471 738 ἴλας
1515 684 1570 733 οἵ
1603 707 1657 739 τε

241 780 384 838 πεζοὶ
411 778 497 826 καὶ
524 776 572 825 οἱ
610 774 788 825 ἱππεῖς
832 773 883 821 ἐν
922 772 1098 834 κύκλῳ
1141 766 1461 834 περιθέοντες
1503 766 1654 814 αὐτὸν

242 862 453 910 ἔνοπλοι
478 858 823 920 βαρβαρικῶς
850 853 1086 917 ἐπῄνουν,
1104 852 1259 917 μέχρι
1282 870 1336 898 τε
1363 849 1655 910 σβεσθῆναι

243 942 301 992 τὸ
327 945 431 1006 πῦρ
457 937 820 1001 παρεκάθηντο
846 934 1034 986 πάντες
1074 932 1199 995 ἀμφ᾽
1227 930 1374 979 αὐτό.
1446 930 1532 979 καὶ
1570 933 1656 991 τῆς

243 1029 411 1089 ταφῆς
456 1018 867 1079 ἐκτελεσθείσης,
903 1018 1078 1079 ἀγῶνα
1117 1013 1427 1076 μονομάχων
1465 1011 1659 1075 ἀνδρῶν

242 1106 440 1167 ἤγαγον
477 1103 561 1153 ἐπὶ
602 1105 692 1151 τοῦ
732 1101 918 1166 τάφου.
992 1100 1241 1145 τοσοῦτον
1292 1097 1449 1142 αὑτοῦ
1497 1093 1657 1141 πόθον

245 1187 525 1235 κατέλιπεν
589 1183 892 1247 Οὐρίατθος,
941 1177 1304 1245 ἀρχικώτατος
1353 1174 1443 1239 μὲν
1496 1175 1561 1228 ὡς
1610 1175 1658 1221 ἐν

243 1267 538 1331 βαρβάροις
599 1264 880 1327 γενόμενος,
947 1256 1438 1327 φιλοκινδυνότατος
1513 1255 1551 1305 δ᾽
1615 1256 1661 1307 ἐς

247 1350 455 1398 ἅπαντα
482 1345 584 1411 πρὸ
622 1345 883 1401 ἁπάντων,
913 1343 999 1391 καὶ
1036 1337 1429 1403 ἰσομοιρότατος
1470 1337 1521 1387 ἐν
1557 1340 1661 1389 τοῖς

247 1431 493 1496 κέρδεσιν.
579 1428 638 1477 οὐ
685 1428 785 1491 γάρ
833 1444 962 1475 ποτε
1009 1421 1172 1472 πλέον
1214 1421 1415 1480 ὑπέστη
1458 1423 1661 1477 λαβεῖν,

247 1513 323 1561 ἀεὶ
372 1508 833 1575 παρακαλούντων·
909 1505 934 1555 ὃ
973 1505 1024 1553 δὲ
1064 1504 1151 1552 καὶ
1190 1504 1368 1562 λάβοι,
1415 1505 1519 1554 τοῖς
1559 1503 1663 1564 ἀρι-

248 1592 537 1644 στεύσασιν
598 1590 778 1639 ἐδίδου.
855 1587 968 1637 ὅθεν
1029 1587 1184 1649 αὐτῷ,
1248 1583 1664 1649 δυσχερέστατον

249 1679 398 1743 ἔργον
424 1676 509 1725 καὶ
539 1671 701 1722 οὐδενί
740 1693 820 1719 πω
851 1670 1160 1732 στρατηγῶν
1200 1667 1428 1730 εὐμαρῶς
1470 1664 1666 1728 ἐγγενό-

248 1779 410 1822 μενον,
440 1756 608 1806 ἔτεσιν
637 1752 769 1801 ὀκτὼ
809 1751 956 1799 τοῦδε
996 1752 1086 1798 τοῦ
1127 1749 1358 1805 πολέμου
1399 1746 1666 1808 παμμιγὴς

252 1837 477 1907 στρατὸς
519 1835 886 1886 ἀστασίαστος
930 1833 992 1893 ἦν
1034 1829 1122 1880 καὶ
1167 1829 1419 1890 κατήκοος
1461 1828 1537 1877 ἀεὶ
1582 1828 1668 1877 καὶ

251 1925 299 1975 ἐς
340 1921 457 1975 τοὺς
497 1919 756 1970 κινδύνους
797 1913 1060 1978 ὀξύτατος.
1136 1909 1252 1960 τότε
1280 1909 1331 1958 δὲ
1359 1912 1506 1976 σφῶν
1542 1909 1667 1957 Τάν-

251 2009 412 2051 ταλον
451 1998 682 2061 ἑλόμενοι
733 1996 1065 2057 στρατηγεῖν,
1105 1989 1190 2039 ἐπὶ
1229 1989 1508 2036 Ζάκανθαν
1558 1988 1668 2053 ἐφέ-

249 2100 414 2143 ροντο,
440 2078 501 2138 ἣν
538 2074 786 2135 Ἀννίβας
812 2071 1048 2121 καθελὼν
1086 2070 1259 2117 ἔκτισε
1301 2067 1389 2116 καὶ
1433 2065 1538 2115 ἀπὸ
1581 2070 1668 2126 τῆς

251 2160 409 2206 αὑτοῦ
434 2153 681 2219 πατρίδος
706 2148 1020 2217 Καρχηδόνα
1043 2150 1341 2213 προσεῖπεν.
1417 2147 1669 2210 ἀποκρου-

253 2239 426 2284 σθεῖσι
456 2234 493 2282 δ᾽
521 2233 698 2284 αὐτοῖς
727 2230 930 2282 ἐκεῖθεν,
960 2228 1046 2275 καὶ
1083 2225 1171 2275 τὸν
1211 2226 1396 2272 Βαῖτιν
1436 2222 1670 2285 ποταμὸν

252 2318 494 2378 περῶσιν,
535 2311 558 2360 ὁ
611 2309 852 2359 Καιπίων
902 2307 1150 2359 ἐπέκειτο,
1201 2304 1356 2367 μέχρι
1402 2302 1607 2364 κάμνων
1647 2300 1668 2348 ὁ

254 2396 523 2444 Τάνταλος
542 2387 699 2440 αὑτόν
726 2409 781 2438 τε
801 2386 888 2435 καὶ
916 2386 1005 2448 τὴν
1033 2383 1288 2450 στρατιὰν
1310 2383 1379 2447 τῷ
1410 2378 1668 2429 Καιπίωνι

255 2498 343 2543 254
