1747 2693
100 344 200 378 CAP.

111 384 178 412 XII

97 786 193 815 CAP.

109 827 194 855 XIII

283 203 578 246 APPIAN'S
628 200 863 243 ROMAN
915 196 1222 244 HISTORY,
1270 194 1447 234 BOOK
1497 192 1560 233 VI

218 326 513 391 παρέδωκεν
543 325 605 376 ὡς
635 319 876 383 ὑπηκόοις
915 319 1164 384 χρῆσθαι.
1240 315 1263 362 ὁ
1307 314 1359 362 δὲ
1398 318 1542 362 ὅπλα
1580 335 1632 361 τε

218 402 403 452 αὐτοὺς
432 400 675 464 ἀφείλετο
702 398 929 449 ἅπαντα,
960 395 1047 442 καὶ
1088 397 1185 453 γῆν
1214 390 1397 439 ἔδωκεν
1439 389 1632 451 ἱκανήν,

219 479 300 526 ἵνα
326 478 395 539 μὴ
422 471 722 538 λῃστεύοιεν
748 471 802 533 ἐξ
827 468 1062 520 ἀπορίας.

869 651 990 694 XIII

284 774 377 833 76.
388 780 658 828 Ἐπάνεισι
677 775 716 823 δ᾽
735 776 781 828 ἐς
801 774 887 822 τὸν
903 774 1183 834 Ἀρουακῶν
1201 771 1288 820 καὶ
1305 769 1638 834 Νομαντίνων

219 856 445 919 πόλεμον
473 858 501 917 ἡ
529 852 722 916 γραφή,
751 851 834 904 οὓς
871 848 1162 912 Οὐρίατθος
1202 848 1292 911 μὲν
1331 846 1568 911 ἠρέθισεν
1595 848 1640 896 ἐς

219 932 535 983 ἀπόστασιν,
583 924 856 978 Καικίλιος
908 924 946 973 δ᾽
1000 924 1175 974 αὐτοῖς
1215 921 1485 972 Μέτελλος
1537 920 1641 967 ἀπὸ

216 1007 412 1069 Ῥώμης
433 1002 774 1066 ἐπιπεμφθεὶς
791 1001 920 1064 μετὰ
937 1002 1153 1050 πλέονος
1171 1000 1405 1061 στρατοῦ
1425 997 1640 1059 Ἀρουα-

219 1082 337 1131 κοὺς
386 1081 475 1143 μὲν
526 1079 862 1143 ἐχειρώσατο,
908 1077 1004 1123 σὺν
1054 1075 1300 1135 ἐκπλήξει
1356 1071 1444 1120 καὶ
1494 1071 1638 1137 τάχει

220 1156 507 1222 θερίζουσιν
567 1151 852 1217 ἐμπίπτων,
915 1149 1195 1214 Τερμεντία
1257 1149 1294 1196 δ᾽
1356 1148 1495 1211 αὐτῷ
1559 1147 1642 1193 καὶ

221 1229 494 1295 Νομαντία
536 1230 608 1278 ἔτι
651 1228 871 1276 ἔλειπον.
947 1227 1007 1288 ἦν
1047 1223 1087 1271 δ᾽
1116 1226 1144 1285 ἡ
1172 1222 1446 1286 Νομαντία
1484 1242 1643 1270 ποτα-

222 1311 331 1368 μοῖς
358 1305 446 1355 δύο
474 1304 561 1353 καὶ
598 1302 862 1366 φάραγξιν
900 1298 1242 1361 ἀπόκρημνος,
1273 1297 1395 1346 ὗλαί
1421 1318 1474 1345 τε
1512 1299 1644 1361 αὐτῇ

221 1380 414 1430 πυκναὶ
462 1379 790 1442 περιέκειντο,
843 1375 930 1425 καὶ
979 1373 1071 1437 μία
1123 1373 1339 1425 κάθοδος
1388 1373 1448 1432 ἦν
1499 1373 1545 1425 ἐς
1588 1371 1644 1420 τὸ

222 1455 413 1513 πεδίον,
440 1457 470 1516 ἣ
499 1456 710 1516 τάφρων
736 1452 1078 1516 ἐπεπλήρωτο
1106 1451 1194 1499 καὶ
1222 1451 1447 1510 στηλῶν.
1499 1448 1642 1495 αὐτοὶ

223 1533 262 1581 δ᾽
291 1534 426 1595 ἦσαν
455 1531 660 1595 ἄριστοι
686 1530 776 1593 μὲν
805 1528 981 1579 ἱππεῖς
1010 1547 1062 1575 τε
1089 1526 1175 1574 καὶ
1204 1525 1363 1585 πεζοί,
1394 1524 1579 1576 πάντες
1607 1522 1641 1570 δ᾽

224 1610 359 1673 ἀμφὶ
419 1608 536 1661 τοὺς
587 1604 1030 1669 ὀκτακισχιλίους.
1106 1602 1193 1649 καὶ
1245 1599 1448 1648 τοσοίδε
1508 1599 1645 1649 ὄντες

223 1684 357 1748 ὅμως
388 1683 472 1730 ὑπ᾽
495 1684 677 1746 ἀρετῆς
698 1682 744 1733 ἐς
765 1680 898 1742 μέγα
926 1678 1242 1742 ἠνώχλησαν
1273 1674 1337 1724 τὰ
1362 1673 1643 1738 Ῥωμαίων.

225 1759 499 1808 Μέτελλος
550 1756 638 1817 μὲν
689 1753 748 1816 δὴ
797 1752 927 1817 μετὰ
976 1754 1202 1816 χειμῶνα
1255 1748 1345 1812 τὴν
1395 1748 1645 1814 στρατιὰν

229 1836 428 1898 Κοΐντῳ
456 1829 716 1895 Πομπηίῳ
744 1831 763 1893 [
768 1830 926 1893 Αὔλῳ
930 1829 947 1892 ]
971 1826 1192 1892 διαδόχῳ
1217 1831 1304 1889 τῆς
1326 1825 1644 1889 στρατηγίας

227 1910 275 1958 οἱ
322 1909 572 1971 γενομένῳ
618 1907 900 1969 παρέδωκε,
950 1904 1282 1968 τρισμυρίους
1331 1901 1513 1963 πεζοὺς
1561 1901 1647 1949 καὶ

227 1982 519 2049 δισχιλίους
584 1981 773 2032 ἱππέας
837 1978 1028 2042 ἄριστα
1096 1975 1559 2036 γεγυμνασμένους,
1625 1975 1645 2021 ὁ

228 2059 280 2108 δὲ
334 2058 605 2120 Πομπήιος
653 2061 712 2120 τῇ
752 2055 1021 2120 Νομαντίᾳ
1073 2050 1647 2115 παραστρατοπεδεύων

229 2134 391 2201 ᾤχετό
421 2155 524 2188 ποι,
555 2133 641 2181 καὶ
684 2131 872 2181 ἱππέας
915 2130 1072 2177 αὐτοῦ
1111 2126 1454 2190 μεταθέοντας
1491 2126 1648 2173 αὐτὸν

230 2210 276 2258 οἱ
317 2212 631 2271 Νομαντῖνοι
672 2205 1003 2255 καταβάντες
1034 2204 1275 2251 ἔκτειναν.
1350 2200 1648 2249 ἐπανελθὼν

231 2285 318 2332 οὖν
351 2284 685 2347 παρέτασσεν
724 2281 770 2333 ἐς
807 2281 863 2328 τὸ
896 2279 1087 2335 πεδίον,
1128 2278 1213 2325 καὶ
1245 2277 1292 2325 οἱ
1331 2278 1644 2337 Νομαντῖνοι

232 2360 558 2418 καταβάντες
587 2355 888 2420 ὑπεχώρουν
909 2353 1020 2401 κατ᾽
1049 2351 1226 2412 ὀλίγον
1247 2351 1327 2398 οἷα
1356 2350 1643 2408 φεύγοντες,

231 2435 381 2500 μέχρι
409 2438 522 2486 ταῖς
551 2433 772 2494 στήλαις
802 2431 888 2479 καὶ
916 2430 1177 2491 φάραγξιν
1202 2425 1225 2474 ὁ
1256 2426 1644 2487 Πομπήιος...

235 2528 322 2582 256
