1747 2693
104 297 206 328 CAP.

104 337 191 366 XIII

292 158 587 201 APPIAN'S
636 157 872 200 ROMAN
921 155 1230 207 HISTORY,
1276 153 1455 195 BOOK
1505 153 1567 194 VI

296 288 373 332 77.
416 285 522 332 Καὶ
582 279 698 330 καθ᾽
759 279 953 341 ἡμέραν
1013 280 1065 327 ἐν
1126 281 1237 331 ταῖς
1299 276 1638 339 ἀκροβολίαις

223 357 605 419 ἐλασσούμενος
678 353 762 403 ὑπ᾽
836 353 1029 418 ἀνδρῶν
1113 351 1253 401 πολὺ
1324 351 1638 408 ἐλασσόνων,

222 432 524 494 μετέβαινεν
552 431 636 480 ἐπὶ
662 428 973 493 Τερμεντίαν
999 430 1063 481 ὡς
1090 427 1450 492 εὐχερέστερον
1478 427 1637 490 ἔργον.

225 511 289 561 ὡς
317 508 368 556 δὲ
388 508 474 556 καὶ
492 507 608 570 τῇδε
628 505 921 566 συμβαλὼν
943 502 1285 555 ἑπτακοσίους
1306 523 1359 550 τε
1381 505 1638 559 ἀπώλεσε,

224 584 312 631 καὶ
353 583 441 631 τὸν
480 582 573 644 τὴν
612 581 806 644 ἀγορὰν
848 580 984 642 αὐτῷ
1028 577 1251 643 φέροντα
1275 578 1558 643 χιλίαρχον
1596 578 1638 625 οἱ

223 661 518 723 Τερμεντεῖς
544 653 851 722 ἐτρέψαντο,
879 654 966 702 καὶ
1003 652 1146 719 τρίτῃ
1189 651 1342 719 πείρᾳ
1383 651 1515 699 κατὰ
1553 651 1641 714 τὴν

223 733 383 795 αὐτὴν
456 732 645 795 ἡμέραν
705 731 753 782 ἐς
815 728 1126 793 ἀπόκρημνα
1186 727 1303 780 τοὺς
1362 725 1640 791 Ῥωμαίους

222 812 605 856 συνελάσαντες
666 808 902 857 πολλοὺς
974 806 1142 852 αὐτῶν
1200 802 1383 862 πεζούς
1444 823 1498 850 τε
1557 802 1642 848 καὶ

223 883 413 932 ἱππέας
441 883 616 932 αὐτοῖς
646 881 826 932 ἵπποις
853 877 1126 927 κατέωσαν
1153 879 1200 931 ἐς
1227 877 1291 926 τὰ
1318 876 1640 939 ἀπόκρημνα,

222 956 521 1022 περιφόβως
543 956 746 1021 ἔχοντες
768 954 815 1004 οἱ
828 953 1008 1002 λοιποὶ
1029 953 1400 1018 διενυκτέρευον
1417 955 1641 1008 ἔνοπλοι,

223 1026 312 1076 καὶ
339 1026 444 1089 ἅμα
465 1026 526 1089 ἕῳ
549 1025 873 1087 προσιόντων
891 1025 990 1071 τῶν
1015 1020 1279 1085 πολεμίων
1305 1021 1642 1086 ἐκταξάμενοι

223 1094 316 1157 τὴν
364 1094 557 1157 ἡμέραν
606 1093 734 1154 ὅλην
793 1090 1098 1154 ἠγωνίζοντο
1160 1090 1508 1154 ἀγχωμάλως,
1559 1090 1644 1138 καὶ

224 1163 554 1226 διεκρίθησαν
594 1161 691 1211 ὑπὸ
731 1158 925 1213 νυκτός.
999 1159 1114 1208 ὅθεν
1165 1157 1187 1207 ὁ
1239 1158 1511 1221 Πομπήιος
1560 1157 1642 1206 ἐπὶ

224 1231 482 1298 πολίχνης
557 1230 770 1280 Μαλίας
842 1230 1059 1289 ἤλασεν,
1121 1229 1182 1287 ἣν
1255 1227 1537 1291 ἐφρούρουν
1597 1228 1642 1274 οἱ

226 1303 557 1364 Νομαντῖνοι.
666 1300 752 1345 καὶ
815 1297 860 1345 οἱ
924 1299 1153 1348 Μαλιεῖς
1215 1296 1331 1348 τοὺς
1392 1295 1644 1360 φρουροὺς

227 1367 493 1420 ἀνελόντες
521 1368 576 1430 ἐξ
601 1365 820 1430 ἐνέδρας,
862 1364 1162 1429 παρέδοσαν
1190 1362 1246 1413 τὸ
1274 1363 1549 1430 πολίχνιον
1576 1367 1643 1428 τῷ

227 1435 499 1500 Πομπηίῳ.
574 1435 598 1484 ὁ
650 1435 701 1483 δὲ
749 1435 815 1482 τά
852 1454 907 1481 τε
949 1434 1093 1481 ὅπλα
1129 1432 1316 1485 αὐτοὺς
1353 1432 1442 1482 καὶ
1479 1433 1646 1497 ὅμηρα

224 1506 464 1568 αἰτήσας,
514 1503 769 1567 μετῆλθεν
830 1503 916 1551 ἐπὶ
976 1499 1316 1563 Σηδητανίαν,
1377 1500 1438 1562 ἣν
1500 1499 1645 1564 ἐδῄου

224 1574 532 1639 λῄσταρχος
560 1573 719 1636 ὄνομα
739 1573 1006 1633 Ταγγῖνος·
1025 1570 1112 1618 καὶ
1137 1569 1295 1618 αὐτὸν
1321 1568 1344 1617 ὁ
1376 1569 1643 1631 Πομπήιος

225 1644 383 1696 ἐνίκα,
401 1643 490 1692 καὶ
509 1639 742 1692 πολλοὺς
763 1640 954 1698 ἔλαβεν
975 1638 1358 1703 αἰχμαλώτους.
1398 1641 1645 1685 τοσοῦτον

227 1711 266 1759 δ᾽
327 1713 388 1774 ἦν
446 1710 774 1774 φρονήματος
838 1709 888 1756 ἐν
938 1711 1041 1760 τοῖς
1089 1710 1313 1772 λῃσταῖς
1364 1707 1498 1755 ὥστε
1547 1709 1646 1754 τῶν

224 1780 580 1846 αἰχμαλώτων
631 1778 789 1830 οὐδεὶς
841 1777 1073 1840 ὑπέμεινε
1123 1775 1395 1829 δουλεύειν,
1439 1773 1560 1822 ἀλλ᾽
1601 1774 1646 1821 οἱ

224 1849 314 1911 μὲν
352 1848 537 1902 αὑτοὺς
576 1848 622 1895 οἱ
663 1847 714 1894 δὲ
755 1847 871 1897 τοὺς
909 1846 1218 1908 πριαμένους
1258 1845 1491 1908 ἀνῄρουν,
1521 1842 1567 1892 οἱ
1594 1842 1646 1892 δὲ

226 1917 316 1969 τὰς
343 1920 462 1970 ναῦς
487 1916 539 1964 ἐν
563 1920 634 1979 τῷ
661 1914 867 1978 διάπλῳ
893 1912 1167 1976 διετίτρων.

297 1990 375 2034 78.
402 1985 464 2033 Ὁ
485 1985 536 2033 δὲ
554 1984 825 2045 Πομπήιος
845 1983 990 2032 αὖθις
1007 1982 1206 2034 ἐλάσας
1224 1982 1309 2029 ἐπὶ
1328 1979 1644 2039 Νομαντίαν,

224 2052 459 2115 ποταμόν
486 2074 600 2102 τινα
626 2051 974 2117 μετωχέτευεν
1012 2050 1060 2102 ἐς
1097 2048 1154 2099 τὸ
1192 2048 1369 2098 πεδίον
1410 2052 1473 2101 ὡς
1511 2052 1645 2114 λιμῷ

223 2122 420 2171 πιέσων
447 2122 539 2183 τὴν
565 2121 734 2170 πόλιν.
796 2120 842 2168 οἱ
868 2120 919 2167 δὲ
946 2116 1263 2182 ἐργαζομένῳ
1292 2138 1347 2166 τε
1372 2117 1644 2174 ἐπέκειντο,

225 2192 312 2237 καὶ
364 2193 674 2238 σαλπικτῶν
724 2190 882 2253 χωρὶς
930 2188 1257 2252 ἐκτρέχοντες
1301 2184 1479 2250 ἀθρόοι
1528 2184 1644 2238 τοὺς

228 2260 564 2326 ὀχετεύοντας
592 2258 879 2322 ἠνώχλουν.
942 2257 1179 2316 ἔβαλλον
1206 2256 1258 2303 δὲ
1285 2255 1371 2303 καὶ
1398 2253 1514 2305 τοὺς
1541 2253 1641 2303 ἀπὸ

228 2332 320 2377 τοῦ
356 2331 586 2394 χάρακος
624 2328 1048 2385 ἐπιβοηθοῦντας,
1088 2325 1178 2374 ἕως
1215 2323 1560 2372 κατέκλεισαν
1597 2325 1643 2375 ἐς

226 2396 285 2446 τὸ
324 2396 694 2458 στρατόπεδον.
779 2395 865 2443 καὶ
903 2396 1273 2455 σιτολογοῦσιν
1313 2393 1498 2458 ἑτέροις
1538 2393 1642 2440 ἐπι-

230 2488 319 2542 258
