1747 2693
119 292 215 321 CAP.

122 332 207 361 XIII

305 155 598 197 APPIAN'S
650 152 882 195 ROMAN
936 148 1244 197 HISTORY,
1291 145 1463 187 BOOK
1521 145 1577 184 VI

240 280 510 346 δραμόντες
539 279 626 326 καὶ
653 275 808 326 τῶνδε
836 274 1067 327 πολλοὺς
1094 273 1401 336 διέφθειραν,
1418 270 1650 319 Ὄππιόν

240 379 293 405 τε
331 354 613 421 χιλίαρχον
652 352 731 400 ἐπ᾽
760 352 932 401 αὐτοῖς
971 351 1192 395 ἀνεῖλον.
1269 348 1355 393 καὶ
1381 347 1492 392 κατ᾽
1519 345 1651 391 ἄλλο

238 432 386 494 μέρος
425 431 621 493 τάφρον
661 425 950 489 ὀρύσσουσι
987 423 1253 485 Ῥωμαίοις
1294 419 1654 482 ἐπιδραμόντες

241 509 470 555 ἔκτειναν
535 506 583 555 ἐς
652 497 1032 564 τετρακοσίους,
1089 497 1175 548 καὶ
1230 497 1317 546 τὸν
1376 495 1657 557 ἡγούμενον

241 582 421 629 αὐτῶν.
497 579 575 643 ἐφ᾽
616 578 690 630 οἷς
730 580 798 640 τῷ
826 596 881 624 τε
907 574 1163 636 Πομπηίῳ
1205 572 1502 634 σύμβουλοι
1531 591 1656 632 παρ-

240 663 375 719 ῆσαν
404 657 457 703 ἐκ
484 655 696 714 Ῥώμης,
727 653 810 701 καὶ
838 653 942 702 τοῖς
970 649 1314 709 στρατιώταις
1343 648 1421 706 (ἓξ
1446 645 1544 706 γὰρ
1572 645 1655 706 ἔτη

243 732 537 791 διεληλύθει
606 724 1054 790 στρατευομένοις)
1124 724 1354 788 διάδοχοι
1421 722 1661 771 νεοκατά-

239 805 432 868 γραφοί
458 826 511 852 τε
539 803 623 852 καὶ
651 803 724 850 ἔτι
751 802 1076 864 ἀγύμναστοι
1115 800 1201 848 καὶ
1238 796 1659 860 ἀπειροπόλεμοι.

242 882 352 945 μεθ᾽
382 882 448 929 ὧν
477 878 498 928 ὁ
530 878 804 939 Πομπήιος
832 875 1126 936 αἰδούμενός
1154 895 1209 922 τε
1235 874 1299 922 τὰ
1325 871 1659 932 ἐπταισμένα,

246 957 331 1004 καὶ
358 955 683 1017 ἐπειγόμενος
713 951 805 1016 τὴν
833 948 1091 1017 αἰσχύνην
1120 950 1425 1008 ἀναλαβεῖν,
1454 947 1661 1008 ἐπέμενε

244 1035 494 1097 χειμῶνος
535 1031 584 1078 ἐν
625 1033 696 1093 τῷ
735 1027 1086 1090 στρατοπέδῳ.
1161 1025 1246 1073 καὶ
1273 1024 1319 1072 οἱ
1346 1026 1658 1087 στρατιῶται

248 1107 430 1171 κρύους
481 1127 535 1154 τε
585 1106 727 1156 ὄντος
779 1104 830 1151 ἐν
880 1100 1085 1164 ἀστέγῳ
1137 1099 1529 1157 σταθμεύοντες,
1579 1098 1663 1146 καὶ

247 1187 450 1244 πρῶτον
503 1180 617 1243 ἄρτι
675 1179 981 1243 πειρώμενοι
1031 1180 1122 1225 τοῦ
1170 1176 1287 1239 περὶ
1338 1173 1428 1237 τὴν
1488 1173 1663 1239 χώραν

247 1258 430 1308 ὕδατός
470 1278 524 1304 τε
564 1256 648 1304 καὶ
687 1255 845 1318 ἀέρος,
872 1251 1007 1301 κατὰ
1043 1251 1275 1312 γαστέρα
1307 1251 1541 1309 ἔκαμνον,
1582 1250 1665 1297 καὶ

248 1330 594 1398 διεφθείροντο
617 1331 754 1379 ἔνιοι.
805 1329 986 1393 μέρους
1014 1328 1066 1377 δὲ
1092 1328 1178 1376 ἐπὶ
1205 1330 1350 1374 σῖτον
1378 1325 1664 1392 οἰχομένου,

249 1409 542 1473 κρύψαντες
587 1405 789 1470 ἐνέδραν
827 1404 874 1454 οἱ
912 1405 1230 1466 Νομαντῖνοι
1270 1401 1392 1466 παρ᾽
1436 1399 1560 1449 αὐτὸ
1610 1399 1665 1450 τὸ

249 1484 513 1546 Ῥωμαίων
542 1481 899 1543 στρατόπεδον
920 1478 1325 1539 ἠκροβολίζοντο
1350 1475 1667 1537 ἐρεθίζοντες,

251 1562 342 1611 ἕως
393 1559 439 1608 οἱ
477 1557 568 1620 μὲν
611 1557 666 1605 οὐ
710 1556 948 1619 φέροντες
991 1554 1294 1617 ἐπεξῄεσαν,
1329 1553 1375 1602 οἱ
1413 1553 1454 1599 δ᾽
1481 1554 1536 1599 ἐκ
1580 1556 1668 1612 τῆς

251 1636 449 1696 ἐνέδρας
489 1634 783 1681 ἀνίσταντο·
827 1631 912 1678 καὶ
959 1629 1203 1691 Ῥωμαῖοι
1249 1627 1442 1677 πολλοὶ
1480 1627 1570 1688 μὲν
1616 1628 1668 1675 ἐκ

250 1708 341 1753 τοῦ
369 1703 618 1762 πλήθους,
646 1702 842 1750 πολλοὶ
879 1701 927 1748 δὲ
965 1702 1063 1746 τῶν
1091 1699 1357 1762 ἐπιφανῶν
1394 1696 1665 1744 ἀπέθανον·

251 1773 297 1820 οἱ
347 1773 396 1821 δὲ
447 1774 765 1831 Νομαντῖνοι
817 1770 904 1816 καὶ
953 1771 1057 1819 τοῖς
1098 1766 1185 1814 τὸν
1228 1770 1374 1813 σῖτον
1425 1766 1670 1828 φέρουσιν

250 1841 647 1899 ἀπαντήσαντες
675 1840 901 1885 ἔκτειναν
930 1838 1015 1885 καὶ
1042 1837 1198 1883 τῶνδε
1223 1833 1471 1885 πολλούς.

323 1914 399 1957 79.
444 1907 549 1957 Kαὶ
610 1905 633 1955 ὁ
698 1905 971 1967 Πομπήιος
1035 1904 1278 1952 τοσοῖσδε
1341 1902 1667 1967 συνενεχθεὶς

252 1982 428 2028 κακοῖς
490 1979 538 2027 ἐς
600 1978 689 2028 τὰς
752 1976 930 2027 πόλεις
992 1971 1120 2029 μετὰ
1181 1975 1280 2020 τῶν
1356 1970 1670 2030 συμβούλων

253 2046 539 2107 ἀνεζεύγνυ,
602 2044 872 2109 χειμάσων
932 2043 989 2090 τὸ
1052 2039 1341 2095 ἐπίλοιπον,
1405 2042 1495 2088 τοῦ
1554 2039 1668 2101 ἦρος

252 2116 557 2179 προσδοκῶν
582 2115 721 2174 ἥξειν
750 2111 794 2159 οἱ
821 2111 1077 2175 διάδοχον.
1143 2109 1227 2158 καὶ
1254 2108 1424 2160 δεδιὼς
1453 2127 1670 2170 κατηγο-

252 2184 383 2248 ρίαν,
427 2184 693 2245 ἔπρασσεν
733 2181 779 2233 ἐς
826 2180 943 2232 τοὺς
979 2178 1330 2240 Νομαντίνους
1374 2176 1544 2241 κρύφα
1583 2178 1672 2223 τοῦ

255 2258 486 2313 πολέμου
528 2250 803 2303 διαλύσεις.
900 2249 945 2296 οἱ
990 2248 1039 2295 δὲ
1086 2247 1171 2295 καὶ
1211 2246 1355 2293 αὐτοὶ
1397 2245 1670 2308 κάμνοντες

254 2321 350 2381 ἤδη
391 2321 526 2383 φόνῳ
567 2340 621 2367 τε
659 2321 842 2382 πολλῷ
884 2316 1110 2378 ἀρίστων
1149 2316 1234 2364 καὶ
1270 2318 1362 2376 γῆς
1399 2311 1551 2378 ἀργίᾳ
1589 2312 1672 2360 καὶ

254 2392 457 2455 τροφῶν
498 2390 691 2454 ἀπορίᾳ
726 2389 812 2434 καὶ
850 2388 999 2448 μήκει
1049 2387 1141 2434 τοῦ
1188 2382 1436 2446 πολέμου,
1475 2384 1671 2446 μακροῦ

259 2482 346 2523 260
