1747 2693
116 271 218 304 CAP.

119 310 204 338 XIII

306 136 601 178 APPIAN'S
652 137 888 178 ROMAN
938 138 1247 191 HISTORY,
1292 139 1471 181 BOOK
1519 139 1581 182 VI

238 258 381 322 παρά
463 258 778 321 προσδοκίαν
860 260 1144 320 γεγονότος,
1218 261 1536 321 ἐπρέσβευον
1607 262 1654 314 ἐς

240 333 530 395 Πομπήιον.
606 333 629 381 ὁ
682 334 732 382 δὲ
783 335 829 386 ἐς
878 335 970 395 μὲν
1028 335 1084 383 τὸ
1146 335 1366 397 φανερὸν
1427 335 1654 384 ἐκέλευεν

237 408 422 458 αὑτοὺς
482 407 754 471 Ῥωμαίοις
816 409 1111 471 ἐπιτρέπειν
1172 410 1190 471 (
1197 409 1253 457 οὐ
1312 409 1411 471 γὰρ
1473 409 1655 458 εἰδέναι

237 483 496 545 σύνθήκας
535 483 708 545 ἑτέρας
744 484 1011 544 Ῥωμαίων
1049 485 1196 547 ἀξίας
1203 485 1236 547 ),
1275 485 1448 550 λάθρᾳ
1474 485 1514 533 δ᾽
1543 486 1655 533 ὑπι-

237 561 448 623 σχνεῖτο
511 558 542 605 ἃ
603 558 787 620 ἔμελλε
850 558 1102 620 ποιήσειν.
1192 559 1277 608 καὶ
1339 559 1656 623 συνθεμένων

237 632 439 680 ἐκείνων
477 632 561 681 καὶ
601 634 998 696 ἐπιτρεψάντων
1037 634 1262 691 ἑαυτούς,
1290 635 1458 696 ὅμηρά
1493 657 1546 682 τε
1573 637 1657 681 καὶ

236 708 550 771 αἰχμάλωτα
621 710 781 770 ᾔτησε
844 710 929 757 καὶ
991 711 1107 761 τοὺς
1168 711 1503 767 αὐτομόλους,
1572 712 1656 758 καὶ

237 783 410 829 πάντα
437 783 645 840 ἔλαβεν.
720 784 880 845 ᾔτησε
919 784 969 832 δὲ
1008 784 1096 833 καὶ
1135 785 1380 847 ἀργυρίου
1420 785 1655 833 τάλαντα

236 857 527 919 τριάκοντα·
559 858 627 906 ὧν
648 859 795 919 μέρος
819 859 1006 906 αὐτίκα
1036 860 1222 907 ἔδοσαν
1251 860 1297 908 οἱ
1325 862 1656 917 Νομαντῖνοι,

237 926 322 972 καὶ
384 926 447 972 τὰ
504 926 667 973 λοιπὰ
731 926 753 973 ὁ
817 929 1080 989 Πομτήιος
1143 927 1393 989 ἀνέμενεν,
1493 950 1655 993 παρα-

235 994 506 1055 γενομένου
552 995 592 1042 δ᾽
635 995 771 1058 αὐτῷ
822 995 1067 1060 διαδόχου
1118 996 1341 1060 Μάρκου
1394 995 1656 1045 Ποπιλίου

237 1062 421 1118 Λαίνα,
451 1063 494 1110 οἱ
532 1063 623 1123 μὲν
662 1064 842 1124 ἔφερον
881 1063 942 1111 τὰ
981 1064 1145 1112 λοιπὰ
1183 1068 1282 1113 τῶν
1307 1065 1604 1129 χρημάτων,
1633 1064 1656 1116 ὁ

236 1131 277 1177 δ᾽
304 1131 705 1191 ἀπηλλαγμένος
743 1132 833 1193 μὲν
871 1136 959 1180 τοῦ
999 1133 1115 1195 περὶ
1143 1137 1231 1182 τοῦ
1261 1137 1491 1196 πολέμου
1519 1133 1656 1185 δέους

236 1203 306 1263 τῷ
334 1203 575 1262 παρεῖναι
615 1199 701 1249 τὸν
740 1200 998 1265 διάδοχον,
1028 1201 1118 1254 τὰς
1146 1201 1198 1249 δὲ
1226 1202 1487 1264 συνθήκας
1516 1202 1654 1255 εἰδὼς

237 1268 463 1333 αἰσχράς
491 1289 544 1316 τε
572 1270 657 1316 καὶ
685 1271 804 1317 ἄνευ
830 1271 1097 1332 Ῥωμαίων
1129 1274 1423 1331 γενομένας,
1452 1275 1652 1334 ἠρνεῖτο

234 1335 302 1397 μὴ
333 1336 615 1385 συνθέσθαι
641 1341 746 1390 τοῖς
774 1338 1128 1400 Νομαντίνοις.
1205 1339 1290 1387 καὶ
1319 1339 1364 1386 οἱ
1387 1339 1479 1401 μὲν
1505 1339 1656 1387 αὐτὸν

234 1405 463 1469 ἤλεγχον
490 1406 575 1453 ἐπὶ
600 1406 827 1469 μάρτυσι
855 1410 959 1458 τοῖς
988 1407 1103 1455 τότε
1129 1411 1528 1473 παρατυχοῦσιν
1555 1408 1655 1456 ἀπό

236 1494 291 1520 τε
330 1475 530 1532 βουλῆς
573 1475 659 1521 καὶ
707 1474 993 1537 ἱππάρχοις
1036 1476 1122 1524 καὶ
1163 1477 1465 1540 χιλιάρχοις
1499 1478 1656 1525 αὐτοῦ

237 1542 533 1605 Πομπηίου,
597 1542 619 1590 ὁ
683 1542 732 1590 δὲ
797 1543 1053 1595 Ποπίλιος
1117 1544 1300 1596 αὐτοὺς
1362 1546 1407 1597 ἐς
1457 1544 1657 1605 Ῥώμην

235 1611 433 1673 ἔπεμπε
475 1610 841 1672 δικασομένους
886 1616 954 1674 τῷ
1004 1614 1279 1676 Πομπηίῳ.
1353 1615 1567 1676 κρίσεως
1618 1615 1656 1662 δ᾽

234 1679 286 1725 ἐν
312 1682 373 1742 τῇ
401 1681 572 1740 βουλῇ
612 1681 898 1741 γενομένης,
930 1682 1245 1743 Νομαντῖνοι
1282 1683 1374 1743 μὲν
1402 1683 1489 1729 καὶ
1518 1685 1656 1740 Πομ-

234 1747 383 1807 πήιος
434 1749 481 1800 ἐς
531 1749 834 1809 ἀντιλογίαν
882 1749 1061 1809 ἦλθον,
1102 1753 1163 1812 τῇ
1214 1752 1386 1812 βουλῇ
1438 1750 1478 1798 δ᾽
1519 1751 1657 1813 ἔδοξε

235 1820 479 1876 πολεμεῖν
506 1816 865 1876 Νομαντίνοις.
941 1818 1024 1865 καὶ
1064 1817 1086 1866 ὁ
1128 1818 1386 1870 Ποπίλιος
1413 1818 1657 1876 ἐνέβαλεν

233 1884 280 1933 ἐς
309 1885 425 1944 τοὺς
454 1884 685 1942 γείτονας
709 1886 880 1934 αὐτῶν
901 1887 1184 1942 Λούσονας,
1203 1887 1343 1935 οὐδὲν
1370 1888 1410 1936 δ᾽
1437 1888 1656 1951 ἐργασά-

232 1973 376 2008 μενος
396 1947 435 2019 (
425 1949 519 2018 ἧκε
545 1953 643 2014 γὰρ
672 1955 807 2017 αὐτῷ
836 1954 1075 2018 διάδοχος
1104 1955 1191 2003 ἐπὶ
1220 1955 1307 2016 τὴν
1336 1955 1656 2019 στρατηγίαν

232 2021 503 2071 Ὁστίλιος
534 2024 804 2083 Μαγκῖνος
811 2024 828 2084 )
855 2023 1117 2084 ἀνέζευξεν
1146 2024 1193 2076 ἐς
1220 2024 1435 2084 Ῥώμην.

305 2095 393 2143 80.
419 2089 482 2137 Ὁ
506 2090 556 2137 δὲ
580 2093 849 2152 Μαγκῖνος
871 2096 978 2143 τοῖς
999 2092 1339 2152 Νομαντίνοις
1363 2093 1655 2152 συμβαλὼν

234 2158 426 2215 ἡττᾶτό
479 2180 533 2207 τε
583 2161 864 2215 πολλάκις,
930 2161 1015 2209 καὶ
1074 2164 1222 2214 τέλος
1279 2161 1655 2224 ἀναιρουμένων

233 2231 451 2274 πολλῶν
501 2228 549 2278 ἐς
599 2227 655 2275 τὸ
707 2227 1065 2291 στρατόπεδον
1115 2229 1318 2292 ἔφυγεν.
1392 2230 1553 2290 λόγου
1605 2230 1652 2279 δὲ

234 2295 460 2357 ψευδοῦς
511 2295 828 2357 ἐμπεσόντος
878 2297 957 2345 ὅτι
1010 2299 1352 2359 Νομαντίνοις
1414 2299 1653 2363 ἔρχονται

236 2364 545 2423 βοηθοῦντες
589 2364 896 2427 Κάνταβροί
933 2387 987 2414 τε
1025 2367 1111 2414 καὶ
1145 2367 1451 2423 Οὐακκαῖοι,
1482 2366 1653 2420 δείσας

236 2456 321 2496 262
