1747 2693
140 252 245 284 CAP.

140 292 226 321 XIII

332 119 627 161 APPIAN'S
677 121 912 163 ROMAN
963 125 1269 178 HISTORY,
1318 128 1493 171 BOOK
1546 129 1608 172 VI

262 239 461 303 ἄπυρον
499 239 594 302 τὴν
630 242 793 290 νύκτα
831 243 1075 308 διήγαγεν
1107 248 1235 309 ὅλην
1268 250 1319 297 ἐν
1345 253 1533 313 σκότῳ,
1562 255 1677 315 φεύ-

260 333 365 366 γων
409 315 456 367 ἐς
499 315 684 377 ἔρημον
716 317 773 365 τὸ
813 319 1162 377 Νωβελίωνός
1203 344 1330 371 ποτε
1373 326 1665 389 χαράκωμα.

260 390 347 437 καὶ
373 391 481 449 μεθ᾽
510 392 702 455 ἡμέραν
743 394 791 446 ἐς
833 395 957 442 αὐτὸ
992 399 1361 456 συγκλεισθεὶς
1390 399 1504 447 οὔτε
1531 422 1674 448 κατε-

259 464 613 525 σκευασμένον
688 468 804 517 οὔτε
889 469 1243 537 ὠχυρωμένον,
1319 474 1677 539 περισχόντων

258 539 415 586 αὐτὸν
456 544 556 588 τῶν
602 544 954 602 Νομαντίνων,
999 549 1085 595 καὶ
1125 550 1325 599 πάντας
1377 551 1677 600 ἀποκτενεῖν

257 616 612 664 ἀπειλούντων
661 618 705 665 εἰ
752 618 821 679 μὴ
873 623 1114 669 συνθοῖτο
1166 625 1383 683 εἰρήνην,
1435 627 1675 673 συνέθετο

256 689 341 737 ἐπὶ
393 692 480 753 ἴσῃ
523 693 609 740 καὶ
661 692 811 759 ὁμοίᾳ
860 692 1131 759 Ῥωμαίοις
1181 698 1268 747 καὶ
1318 699 1675 761 Νομαντίνοις.

256 764 343 812 καὶ
372 764 394 813 ὁ
421 765 513 828 μὲν
539 767 625 815 ἐπὶ
661 768 858 822 τούτοις
899 770 1062 831 ὤμνυε
1101 776 1207 823 τοῖς
1246 775 1602 833 Νομαντίνοις,
1632 776 1677 823 οἱ

256 839 295 886 δ᾽
347 840 399 888 ἐν
447 841 596 889 ἄστει
648 844 928 909 πυθόμενοι
967 850 1217 910 χαλεπῶς
1267 849 1449 912 ἔφερον
1487 852 1552 902 ὡς
1591 852 1674 901 ἐπὶ

255 915 564 981 αἰσχίσταις
603 920 740 967 πάνυ
780 920 1048 976 σπονδαῖς,
1092 923 1178 972 καὶ
1216 923 1303 972 τὸν
1354 927 1525 985 ἕτερον
1575 929 1674 974 τῶν

257 985 469 1033 ὑπάτων
496 986 738 1049 Αἰμίλιον
767 989 992 1039 Λέπιδον
1019 992 1068 1044 ἐς
1105 990 1339 1053 Ἰβηρίαν
1367 992 1689 1062 ἐξέπεμπον,

257 1054 530 1116 Μαγκῖνον
569 1054 609 1103 δ᾽
650 1057 937 1107 ἀνεκάλουν
968 1058 1016 1111 ἐς
1050 1058 1234 1121 κρίσιν.
1310 1062 1397 1110 καὶ
1435 1063 1562 1125 τῷδε
1585 1063 1675 1124 μὲν

254 1122 478 1171 ἕσποντο
528 1126 781 1186 πρέσβεις
831 1128 1185 1187 Νομαντίνων·
1238 1128 1261 1177 ὁ
1317 1128 1368 1178 δὲ
1419 1130 1672 1187 Αἰμίλιος,

254 1191 517 1251 ἀναμένων
545 1193 632 1241 καὶ
673 1193 757 1242 ὅδε
802 1194 893 1248 τὰς
921 1196 976 1243 ἐκ
1016 1195 1213 1260 Ῥώμης
1243 1199 1560 1261 ἀποκρίσεις,
1590 1202 1672 1248 καὶ

253 1258 345 1319 τὴν
373 1260 557 1320 ἀργίαν
585 1262 640 1309 οὐ
669 1262 837 1322 φέρων
862 1264 882 1324 (
888 1265 953 1316 ὡς
991 1265 1090 1325 γὰρ
1133 1265 1217 1314 ἐπὶ
1264 1266 1416 1329 δόξαν
1444 1268 1475 1329 ἢ
1504 1268 1671 1330 κέρδος

250 1327 280 1386 ἢ
345 1328 605 1388 θριάμβου
660 1332 963 1395 φιλοτιμίαν
1021 1334 1242 1394 ἐξῄεσάν
1295 1357 1424 1388 τινες
1479 1336 1527 1388 ἐς
1584 1336 1674 1390 τὰς

252 1397 586 1459 στρατηγίας,
639 1400 729 1448 οὐκ
779 1401 864 1448 ἐπὶ
918 1401 977 1449 τὸ
1036 1407 1096 1464 τῇ
1156 1402 1310 1452 πόλει
1371 1404 1641 1469 συμφέρον
1628 1399 1677 1488 ),

251 1466 567 1514 Οὐακκαίων
609 1471 960 1533 κατεψεύδετο
1001 1472 1065 1523 ὡς
1104 1472 1298 1533 ἀγορὰν
1335 1474 1387 1522 ἐν
1437 1474 1565 1538 τῷδε
1603 1478 1670 1522 τῷ

249 1533 461 1597 πολέμῳ
507 1537 850 1597 Νομαντίνοις
891 1539 1297 1606 παρασχόντων,
1326 1540 1413 1591 καὶ
1451 1540 1544 1604 τὴν
1575 1527 1669 1605 γῆν

249 1602 420 1650 αὐτῶν
468 1605 766 1670 κατέτρεχε,
808 1607 1156 1657 Παλλαντίαν
1206 1631 1262 1657 τε
1305 1608 1478 1667 πόλιν,
1518 1611 1548 1672 ἣ
1586 1633 1669 1675 με-

248 1669 405 1730 γίστη
447 1674 761 1722 Οὐακκαίων
799 1676 955 1732 ἐστίν,
998 1677 1141 1726 οὐδὲν
1191 1680 1584 1742 ἐξαμαρτοῦσαν
1623 1681 1671 1734 ἐς

248 1738 311 1786 τὰ
341 1740 648 1802 συγκείμενα
688 1742 997 1805 ἐπολιόρκει,
1027 1745 1112 1793 καὶ
1149 1748 1377 1808 Βροῦτον
1413 1747 1489 1811 ἐφ᾽
1520 1749 1667 1810 ἕτερα

247 1811 336 1869 τῆς
374 1808 607 1868 Ἰβηρίας
657 1811 1071 1871 ἀπεσταλμένον,
1115 1814 1179 1866 ὥς
1217 1837 1302 1877 μοι
1353 1815 1667 1879 προείρηται,

246 1877 502 1936 κηδεστὴν
559 1880 684 1928 ὄντα
735 1880 782 1928 οἱ
831 1881 978 1929 τοῦδε
1037 1886 1128 1932 τοῦ
1179 1885 1328 1948 ἔργου
1383 1890 1666 1952 μετασχεῖν

244 1945 464 1994 ἔπεισεν.

315 2020 389 2062 81.
432 2016 751 2075 Κατέλαβον
779 2017 816 2064 δ᾽
847 2018 1032 2071 αὐτοὺς
1059 2019 1161 2070 ἀπὸ
1189 2019 1387 2084 Ῥώμης
1414 2024 1665 2084 πρέσβεις

252 2084 433 2132 Κίννας
474 2105 527 2132 τε
566 2086 652 2132 καὶ
692 2087 981 2141 Καικίλιος,
1009 2089 1058 2136 οἳ
1092 2089 1185 2145 τὴν
1218 2090 1422 2150 βουλὴν
1456 2093 1662 2152 ἔφασαν

243 2152 457 2214 ἀπορεῖν
483 2154 527 2201 εἰ
552 2154 778 2203 τοσῶνδε
798 2158 1148 2218 πταισμάτων
1174 2159 1359 2220 σφίσιν
1387 2160 1438 2209 ἐν
1462 2160 1657 2227 Ἰβηρίᾳ

241 2220 522 2279 γενομένων
551 2220 573 2268 ὁ
603 2222 843 2281 Αἰμίλιος
870 2225 1100 2283 πόλεμον
1128 2227 1298 2289 ἕτερον
1329 2228 1546 2286 ἀρεῖται,
1576 2231 1661 2277 καὶ

241 2288 500 2351 ψήφισμα
540 2289 795 2339 ἐπέδοσαν
845 2293 981 2357 αὐτῷ
1022 2299 1370 2357 προαγορεῦον
1421 2296 1660 2360 Αἰμίλιον

241 2357 558 2410 Οὐακκαίοις
582 2360 650 2419 μὴ
679 2366 941 2424 πολεμεῖν.
1017 2362 1041 2411 ὁ
1078 2363 1130 2411 δὲ
1168 2365 1449 2428 ἀρξάμενός
1486 2387 1539 2415 τε
1566 2366 1657 2427 ἤδη

240 2447 327 2501 264
