1747 2693
141 263 237 294 CAP.

141 303 230 331 XIII

333 129 629 172 APPIAN'S
680 131 916 174 ROMAN
966 132 1273 185 HISTORY,
1319 133 1497 176 BOOK
1546 134 1609 176 VI

262 253 353 298 τοῦ
416 252 666 316 πολέμου,
720 254 806 303 καὶ
856 255 948 316 τὴν
1011 256 1216 315 βουλὴν
1281 257 1421 307 τοῦτ᾽
1481 258 1683 320 ἀγνοεῖν

261 326 555 388 ἡγούμενος,
585 328 788 390 ἀγνοεῖν
815 329 853 378 δ᾽
881 330 960 379 ὅτι
989 330 1075 380 καὶ
1115 333 1341 393 Βροῦτος
1382 331 1519 396 αὐτῷ
1564 353 1680 380 συν-

263 404 613 463 επιλαμβάνει
641 404 728 452 καὶ
755 409 904 455 σῖτον
930 405 1016 454 καὶ
1042 406 1290 472 χρήματα
1318 407 1402 455 καὶ
1431 407 1682 470 στρατιὰν

265 478 554 525 Οὐακκαῖοι
594 482 700 529 τοῖς
744 481 1089 542 Νομαντίνοις
1138 483 1425 545 παρέσχον,
1466 483 1681 530 ἔσεσθαι

265 551 316 598 δὲ
343 552 428 600 καὶ
455 553 548 613 τὴν
585 554 851 616 ἀνάζευξιν
888 559 980 603 τοῦ
1023 556 1256 618 πολέμου
1302 558 1534 622 φοβερὰν
1563 558 1682 606 ὑπο-

263 628 464 686 λαβών,
516 629 602 678 καὶ
654 629 843 696 σχεδὸν
892 629 1126 694 Ἰβηρίας
1176 632 1301 693 ὅλης
1341 632 1598 687 διάλυσιν,
1642 633 1683 681 εἰ

267 704 719 766 καταφρονήσειαν
758 706 823 758 ὡς
858 705 1112 763 δεδιότων,
1140 706 1257 760 τοὺς
1296 707 1388 770 μὲν
1427 709 1560 772 ἀμφὶ
1598 707 1685 757 τὸν

268 778 459 826 Κίνναν
499 781 795 841 ἀπράκτους
834 782 1084 838 ἀπέλυσε,
1123 782 1209 829 καὶ
1244 783 1367 831 τάδε
1402 783 1535 831 αὐτὰ
1573 783 1683 832 ἐπέ-

269 861 441 901 στειλε
480 860 541 918 τῇ
579 857 769 919 βουλῇ,
812 856 964 909 αὐτὸς
1003 857 1055 905 δὲ
1093 857 1493 925 ὀχυρωσάμενος
1532 858 1685 924 φρού-

263 949 389 990 ριον,
429 930 668 995 μηχανὰς
715 934 766 981 ἐν
807 933 944 995 αὐτῷ
991 933 1350 995 συνεπήγνυτο
1403 935 1488 982 καὶ
1539 938 1685 982 σῖτον

266 1006 559 1070 συνέφερεν.
634 1006 881 1059 Φλάκκος
907 1007 946 1054 δ᾽
976 1008 1114 1072 αὐτῷ
1147 1012 1456 1071 σιτολογῶν,
1486 1009 1684 1075 ἐνέδρας

263 1080 589 1145 ἐκφανείσης,
619 1082 920 1148 εὐμηχάνως
955 1082 1189 1132 διέδωκεν
1224 1083 1303 1131 ὅτι
1339 1083 1686 1133 Παλλαντίαν

264 1157 460 1217 ἐξεῖλεν
512 1156 765 1217 Αἰμίλιος·
819 1159 903 1207 καὶ
955 1162 1047 1207 τοῦ
1097 1163 1327 1224 στρατοῦ
1383 1162 1685 1209 συναλαλά-

266 1235 447 1289 ξαντος
469 1235 533 1284 ὡς
560 1234 644 1280 ἐπὶ
672 1234 803 1293 νίκῃ,
827 1232 1106 1294 πυθόμενοι
1127 1234 1325 1283 τούτων
1349 1235 1393 1282 οἱ
1417 1235 1683 1299 βάρβαροι

263 1307 349 1352 καὶ
387 1308 556 1367 ἀληθῆ
600 1308 900 1368 νομίσαντες
947 1309 1269 1375 ἀπεχώρουν.
1314 1310 1558 1364 Φλάκκος
1597 1310 1685 1375 μὲν

263 1382 321 1443 δὴ
351 1381 443 1442 τὴν
470 1383 662 1447 ἀγορὰν
691 1384 1092 1432 κινδυνεύουσαν
1118 1385 1213 1432 ὧδε
1241 1385 1533 1447 περιέσωζε.

333 1463 410 1504 82.
438 1459 663 1523 Μακρᾶς
681 1459 730 1507 δὲ
750 1464 839 1522 τῆς
856 1459 941 1508 ἐπὶ
960 1464 1020 1522 τῇ
1042 1459 1361 1528 Παλλαντίᾳ
1380 1461 1682 1526 πολιορκίας

263 1533 422 1594 οὔσης
453 1533 507 1582 αἱ
545 1534 733 1598 τροφαὶ
767 1534 1051 1598 Ῥωμαίους
1090 1536 1385 1592 ἐπέλειπον,
1414 1537 1500 1587 καὶ
1537 1537 1683 1599 λιμὸς

261 1609 458 1669 ἥπτετο
497 1610 682 1665 αὐτῶν,
723 1611 810 1659 καὶ
848 1611 914 1658 τὰ
953 1611 1207 1672 ὑποζύγια
1234 1613 1410 1660 πάντα
1438 1613 1682 1677 ἔφθαρτο,

263 1683 349 1732 καὶ
373 1685 568 1732 πολλοὶ
589 1688 689 1732 τῶν
712 1686 998 1748 ἀνθρώπων
1020 1686 1073 1748 ἐξ
1095 1687 1315 1749 ἀπορίας
1338 1687 1687 1748 ἀπέθνησκον.

265 1759 313 1808 οἱ
349 1760 637 1825 στρατηγοὶ
676 1760 741 1817 δέ,
782 1761 1023 1825 Αἰμίλιός
1050 1783 1103 1811 τε
1132 1762 1216 1810 καὶ
1253 1764 1491 1826 Βροῦτος,
1522 1764 1568 1816 ἐς
1594 1763 1683 1826 μὲν

263 1835 403 1884 πολὺ
442 1835 812 1898 διεκαρτέρουν,
854 1837 1144 1898 ἡσσώμενοι
1185 1838 1223 1885 δ᾽
1257 1838 1357 1886 ὑπὸ
1396 1841 1486 1886 τοῦ
1527 1844 1683 1888 κακοῦ

267 1911 447 1962 νυκτὸς
508 1911 653 1976 ἄφνω
705 1912 822 1976 περὶ
874 1912 1107 1979 ἐσχάτην
1158 1916 1400 1977 φυλακὴν
1451 1912 1683 1962 ἐκέλευον

267 1986 649 2047 ἀναζευγνύναι·
688 1988 966 2053 χιλίαρχοί
1003 2009 1057 2037 τε
1096 1988 1180 2037 καὶ
1218 1988 1447 2054 λοχαγοὶ
1485 1990 1683 2054 περιθε-

266 2083 405 2113 οντες
431 2062 751 2111 ἐπέσπευδον
778 2063 1014 2113 ἅπαντας
1050 2064 1098 2115 ἐς
1124 2066 1275 2112 τοῦτο
1305 2064 1405 2127 πρὸ
1433 2064 1512 2112 ἕω.
1553 2064 1600 2112 οἱ
1634 2064 1682 2113 δὲ

267 2138 364 2187 σὺν
392 2137 599 2202 θορύβῳ
627 2138 692 2187 τά
718 2160 772 2187 τε
799 2138 944 2189 ἄλλα
969 2138 1144 2188 πάντα
1181 2138 1267 2188 καὶ
1306 2137 1423 2192 τοὺς
1460 2160 1681 2202 τραυμα-

267 2214 379 2264 τίας
418 2214 504 2263 καὶ
543 2213 658 2265 τοὺς
697 2218 979 2267 νοσοῦντας
1017 2215 1295 2269 ἀπέλιπον,
1323 2216 1682 2275 συμπλεκομέ-

267 2310 379 2339 νους
407 2310 462 2337 τε
491 2288 647 2353 σφίσι
679 2289 764 2339 καὶ
803 2289 1079 2351 δεομένους.
1120 2290 1206 2339 καὶ
1242 2291 1420 2342 αὐτοῖς
1458 2291 1682 2338 ἀτάκτου

265 2364 351 2413 καὶ
379 2364 706 2429 θορυβώδους
733 2369 822 2427 τῆς
850 2365 1229 2428 ἀναχωρήσεως
1266 2366 1566 2427 γιγνομένης
1599 2367 1680 2414 καὶ

268 2456 355 2498 266
