1747 2693
144 237 249 271 CAP.

145 276 233 305 XIII

336 102 631 143 APPIAN'S
682 102 918 144 ROMAN
968 102 1276 156 HISTORY,
1325 102 1503 146 BOOK
1553 104 1615 146 VI

268 228 407 288 φυγῇ
433 225 673 288 μάλιστα
701 225 892 288 ὁμοίας,
921 225 969 275 οἱ
993 226 1327 275 Παλλάντιοι
1355 226 1685 292 πανταχόθεν

267 299 577 362 ἐπικείμενοι
603 300 782 349 πολλὰ
809 301 1083 361 ἔβλαπτον
1110 302 1166 363 ἐξ
1189 302 1308 361 ἠοῦς
1334 301 1420 351 ἐπὶ
1447 301 1684 365 ἑσπέραν.

269 375 449 426 νυκτὸς
486 376 538 423 δὲ
576 376 942 436 ἐπιλαβούσης
978 376 1230 438 Ῥωμαῖοι
1251 377 1344 440 μὲν
1370 378 1420 429 ἐς
1446 376 1510 425 τὰ
1536 376 1684 426 πεδία

268 451 479 500 ἑαυτοὺς
513 450 784 515 ἐρρίπτουν
825 451 920 500 ἀνὰ
958 451 1121 513 μέρος,
1163 453 1228 504 ὡς
1265 452 1487 519 τύχοιεν,
1516 451 1687 501 ἄσιτοι

267 547 322 574 τε
365 547 450 574 και
491 527 802 583 κατάκοποι,
841 527 886 577 οἱ
930 527 983 575 δὲ
1021 528 1352 576 Παλλάντιοι
1393 528 1509 576 θεοῦ
1549 532 1688 592 σφᾶς

267 603 652 666 ἀποτρέποντος
686 603 994 666 ἀνεχώρουν.
1066 603 1153 650 καὶ
1192 603 1313 650 τάδε
1348 603 1439 666 μὲν
1474 603 1536 664 ἦν
1574 604 1688 666 περὶ

266 676 524 740 Αἰμίλιον.

337 759 421 804 83.
441 752 687 817 Ῥωμαῖοι
707 753 747 801 δ᾽
766 752 898 803 αὐτὰ
916 752 1195 816 πυθόμενοι
1212 753 1300 803 τὸν
1321 755 1411 816 μὲν
1431 752 1687 817 Αἰμίλιον.

266 829 577 894 παρέλυσαν
604 834 693 891 τῆς
720 829 1041 892 στρατηγίας
1076 851 1130 877 τε
1166 829 1255 881 καὶ
1292 829 1557 884 ὑπατείας,
1601 831 1688 878 καὶ

267 904 469 966 ἰδιώτης
491 906 538 956 ἐς
558 904 759 967 Ῥώμην
782 905 1088 968 ὑπέστρεφε,
1111 906 1197 953 καὶ
1224 905 1491 969 χρήμασιν
1512 905 1686 966 ἐπεζη-

264 985 460 1043 μιοῦτο·
510 980 765 1043 Μαγκίνῳ
805 981 842 1028 δ᾽
883 981 1113 1042 ἐδίκαζον
1155 981 1240 1030 καὶ
1281 984 1385 1034 τοῖς
1425 981 1686 1044 πρέσβεσι

266 1060 373 1107 τοῖς
418 1056 770 1119 Νομαντίνων.
847 1056 893 1104 οἱ
935 1056 1026 1115 μὲν
1071 1056 1128 1114 δὴ
1174 1056 1266 1109 τὰς
1310 1056 1586 1110 συνθήκας,
1631 1056 1688 1108 ἃς

264 1132 577 1193 ἐπεποίηντο
613 1132 740 1195 πρὸς
773 1134 1064 1195 Μαγκῖνον,
1093 1130 1428 1180 ἐπεδείκνυον·
1469 1131 1492 1180 ὁ
1521 1131 1572 1180 δὲ
1598 1131 1687 1194 τὴν

266 1206 438 1255 αἰτίαν
469 1207 638 1256 αὐτῶν
666 1208 713 1257 ἐς
741 1206 1017 1271 Πομπήιον
1043 1207 1256 1272 ἀνέφερε
1283 1207 1368 1256 τὸν
1395 1207 1495 1272 πρὸ
1530 1207 1687 1255 αὐτοῦ

265 1281 536 1345 γενόμενον
575 1281 885 1345 στρατηγόν,
928 1284 992 1335 ὡς
1037 1282 1194 1347 ἀργὸν
1236 1283 1323 1332 καὶ
1366 1283 1562 1347 ἄπορον
1603 1283 1687 1331 τὸν

268 1357 494 1422 στρατὸν
533 1357 901 1422 ἐγχειρίσαντά
944 1357 1006 1412 οἱ,
1046 1358 1132 1406 καὶ
1177 1357 1238 1406 δι᾽
1282 1357 1408 1406 αὐτὸ
1453 1360 1688 1407 κἀκεῖνον

266 1435 565 1493 ἡσσημένον
586 1455 639 1482 τε
659 1434 921 1486 πολλάκις
949 1433 1036 1481 καὶ
1063 1433 1326 1495 συνθήκας
1352 1432 1530 1496 ὁμοίας
1550 1434 1685 1498 αὐτῷ

269 1508 475 1571 θέμενον
501 1509 630 1571 πρὸς
655 1509 772 1561 τοὺς
799 1509 1175 1571 Νομαντίνους·
1214 1509 1330 1557 ὅθεν
1361 1509 1456 1571 ἔφη
1489 1509 1575 1557 καὶ
1602 1509 1687 1557 τὸν

267 1584 496 1647 πόλεμον
515 1584 672 1641 τόνδε,
692 1584 836 1647 παρὰ
854 1584 944 1638 τὰς
962 1584 1224 1647 συνθήκας
1241 1582 1432 1633 ἐκείνας
1453 1584 1550 1632 ὑπὸ
1568 1583 1686 1632 Ῥω-

265 1652 428 1716 μαίων
454 1653 833 1716 ἐψηφισμένον,
856 1653 1107 1702 ἀπαίσιον
1128 1654 1301 1706 αὐτοῖς
1322 1655 1598 1716 γεγονέναι.
1643 1655 1687 1700 οἱ

267 1722 307 1769 δ᾽
328 1722 681 1788 ἐχαλέπαινον
705 1722 795 1785 μὲν
823 1722 1132 1786 ἀμφοτέροις
1160 1721 1357 1783 ὁμοίως,
1381 1722 1618 1786 ἀπέφυγε
1646 1723 1683 1770 δ᾽

265 1790 399 1855 ὅμως
439 1790 710 1854 Πομπήιος
739 1791 803 1844 ὡς
830 1790 948 1855 περὶ
975 1790 1131 1839 τῶνδε
1170 1790 1358 1856 κριθεὶς
1384 1790 1471 1840 καὶ
1497 1790 1683 1839 πάλαι.

268 1864 541 1922 Μαγκῖνον
570 1861 609 1907 δ᾽
637 1859 871 1921 ἔγνωσαν
911 1859 1144 1908 ἐκδοῦναι
1182 1864 1288 1913 τοῖς
1326 1859 1682 1917 Νομαντίνοις,

266 1928 383 1975 ἄνευ
436 1932 584 1994 σφῶν
633 1927 861 1994 αἰσχρὰς
922 1928 1185 1991 συνθήκας
1239 1928 1597 1991 πεποιημένον,
1649 1929 1685 1994 ᾧ

264 1996 405 2061 λόγῳ
434 1997 519 2046 καὶ
546 1995 820 2049 Σαυνίταις
842 1997 889 2045 οἱ
914 1996 1144 2061 πατέρες,
1166 1997 1318 2058 ὅμοια
1338 1997 1497 2062 χωρὶς
1517 1997 1684 2046 αὐτῶν

266 2064 619 2128 συνθεμένους,
705 2064 956 2128 ἡγεμόνας
1028 2068 1222 2115 εἴκοσιν
1295 2064 1667 2128 ἐξεδεδώκεσαν.

269 2137 540 2197 Μαγκῖνον
586 2135 677 2197 μὲν
729 2134 785 2195 δὴ
840 2134 1059 2197 Φούριος
1098 2134 1308 2197 ἀγαγὼν
1353 2136 1402 2187 ἐς
1451 2134 1683 2198 Ἰβηρίαν

264 2203 456 2266 γυμνὸν
506 2203 783 2266 παρεδίδου
833 2207 938 2256 τοῖς
990 2203 1347 2265 Νομαντίνοις·
1401 2203 1448 2250 οἱ
1492 2203 1543 2251 δὲ
1593 2203 1682 2251 οὐκ

263 2271 522 2333 ἐδέξαντο.
546 2272 839 2333 στρατηγὸς
872 2272 920 2320 δὲ
953 2272 1031 2320 ἐπ᾽
1059 2273 1245 2323 αὐτοὺς
1284 2273 1498 2334 αἱρεθεὶς
1539 2276 1680 2320 Καλ-

259 2342 502 2402 πούρνιος
531 2341 714 2389 Πίσων
747 2339 847 2388 οὐδ᾽
874 2342 1073 2401 ἤλασεν
1099 2340 1183 2390 ἐπὶ
1216 2339 1532 2397 Νομαντίαν,
1559 2341 1680 2389 ἀλλ᾽

263 2432 350 2474 268
