1747 2693
103 326 206 359 CAP.

102 365 188 394 XIII

104 865 213 897 CAP.

113 906 190 934 XIV

297 187 590 228 APPIAN'S
640 186 876 228 ROMAN
927 184 1237 236 HISTORY,
1283 182 1461 223 BOOK
1514 177 1586 228 VI

225 311 274 362 ἐς
322 311 414 366 τὴν
465 309 818 358 Παλλαντίων
868 312 965 368 γῆν
1026 306 1292 366 ἐσβαλών,
1347 306 1432 354 καὶ
1488 306 1644 370 μικρὰ

226 378 446 443 δῃώσας,
486 377 753 443 ἐχείμαζεν
791 377 842 428 ἐν
889 375 1237 441 Καρπητανίᾳ
1274 373 1332 423 τὸ
1369 373 1645 424 ἐπίλοιπον

225 453 315 510 τῆς
340 448 519 510 ἀρχῆς.

881 714 994 754 XIV

298 860 387 909 84.
411 851 499 901 Ἐν
528 851 580 901 δὲ
617 849 788 913 Ῥώμῃ
822 850 1027 912 κάμνων
1055 848 1076 898 ὁ
1106 849 1261 911 δῆμος
1295 849 1379 898 ἐπὶ
1415 852 1520 900 τοῖς
1547 852 1647 897 Νο-

226 921 501 980 μαντίνοις,
553 923 753 983 μακροῦ
801 920 888 967 καὶ
945 918 1229 983 δυσχεροῦς
1279 921 1367 966 τοῦ
1417 917 1647 980 πολέμου

228 993 386 1054 σφίσι
415 991 559 1053 παρὰ
579 988 898 1052 προσδοκίαν
920 985 1204 1049 γεγονότος,
1222 985 1437 1051 ᾑροῦντο
1458 986 1648 1047 Κορνή-

228 1068 342 1108 λιον
369 1059 636 1108 Σκιπίωνα
664 1055 751 1106 τὸν
780 1053 1093 1121 Καρχηδόνα
1128 1053 1313 1103 ἑλόντα
1346 1053 1493 1104 αὖθις
1521 1055 1647 1102 ὑπα-

228 1128 407 1179 τεύειν,
453 1128 517 1180 ὡς
566 1127 721 1188 μόνον
762 1127 1112 1187 ἐπικρατῆσαι
1162 1126 1264 1171 τῶν
1313 1121 1648 1186 Νομαντίνων

229 1196 521 1257 δυνάμενον.
573 1194 596 1243 ὁ
649 1194 701 1242 δὲ
751 1193 836 1242 καὶ
885 1192 1002 1240 τότε
1050 1192 1110 1251 ἦν
1161 1192 1236 1241 ἔτι
1281 1192 1518 1250 νεώτερος
1561 1196 1649 1250 τῆς

230 1263 590 1327 νενομισμένης
641 1265 745 1314 τοῖς
803 1260 1150 1309 ὑπατεύουσιν
1199 1259 1419 1318 ἡλικίας·
1482 1260 1510 1318 ἡ
1564 1259 1647 1306 οὖν

228 1332 401 1391 βουλὴ
451 1332 632 1387 πάλιν,
684 1331 861 1392 ὥσπερ
911 1331 995 1378 ἐπὶ
1059 1327 1435 1392 Καρχηδονίοις
1491 1330 1649 1376 αὐτοῦ

229 1399 682 1467 χειροτονουμένου
723 1396 1026 1453 Σκιπίωνος,
1063 1396 1370 1462 ἐψηφίσατο
1411 1396 1527 1451 τοὺς
1568 1397 1649 1458 δη-

228 1471 461 1536 μάρχους
504 1472 669 1517 λῦσαι
709 1469 796 1517 τὸν
840 1467 958 1530 περὶ
992 1471 1080 1528 τῆς
1117 1465 1321 1525 ἡλικίας
1359 1464 1524 1529 νόμον,
1566 1467 1648 1513 καὶ

230 1543 321 1588 τοῦ
365 1540 599 1587 ἐπιόντος
651 1538 792 1589 ἔτους
844 1536 991 1587 αὖθις
1043 1533 1242 1583 θέσθαι.
1305 1534 1436 1582 οὕτω
1486 1533 1575 1596 μὲν
1625 1533 1646 1582 ὁ

231 1606 463 1657 Σκιπίων
501 1606 645 1657 αὖθις
678 1605 945 1653 ὑπατεύων
980 1604 1027 1656 ἐς
1062 1603 1365 1660 Νομαντίαν
1389 1602 1647 1661 ἠπείγετο,

232 1674 487 1738 στρατιὰν
521 1674 563 1723 δ᾽
590 1676 644 1722 ἐκ
680 1672 976 1733 καταλόγου
1003 1671 1092 1732 μὲν
1120 1672 1211 1719 οὐκ
1237 1672 1404 1731 ἔλαβε
1434 1674 1648 1719 πολλῶν

232 1766 286 1792 τε
313 1742 554 1806 πολέμων
580 1743 738 1790 ὄντων
765 1741 852 1789 καὶ
878 1743 1095 1789 πολλῶν
1120 1739 1318 1804 ἀνδρῶν
1345 1741 1395 1787 ἐν
1428 1740 1646 1805 Ἰβηρίᾳ,

232 1813 505 1863 ἐθελοντὰς
532 1810 583 1859 δέ
610 1831 766 1864 τινας,
796 1809 851 1858 ἔκ
878 1830 932 1857 τε
959 1808 1164 1857 πόλεων
1192 1808 1277 1857 καὶ
1302 1809 1574 1865 βασιλέων
1603 1809 1648 1861 ἐς

231 1883 386 1948 χάριν
425 1879 557 1929 ἰδίαν
593 1877 925 1944 πεμφθέντας
963 1878 1117 1943 αὐτῷ,
1157 1877 1535 1942 συγχωρούσης
1562 1881 1648 1939 τῆς

231 1953 430 2011 βουλῆς
471 1949 780 2009 ἐπηγάγετο,
824 1945 908 1995 καὶ
947 1946 1181 1997 πελάτας
1221 1945 1275 1993 ἐκ
1323 1944 1521 2006 Ῥώμης
1565 1946 1650 1994 καὶ

234 2021 418 2082 φίλους
477 2015 866 2070 πεντακοσίους,
931 2015 1016 2067 οὓς
1076 2015 1125 2067 ἐς
1187 2016 1304 2072 ἴλην
1360 2013 1649 2073 καταλέξας

234 2088 408 2135 ἐκάλει
437 2085 607 2149 φίλων
634 2085 770 2145 ἴλην.
810 2082 1007 2134 πάντας
1035 2082 1087 2130 δὲ
1114 2083 1161 2135 ἐς
1194 2084 1650 2148 τετρακισχιλίους

232 2154 528 2218 γενομένους
571 2151 834 2217 παραδοὺς
883 2151 1025 2215 ἄγειν
1069 2149 1331 2215 ἀδελφιδῷ
1380 2149 1648 2205 Βουτέωνι,

235 2224 330 2273 σὺν
357 2224 550 2285 ὀλίγοις
584 2223 735 2274 αὐτὸς
770 2222 1169 2285 προεξώρμησεν
1207 2220 1255 2271 ἐς
1295 2217 1529 2285 Ἰβηρίαν
1566 2220 1650 2267 ἐπὶ

234 2292 292 2341 τὸ
320 2291 688 2355 στρατόπεδον,
711 2289 1090 2351 πυνθανόμενος
1117 2288 1242 2336 αὐτὸ
1269 2288 1441 2350 γέμειν
1467 2286 1648 2351 ἀργίας

235 2360 323 2409 καὶ
349 2360 588 2408 στάσεων
615 2359 701 2407 καὶ
727 2362 936 2420 τρυφῆς,
956 2357 1010 2412 εὖ
1037 2355 1176 2408 εἰδὼς
1201 2355 1280 2405 ὅτι
1306 2355 1374 2417 μὴ
1403 2355 1650 2417 κρατήσει

234 2427 498 2492 πολεμίων
523 2427 644 2492 πρὶν
672 2429 963 2491 κατασχεῖν
989 2428 1088 2475 τῶν
1115 2424 1255 2474 ἰδίων
1284 2426 1558 2488 ἐγκρατῶς.

236 2532 327 2576 270
