1747 2693
125 316 221 346 CAP.

130 356 207 385 XIV

318 179 612 219 APPIAN'S
662 179 898 221 ROMAN
948 180 1254 234 HISTORY,
1304 181 1478 225 BOOK
1531 182 1592 224 VI

318 309 401 352 85.
432 303 635 351 Ἐλθὼν
657 303 710 351 δὲ
736 304 991 367 ἐμπόρους
1013 326 1067 354 τε
1088 306 1288 358 πάντας
1310 307 1558 367 ἐξήλαυνε
1580 308 1662 353 καὶ

247 380 450 444 ἑταίρας
504 380 591 428 καὶ
646 380 856 442 μάντεις
910 381 997 429 καὶ
1051 381 1224 437 θύτας,
1289 382 1364 434 οἷς
1427 382 1510 430 διὰ
1574 382 1663 434 τὰς

248 454 572 518 δυσπραξίας
628 454 674 503 οἱ
729 458 1049 518 στρατιῶται
1099 457 1349 519 περιδεεῖς
1400 457 1661 519 γεγονότες

246 530 472 594 ἐχρῶντο
508 533 751 594 συνεχῶς·
793 531 840 582 ἔς
876 552 929 578 τε
964 530 1020 579 τὸ
1054 531 1249 594 μέλλον
1285 532 1477 580 ἀπεῖπε
1508 532 1662 594 μηδὲν

246 606 560 671 ἐσφέρεσθαι
588 609 687 655 τῶν
703 609 986 671 περισσῶν,
1007 607 1132 669 μηδὲ
1160 607 1335 671 ἱερεῖον
1356 608 1402 660 ἐς
1422 608 1663 671 μαντείαν

245 681 607 743 πεποιημένον.
647 681 888 730 ἐκέλευσε
925 681 974 730 δὲ
1015 682 1101 731 καὶ
1137 681 1227 734 τὰς
1262 683 1463 746 ἁμάξας
1490 685 1576 731 καὶ
1602 685 1663 731 τὰ

246 756 479 821 περισσὰ
506 760 604 805 τῶν
632 757 677 810 ἐς
706 756 864 809 αὐτὰς
891 756 1164 820 τιθεμένων
1190 757 1277 806 καὶ
1303 756 1366 805 τὰ
1398 759 1662 819 ὑποζύγια,

247 832 405 898 χωρὶς
433 831 500 881 ὧν
527 831 680 885 αὐτὸς
710 832 1036 887 ὑπελείπετο,
1066 834 1343 895 πραθῆναι.
1372 836 1459 882 καὶ
1485 839 1663 888 σκεῦος

247 908 338 955 οὐκ
367 908 484 970 ἐξῆν
512 908 559 959 ἐς
588 908 790 955 δίαιταν
818 908 956 971 ἔχειν
989 908 1152 956 οὐδενὶ
1184 908 1324 969 πλὴν
1358 908 1549 968 ὀβελοῦ
1581 914 1664 960 καὶ

246 981 441 1047 χύτρας
480 988 685 1048 χαλκῆς
724 984 810 1032 καὶ
850 985 1152 1041 ἐκπώματός
1190 986 1308 1037 ἑνός.
1352 987 1416 1032 τά
1444 1007 1497 1033 τε
1523 987 1664 1036 σιτία

245 1058 421 1111 αὐτοῖς
449 1058 638 1122 ὥριστο
667 1059 788 1119 κρέα
819 1059 975 1118 ζεστὰ
1002 1060 1088 1108 καὶ
1126 1060 1261 1108 ὀπτὰ
1301 1060 1445 1109 εἶναι.
1488 1061 1662 1115 κλίνας

246 1154 300 1181 τε
362 1134 585 1182 ἀπεῖπεν
646 1134 797 1198 ἔχειν,
863 1135 949 1184 καὶ
1000 1138 1202 1195 πρῶτος
1259 1137 1343 1185 ἐπὶ
1399 1138 1664 1197 στιβάδων

246 1210 547 1257 ἀνεπαύετο.
588 1210 779 1257 ἀπεῖπε
812 1209 864 1257 δὲ
900 1211 985 1257 καὶ
1013 1211 1280 1262 ὁδεύοντας
1308 1214 1530 1271 ἡμιόνοις
1558 1215 1663 1262 ἐπι-

246 1284 572 1344 καθέζεσθαι·
625 1285 675 1332 τί
716 1285 814 1348 γὰρ
864 1286 914 1333 ἐν
964 1286 1173 1348 πολέμῳ
1225 1287 1524 1350 προσδοκᾶν
1568 1291 1662 1353 ἔφη

245 1359 368 1423 παρ᾽
410 1359 588 1422 ἀνδρὸς
633 1360 744 1409 οὐδὲ
784 1361 1018 1419 βαδίζειν
1063 1362 1364 1420 δυναμένου;
1416 1364 1511 1411 κἀν
1561 1369 1665 1418 τοῖς

244 1435 532 1499 ἀλείμμασι
561 1436 645 1484 καὶ
671 1440 910 1498 λουτροῖς
937 1436 1146 1491 ἑαυτοὺς
1183 1437 1414 1502 ἤλειφον,
1443 1440 1664 1488 ἐπισκώ-

244 1533 462 1561 πτοντος
503 1515 593 1560 τοῦ
630 1511 914 1566 Σκιπίωνος
954 1514 1019 1567 ὡς
1051 1514 1103 1560 αἱ
1141 1515 1336 1574 ἡμίονοι
1369 1519 1549 1578 χεῖρας
1575 1517 1663 1565 οὐκ

245 1587 466 1654 ἔχουσαι
504 1587 757 1651 χρῄζουσι
785 1589 1086 1650 τριβόντων.
1129 1590 1259 1637 οὕτω
1289 1591 1377 1642 μὲν
1406 1592 1591 1643 αὐτοὺς
1618 1593 1662 1644 ἐς

245 1663 591 1727 σωφροσύνην
616 1664 945 1724 μετέβαλλεν
971 1665 1180 1724 ἀθρόως,
1218 1665 1373 1726 εἴθιζε
1413 1665 1464 1714 δὲ
1497 1668 1586 1716 καὶ
1619 1669 1664 1720 ἐς

243 1731 370 1779 αἰδῶ
412 1731 499 1780 καὶ
540 1731 722 1792 φόβον,
775 1732 1123 1795 δυσπρόσιτος
1165 1734 1232 1781 ὢν
1275 1734 1360 1782 καὶ
1411 1734 1662 1799 δυσχερὴς

245 1800 292 1849 ἐς
342 1800 432 1851 τὰς
480 1801 717 1865 χάριτας,
764 1801 851 1850 καὶ
889 1802 1128 1865 μάλιστα
1177 1802 1268 1856 τὰς
1317 1802 1659 1866 παρανόμους.

244 1869 389 1932 ἔλεγέ
417 1889 471 1918 τε
497 1871 760 1923 πολλάκις
798 1869 914 1922 τοὺς
950 1869 1042 1932 μὲν
1079 1871 1370 1934 αὐστηροὺς
1408 1872 1493 1922 καὶ
1532 1873 1662 1922 ἐννό-

242 1959 364 2000 μους
393 1940 492 1985 τῶν
519 1941 828 2001 στρατηγῶν
851 1942 955 1992 τοῖς
982 1939 1200 1995 οἰκείοις,
1219 1939 1335 1993 τοὺς
1363 1940 1414 1990 δὲ
1438 1941 1662 2006 εὐχερεῖς

244 2006 331 2053 καὶ
369 2006 687 2070 φιλοδώρους
725 2011 831 2059 τοῖς
872 2007 1140 2070 πολεμίοις
1182 2007 1308 2056 εἶναι
1355 2010 1657 2073 χρησίμους·

242 2075 307 2121 τὰ
333 2075 432 2137 γὰρ
460 2073 793 2137 στρατόπεδα
819 2079 922 2128 τοῖς
948 2076 1040 2137 μὲν
1067 2076 1195 2125 εἶναι
1227 2078 1579 2141 κεχαρισμένα
1608 2101 1660 2128 τε

242 2144 329 2191 καὶ
356 2145 798 2207 καταφρονητικά,
819 2148 924 2196 τοῖς
952 2146 1001 2193 δὲ
1028 2146 1316 2208 σκυθρωπὰ
1340 2146 1433 2209 μὲν
1450 2148 1661 2210 εὐπειθῆ

245 2211 292 2259 δὲ
319 2213 404 2259 καὶ
431 2216 597 2260 πᾶσιν
624 2213 823 2274 ἕτοιμα.

313 2279 390 2325 86.
433 2281 513 2327 Οὐ
567 2281 664 2342 μὴν
721 2282 822 2329 οὐδ᾽
881 2282 945 2335 ὣς
999 2283 1195 2344 ἐτόλμα
1246 2286 1492 2346 πολεμεῖν
1542 2286 1658 2348 πρὶν

240 2349 426 2398 αὐτοὺς
464 2350 729 2411 γυμνάσαι
767 2351 939 2403 πόνοις
979 2355 1215 2403 πολλοῖς.
1291 2352 1355 2400 τὰ
1389 2352 1475 2401 οὖν
1500 2354 1657 2416 ἀγχο-

239 2417 377 2465 τάτω
441 2417 591 2465 πεδία
652 2420 826 2468 πάντα
889 2421 1117 2485 περιιών,
1169 2421 1391 2482 ἑκάστης
1452 2422 1654 2488 ἡμέρας,

240 2520 326 2564 272
