1747 2693
150 268 251 298 CAP.

160 308 239 337 XIV

340 133 634 174 APPIAN'S
684 133 917 174 ROMAN
970 131 1276 184 HISTORY,
1321 132 1499 175 BOOK
1550 134 1611 175 VI

272 257 407 305 ἄλλο
466 257 574 318 μετ᾽
637 256 771 305 ἄλλο
833 255 1187 319 στρατόπεδον
1254 257 1425 318 ἤγειρέ
1483 278 1539 306 τε
1597 259 1681 306 καὶ

271 331 499 395 καθῄρει,
549 331 637 379 καὶ
686 331 914 395 τάφρους
977 331 1182 393 ὤρυσσε
1230 332 1538 387 βαθυτάτας
1600 332 1683 379 καὶ

271 406 579 468 ἐνεπίμπλη,
608 406 756 469 τείχη
797 426 851 454 τε
886 406 1094 468 μεγάλα
1135 404 1378 469 ᾠκοδόμει
1418 406 1503 454 καὶ
1541 407 1684 454 κατέ-

272 486 437 545 φερεν,
465 480 618 532 αὐτὸς
660 480 715 541 ἐξ
752 480 872 540 ἠοῦς
913 480 960 532 ἐς
988 479 1212 545 ἑσπέραν
1240 481 1447 529 ἅπαντα
1475 482 1682 545 ἐφορῶν.

272 559 362 609 τὰς
382 559 430 607 δὲ
453 557 759 622 ὁδοιπορίας,
779 557 859 606 ἵνα
879 558 948 619 μή
968 579 1040 610 τις
1062 559 1126 611 ὡς
1143 559 1312 606 πάλαι
1331 559 1684 623 διασκιδνῷτο,

273 634 392 696 ἦγεν
433 634 484 682 ἐν
518 632 775 683 πλινθίοις
804 632 895 687 ἀεί,
923 633 1009 681 καὶ
1050 633 1141 695 τὴν
1181 634 1446 696 δεδομένην
1485 635 1684 697 ἑκάστῳ

271 709 421 769 τάξιν
460 707 551 756 οὐκ
593 707 654 769 ἦν
694 707 995 769 ἐναλλάξαι.
1080 706 1290 769 περιιών
1327 728 1382 756 τε
1430 707 1520 769 τὴν
1559 706 1686 756 ὁδοι-

270 783 473 847 πορίαν,
512 783 599 832 καὶ
637 782 702 831 τὰ
739 783 919 830 πολλὰ
959 783 1204 846 οὐραγῶν,
1247 783 1364 836 τοὺς
1399 783 1489 847 μὲν
1527 786 1686 849 ἀρρω-

274 862 524 910 στοῦντας
574 858 659 906 ἐπὶ
699 858 815 909 τοὺς
859 858 1049 909 ἵππους
1089 856 1400 918 ἀνεβίβαζεν
1439 859 1551 907 ἀντὶ
1589 862 1686 907 τῶν

275 932 489 983 ἱππέων,
540 931 604 980 τὰ
654 931 707 979 δὲ
753 933 1020 993 βαροῦντα
1058 932 1149 984 τὰς
1190 933 1424 994 ἡμιόνους
1474 933 1521 986 ἐς
1572 936 1686 985 τοὺς

272 1009 455 1069 πεζοὺς
503 1004 790 1069 διεμέριζεν.
877 1005 920 1054 εἰ
969 1005 1021 1054 δὲ
1083 1006 1376 1069 σταθμεύοι,
1430 1008 1546 1061 τοὺς
1598 1008 1687 1072 μὲν

272 1085 617 1147 προφύλακας
659 1085 748 1143 τῆς
791 1081 979 1146 ἡμέρας
1030 1081 1085 1129 ἐκ
1125 1086 1214 1143 τῆς
1259 1081 1553 1147 ὁδοιπορίας
1593 1083 1687 1132 ἔδει

273 1159 393 1224 περὶ
431 1159 520 1207 τὸν
561 1158 774 1222 χάρακα
817 1156 1084 1213 ἵστασθαι,
1127 1157 1216 1206 καὶ
1266 1157 1464 1207 ἱππέων
1514 1157 1687 1223 ἑτέραν

276 1237 391 1295 ἴλην
430 1234 767 1298 περιτρέχειν·
812 1232 856 1279 οἱ
899 1232 938 1278 δ᾽
975 1232 1131 1279 ἄλλοι
1172 1232 1234 1280 τὰ
1274 1232 1400 1296 ἔργα
1437 1232 1685 1298 διῄρηντο,

276 1310 359 1358 καὶ
392 1311 495 1360 τοῖς
520 1309 611 1371 μὲν
637 1306 910 1371 ταφρεύειν
937 1306 1195 1363 ἐτέτακτο,
1227 1311 1331 1360 τοῖς
1358 1308 1408 1356 δὲ
1435 1309 1685 1373 τειχίζειν,

275 1389 380 1435 τοῖς
428 1383 479 1432 δὲ
530 1384 874 1437 σκηνοποιεῖν,
925 1380 1114 1446 χρόνου
1163 1402 1218 1431 τε
1264 1386 1424 1445 μῆκος
1485 1384 1686 1446 ὡρίζετο

274 1460 447 1511 αὐτοῖς
473 1457 560 1507 καὶ
587 1457 914 1519 διεμετρεῖτο.

347 1540 425 1582 87.
452 1532 587 1581 Ὃτε
614 1531 653 1579 δ᾽
681 1533 887 1580 εἴκασεν
915 1531 1004 1593 ὀξὺ
1031 1531 1116 1580 καὶ
1153 1531 1384 1584 εὐπειθὲς
1427 1533 1563 1598 αὐτῷ
1602 1536 1688 1584 καὶ

277 1607 557 1673 φερέπονον
604 1605 867 1669 γεγονέναι
916 1605 975 1654 τὸ
1025 1607 1340 1670 στράτευμα,
1387 1608 1689 1668 μετέβαινεν

277 1685 446 1748 ἀγχοῦ
485 1685 586 1730 τῶν
625 1679 974 1744 Νομαντίνων.
1048 1681 1390 1747 προφυλακὰς
1419 1681 1484 1738 δέ,
1514 1682 1688 1749 ὥσπερ

276 1759 420 1813 τινές,
450 1759 533 1807 ἐπὶ
560 1756 817 1821 φρουρίων
856 1756 945 1803 οὐκ
984 1756 1221 1804 ἐποιεῖτο·
1263 1756 1378 1807 οὐδὲ
1405 1756 1572 1821 διῄρει
1602 1781 1689 1808 ποι

275 1833 363 1882 τὸν
408 1833 633 1895 στρατὸν
669 1832 818 1885 ὅλως,
862 1833 952 1878 τοῦ
993 1829 1064 1892 μὴ
1109 1829 1240 1882 τινὸς
1284 1832 1334 1879 ἐν
1375 1833 1512 1897 ἀρχῇ
1549 1855 1686 1896 γενο-

274 1908 426 1971 μένου
460 1908 789 1969 πταίσματος
815 1905 1267 1970 εὐκαταφρόνητον
1294 1910 1399 1958 τοῖς
1426 1907 1689 1971 πολεμίοις

276 1984 433 2032 αὐτὸν
481 1980 739 2044 γενέσθαι,
793 1980 879 2027 καὶ
930 1979 1051 2032 τέως
1102 1985 1536 2045 καταφρονοῦσιν.
1588 1975 1687 2031 οὐδ᾽

277 2056 530 2123 ἐπεχείρει
569 2059 673 2108 τοῖς
712 2055 932 2121 ἐχθροῖς,
962 2055 1035 2103 ἔτι
1071 2059 1406 2119 περισκοπῶν
1445 2056 1601 2106 αὐτόν
1638 2079 1691 2106 τε

275 2132 362 2182 τὸν
402 2132 629 2194 πόλεμον
669 2131 756 2179 καὶ
796 2129 884 2178 τὸν
922 2129 1100 2194 καιρὸν
1141 2131 1300 2179 αὐτοῦ
1340 2131 1427 2180 καὶ
1468 2132 1559 2194 τὴν
1587 2136 1685 2181 τῶν

276 2209 614 2271 Νομαντίνων
665 2206 836 2271 ὁρμήν,
889 2207 936 2260 ἐς
985 2206 1011 2254 ὅ
1061 2227 1109 2254 τι
1160 2207 1455 2271 τρέψοιντο.
1529 2207 1595 2255 τὰ
1639 2207 1688 2256 δὲ

277 2284 445 2332 ὀπίσω
486 2286 577 2332 τοῦ
618 2280 977 2345 στρατοπέδου
1015 2281 1188 2329 πάντα
1227 2280 1573 2344 ἐχορτολόγει,
1604 2284 1689 2332 καὶ

277 2359 362 2407 τὸν
393 2363 537 2407 σῖτον
565 2358 752 2423 ἔκειρεν
779 2358 852 2405 ἔτι
879 2356 1104 2424 χλωρόν.
1178 2358 1243 2410 ὡς
1281 2356 1318 2404 δ᾽
1348 2359 1485 2424 αὐτῷ
1528 2362 1687 2407 ταῦτα

280 2463 369 2505 274
