1747 2693
155 261 254 291 CAP.

164 301 242 330 XIV

350 128 644 169 APPIAN'S
694 128 927 169 ROMAN
979 129 1286 181 HISTORY,
1334 130 1508 171 BOOK
1562 126 1631 172 VI

280 248 628 311 ἐξετεθέριστο
657 249 741 297 καὶ
769 249 816 301 ἐς
844 249 900 297 τὸ
928 249 1159 312 πρόσθεν
1185 250 1283 298 ἔδει
1310 250 1556 309 βαδίζειν,
1586 250 1691 304 ὁδὸς

278 323 369 385 μὲν
386 323 446 384 ἦν
466 323 609 385 παρὰ
627 323 718 385 τὴν
740 324 1041 386 Νομαντίαν
1064 324 1147 373 ἐπὶ
1167 324 1230 372 τὰ
1248 325 1399 373 πεδία
1429 325 1691 388 σύντομος,

279 399 365 445 καὶ
390 399 583 445 πολλοὶ
622 400 1001 459 συνεβούλευον
1026 400 1073 451 ἐς
1101 400 1260 460 αὐτὴν
1286 401 1598 464 τραπέσθαι.
1672 401 1692 449 ὁ

280 472 319 521 δ᾽
359 472 455 537 ἔφη
506 472 598 535 τὴν
646 473 894 522 ἐπάνοδον
944 473 1172 539 δεδιέναι,
1213 475 1419 539 κούφων
1454 475 1545 539 μὲν
1582 474 1694 524 τότε

279 551 380 596 τῶν
424 547 686 610 πολεμίων
728 549 901 604 ὄντων,
943 550 1028 598 καὶ
1068 550 1123 598 ἐκ
1159 550 1360 602 πόλεως
1397 551 1696 615 ὁρμωμένων

279 623 365 670 καὶ
392 624 438 671 ἐς
464 623 620 671 πόλιν
658 624 1021 688 ἀφορμώντων·
1052 624 1147 673 "οἱ
1185 625 1223 673 δ᾽
1252 626 1485 690 ἡμέτεροι
1518 628 1695 692 βαρεῖς

280 698 552 746 ἐπανίασιν
591 699 656 751 ὡς
693 700 796 747 ἀπὸ
837 701 1138 762 σιτολογίας
1166 702 1250 749 καὶ
1277 702 1582 758 κατάκοποι,
1612 703 1694 750 καὶ

279 774 437 834 κτήνη
468 774 552 821 καὶ
580 774 778 837 ἁμάξας
807 774 890 823 καὶ
920 777 1107 838 φορτία
1134 775 1366 838 ἄγουσιν.
1443 775 1696 841 δυσχερής

280 870 334 896 τε
383 849 515 899 ὅλως
566 849 650 897 καὶ
694 848 927 913 ἀνόμοιος
972 849 995 898 ὁ
1041 850 1194 913 ἀγών·
1240 852 1558 914 ἡσσωμένοις
1607 852 1696 915 μὲν

279 922 378 985 γὰρ
407 925 571 977 πολὺς
599 922 621 971 ὁ
650 923 893 982 κίνδυνος,
922 928 1104 974 νικῶσι
1126 926 1176 974 δὲ
1205 926 1260 974 οὐ
1287 927 1421 989 μέγα
1447 927 1504 975 τὸ
1534 928 1692 991 ἔργον,

280 998 380 1046 οὐδ᾽
410 998 714 1064 ἐπικερδές."
790 1000 917 1048 εἶναι
959 1001 996 1049 δ᾽
1040 1002 1233 1063 ἄλογον
1271 1004 1574 1050 κινδυνεύειν
1611 1005 1692 1049 ἐπὶ

280 1074 486 1137 ὀλίγοις,
538 1076 620 1123 καὶ
666 1076 962 1137 στρατηγὸν
1001 1077 1167 1138 ἀμελῆ
1208 1076 1295 1124 τὸν
1331 1076 1697 1138 ἀγωνιζόμενον

278 1149 381 1215 πρὸ
408 1155 496 1212 τῆς
522 1149 713 1215 χρείας,
744 1150 941 1214 ἀγαθὸν
978 1151 1029 1201 δὲ
1057 1151 1144 1201 τὸν
1170 1153 1221 1201 ἐν
1246 1151 1422 1213 μόναις
1449 1175 1694 1218 παρακιν-

281 1225 552 1273 δυνεύοντα
591 1230 702 1276 ταῖς
741 1226 1004 1288 ἀνάγκαις.
1080 1226 1368 1290 συγκρίνων
1407 1226 1445 1275 δ᾽
1474 1228 1572 1291 ἔφη
1611 1229 1695 1276 καὶ

279 1301 395 1350 τοὺς
438 1299 642 1365 ἰατροὺς
681 1300 750 1362 μὴ
794 1303 1028 1364 χρῆσθαι
1079 1306 1257 1364 τομαῖς
1306 1302 1431 1364 μηδὲ
1475 1302 1695 1352 καύσεσι

277 1376 379 1441 πρὸ
403 1376 703 1440 φαρμάκων.
763 1377 905 1425 ταῦτ᾽
935 1377 1093 1425 εἰπὼν
1121 1377 1321 1427 ἐκέλευε
1350 1382 1454 1431 τοῖς
1480 1378 1696 1442 ἡγεμόσι

280 1451 372 1514 τὴν
420 1451 740 1514 μακροτέραν
789 1454 1069 1515 περιάγειν.
1147 1455 1233 1502 καὶ
1284 1456 1522 1517 συνεξῄει
1582 1456 1696 1503 τότε

275 1527 368 1590 μὲν
404 1528 451 1580 ἐς
493 1527 550 1575 τὸ
591 1527 753 1590 πέραν
791 1531 882 1576 τοῦ
920 1530 1297 1591 στρατοπέδου,
1329 1531 1546 1593 ὕστερον
1572 1532 1623 1579 δὲ
1650 1532 1694 1584 ἐς

278 1602 342 1650 τὰ
383 1601 708 1655 Οὐακκαίων,
748 1603 864 1652 ὅθεν
913 1603 958 1651 οἱ
1008 1606 1324 1661 Νομαντῖνοι
1363 1604 1453 1658 τὰς
1504 1604 1695 1672 τροφὰς

277 1680 536 1729 ἐωνοῦντο,
567 1678 745 1743 κείρων
786 1678 1009 1735 ἅπαντα,
1040 1679 1124 1728 καὶ
1165 1679 1227 1726 τὰ
1269 1680 1508 1743 χρήσιμα
1534 1681 1581 1735 ἐς
1607 1680 1696 1735 τὰς

278 1756 459 1802 ἑαυτοῦ
488 1754 682 1817 τροφὰς
709 1754 999 1817 συλλέγων,
1031 1755 1094 1802 τὰ
1123 1755 1174 1803 δὲ
1200 1756 1421 1819 περιττὰ
1459 1756 1697 1820 σωρεύων

277 1850 334 1877 τε
361 1831 445 1877 καὶ
476 1828 783 1877 κατακαίων.

349 1912 429 1951 88.
465 1905 557 1952 Ἐν
595 1905 646 1952 δέ
685 1925 781 1953 τινι
824 1905 981 1970 πεδίῳ
1022 1910 1110 1967 τῆς
1151 1909 1511 1963 Παλλαντιας,
1540 1908 1699 1972 ὄνομα

288 1980 584 2044 Κοπλανίῳ,
631 1981 864 2033 πολλοὺς
909 1981 994 2029 ἐπὶ
1045 1985 1144 2030 τῶν
1196 1981 1323 2044 ὀρῶν
1366 1982 1465 2031 ὑπὸ
1515 1981 1695 2049 λόφοις

280 2056 516 2121 ἔκρυψαν
544 2056 589 2102 οἱ
618 2056 965 2112 Παλλάντιοι,
994 2057 1081 2104 καὶ
1108 2057 1294 2122 ἑτέροις
1321 2058 1368 2108 ἐς
1394 2058 1451 2105 τὸ
1480 2059 1699 2122 φανερὸν

282 2132 396 2181 τοὺς
438 2133 845 2193 σιτολογοῦντας
889 2131 1175 2195 ἠνώχλουν.
1251 2131 1274 2181 ὁ
1326 2132 1377 2180 δὲ
1416 2132 1697 2181 Ῥουτίλιον

282 2206 514 2271 Ῥοῦφον,
584 2206 894 2271 συγγραφέα
968 2206 1123 2255 τῶνδε
1184 2210 1283 2255 τῶν
1343 2207 1519 2270 ἔργων,
1582 2209 1696 2257 τότε

279 2285 680 2347 χιλιαρχοῦντα,
732 2281 973 2330 ἐκέλευσε
1023 2282 1284 2347 τέσσαρας
1330 2281 1530 2330 ἱππέων
1582 2288 1695 2336 ἴλας

280 2356 519 2414 λαβόντα
551 2358 860 2406 ἀναστεῖλαι
898 2356 1016 2409 τοὺς
1053 2359 1412 2425 ἐνοχλοῦντας.
1482 2357 1696 2425 Ῥοῦφος

285 2449 373 2502 276
