1747 2693
111 285 208 316 CAP.

118 325 195 353 XIV

296 151 593 195 APPIAN'S
644 154 878 196 ROMAN
930 157 1236 210 HISTORY,
1284 158 1463 200 BOOK
1511 158 1574 198 VI

231 273 320 333 μὲν
359 275 444 323 οὖν
483 276 848 343 ὑποχωροῦσιν
887 281 1060 333 αὐτοῖς
1087 280 1314 343 ἀμέτρως
1343 282 1530 339 εἵπετο,
1559 285 1643 331 καὶ

233 349 513 407 φεύγουσιν
564 354 612 404 ἐς
652 354 738 401 τὸν
782 355 948 418 λόφον
997 358 1344 416 συνανεπήδα,
1388 358 1509 406 ἔνθα
1558 362 1644 417 τῆς

230 424 431 488 ἐνέδρας
482 427 790 488 ἐκφανείσης
840 430 1041 479 ἐκέλευε
1105 432 1222 484 τοὺς
1270 432 1462 484 ἱππέας
1518 432 1644 494 μήτε

232 498 430 546 διώκειν
455 497 584 561 μήτε
620 503 902 567 ἐπιχειρεῖν
941 507 1029 561 ἔτι,
1059 507 1180 554 ἀλλ᾽
1209 506 1261 555 ἐν
1300 510 1543 570 προβολῇ
1582 509 1643 556 τὰ

231 573 423 636 δόρατα
459 576 695 636 θεμένους
723 579 933 628 ἑστάναι
972 581 1059 630 καὶ
1084 582 1323 634 ἐπιόντας
1361 584 1644 644 ἀμύνεσθαι

231 648 400 708 μόνον.
477 649 500 697 ὁ
543 650 591 698 δὲ
634 649 868 702 Σκιπίων
906 655 1027 704 εὐθὺ
1066 656 1440 721 ἀνατρέχοντος
1491 660 1645 706 αὐτοῦ

231 723 373 786 παρὰ
401 724 457 772 τὸ
485 725 801 787 πρόσταγμα
829 728 1002 782 δείσας
1030 730 1203 778 εἵπετο
1234 732 1366 779 κατὰ
1395 733 1646 793 σπουδήν,

231 799 316 845 καὶ
345 800 410 848 ὡς
435 801 554 862 ηὗρε
582 802 673 861 τὴν
695 803 911 862 ἐνέδραν,
938 804 984 855 ἐς
1001 805 1088 852 δύο
1117 805 1273 853 διεῖλε
1302 807 1417 858 τοὺς
1438 808 1643 862 ἱππέας,

231 875 316 919 καὶ
384 878 706 939 προσέταξεν
768 881 944 930 αὐτῶν
990 881 1245 943 ἑκατέροις
1307 884 1449 944 παρὰ
1499 884 1646 945 μέρος

230 948 463 1009 ἐμπηδᾶν
508 955 613 1003 τοῖς
652 953 936 1010 πολεμίοις,
979 956 1065 1003 καὶ
1107 954 1483 1010 ἀκοντίσαντας
1523 956 1645 1019 ὁμοῦ

230 1025 430 1079 πάντας
458 1026 604 1077 εὐθὺς
630 1028 931 1092 ἀναχωρεῖν,
961 1030 1051 1078 οὐκ
1090 1032 1137 1081 ἐς
1165 1031 1253 1080 τὸν
1290 1031 1443 1081 αὐτὸν
1465 1027 1662 1103 τόπον,

232 1098 351 1145 ἀλλ᾽
403 1101 479 1148 ἀεὶ
533 1102 645 1148 κατ᾽
696 1101 875 1166 ὀλίγον
924 1107 1300 1166 προστιθέντας
1347 1108 1515 1156 ὀπίσω
1561 1110 1645 1156 καὶ

232 1175 646 1241 ὑποχωροῦντας.
744 1177 874 1227 οὕτω
935 1181 1025 1240 μὲν
1074 1182 1190 1234 τοὺς
1241 1182 1433 1236 ἱππέας
1479 1184 1526 1236 ἐς
1590 1184 1646 1233 τὸ

231 1250 406 1300 πεδίον
455 1250 792 1315 περιέσωσεν·
840 1255 1240 1318 ἀναζευγνύοντι
1285 1257 1324 1308 δ᾽
1379 1260 1516 1326 αὐτῷ
1561 1262 1651 1311 καὶ

233 1322 592 1390 ἀναχωροῦντι
616 1330 846 1389 ποταμὸς
873 1330 934 1391 ἦν
962 1332 1013 1379 ἐν
1035 1333 1179 1394 μέσῳ
1206 1333 1466 1398 δύσπορός
1480 1356 1534 1382 τε
1561 1335 1646 1381 καὶ

228 1399 463 1461 ἰλυώδης,
492 1403 579 1452 καὶ
604 1403 730 1469 παρ᾽
754 1405 911 1453 αὐτὸν
938 1406 1201 1474 ἐνήδρευον
1228 1407 1275 1459 οἱ
1290 1409 1552 1472 πολέμιοι.
1623 1407 1650 1461 ὁ

231 1472 286 1527 δὲ
316 1474 492 1537 μαθὼν
531 1475 761 1541 ἐξέκλινε
794 1484 888 1537 τῆς
917 1479 1048 1538 ὁδοῦ,
1077 1482 1167 1536 καὶ
1196 1485 1519 1552 μακροτέραν
1556 1486 1650 1551 ἦγε

230 1552 319 1602 καὶ
344 1550 747 1618 δυσενέδρευτον,
775 1552 958 1611 νυκτός
984 1579 1041 1608 τε
1076 1555 1267 1611 ὁδεύων
1288 1559 1373 1611 διὰ
1397 1559 1458 1611 τὸ
1493 1556 1650 1628 δίψος

227 1625 320 1676 καὶ
390 1626 594 1691 φρέατα
649 1628 907 1692 ὀρύσσων,
967 1630 1033 1680 ὧν
1094 1633 1158 1681 τὰ
1225 1634 1430 1686 πλέονα
1485 1637 1643 1701 πικρὰ

226 1686 530 1770 ηὑρίσκετο.
632 1697 748 1752 τοὺς
803 1699 894 1761 μὲν
957 1701 1048 1752 οὖν
1104 1701 1289 1766 ἄνδρας
1349 1704 1648 1768 ἐπιμόχθως

229 1764 562 1829 περιέσωσεν,
615 1765 774 1816 ἵπποι
808 1765 869 1820 δέ
901 1789 1030 1826 τινες
1068 1771 1226 1830 αὐτοῦ
1261 1772 1359 1826 καὶ
1394 1771 1650 1838 ὑποζύγια

232 1831 330 1886 ὑπὸ
361 1837 452 1892 τῆς
475 1831 633 1900 δίψης
663 1834 961 1889 ἀπώλοντο.

298 1906 378 1952 89.
417 1903 524 1954 Kαὶ
552 1902 845 1959 Καυκαίους
874 1903 922 1955 δὲ
951 1907 1264 1971 παροδεύων,
1293 1909 1343 1964 ἐς
1379 1909 1463 1963 οὓς
1488 1931 1642 1970 παρε-

230 1968 501 2034 σπόνδησε
527 1970 850 2030 Λεύκολλος,
875 1974 1091 2041 ἐκήρυξε
1126 1977 1421 2032 Καυκαίους
1457 1979 1542 2026 ἐπὶ
1579 1979 1641 2027 τὰ

229 2037 427 2091 ἑαυτῶν
449 2039 726 2090 ἀκινδύνως
752 2043 1114 2106 κατέρχεσθαι.
1189 2046 1274 2092 καὶ
1303 2048 1568 2111 παρῆλθεν
1595 2048 1640 2103 ἐς

229 2105 321 2167 τὴν
342 2107 676 2169 Νομαντίνην
693 2109 990 2172 χειμάσων,
1015 2112 1138 2166 ἔνθα
1176 2113 1312 2180 αὐτῷ
1338 2116 1425 2167 καὶ
1453 2114 1643 2181 Ἰογόρ-

230 2174 321 2230 θας
359 2175 418 2223 ἐκ
454 2175 653 2236 Λιβύης
683 2176 913 2238 ἀφίκετο,
944 2177 965 2225 ὁ
996 2181 1410 2229 Μασσανάσσου
1448 2183 1638 2242 υἱωνός,

228 2242 364 2303 ἄγων
391 2244 676 2308 ἐλέφαντας
704 2245 1003 2295 δυοκαίδεκα
1030 2250 1125 2298 καὶ
1138 2249 1253 2300 τοὺς
1280 2254 1639 2313 συντασσομέ-

227 2332 340 2358 νους
378 2313 551 2361 αὐτοῖς
589 2315 801 2375 τοξότας
841 2335 895 2362 τε
922 2317 1007 2362 καὶ
1047 2319 1417 2377 σφενδονήτας.
1483 2321 1559 2367 ἀεὶ
1587 2321 1644 2371 δέ

226 2398 276 2426 τι
301 2380 446 2442 δῃῶν,
476 2383 563 2427 καὶ
603 2383 665 2429 τὰ
705 2378 1034 2446 περικείμενα
1074 2386 1296 2449 πορθῶν,
1326 2387 1483 2437 ἔλαθε
1519 2391 1633 2456 περὶ

227 2470 313 2525 278
