1747 2693
345 169 641 213 APPIAN'S
692 173 927 214 ROMAN
977 177 1282 232 HISTORY,
1331 181 1509 223 BOOK
1558 183 1620 224 VI

274 290 449 351 κώμην
499 294 816 352 ἐνεδρευθείς,
868 297 930 354 ἣν
981 298 1035 347 ἐκ
1097 303 1188 347 τοῦ
1247 299 1466 355 πλέονος
1527 303 1691 366 τέλμα

273 373 447 428 πηλοῦ
484 377 762 435 περιεῖχεν,
799 374 883 422 ἐπὶ
923 376 972 424 δὲ
1012 377 1204 440 θάτερα
1244 380 1456 440 φάραγξ
1491 382 1565 441 ἦν,
1606 386 1686 431 καὶ

271 446 472 511 ἀφανὴς
521 449 572 496 ἐν
620 451 783 513 ἐκείνῃ
828 454 988 514 λόχος
1030 455 1401 523 ὑπεκρύπτετο.
1478 465 1567 520 τῆς
1605 462 1689 507 οὖν

269 529 519 589 στρατιᾶς
571 531 640 591 τῷ
693 526 946 580 Σκιπίωνι
998 533 1312 594 διῃρημένης,
1367 535 1411 582 οἱ
1460 537 1550 596 μὲν
1601 538 1690 599 τὴν

271 602 445 662 κώμην
467 605 719 672 ἐπόρθουν
748 609 1064 665 ἐσελθόντες,
1097 611 1160 659 τὰ
1191 618 1381 670 σημεῖα
1411 615 1505 675 ἔξω
1535 638 1688 665 κατα-

270 683 534 744 λιπόντες,
558 681 610 730 οἱ
639 684 690 732 δὲ
728 688 1073 749 περιίππευον
1113 690 1168 738 οὐ
1207 694 1418 741 πολλοί.
1493 694 1687 745 τούτοις

271 761 356 806 οὖν
384 761 737 821 ἐμπίπτουσιν
764 764 812 813 οἱ
834 769 1115 833 λοχῶντες.
1191 770 1277 818 καὶ
1318 770 1364 817 οἱ
1388 772 1479 833 μὲν
1507 773 1689 824 αὐτοὺς

269 839 623 906 ἀπεμάχοντο,
665 841 687 888 ὁ
729 843 778 890 δὲ
817 840 1051 894 Σκιπίων
1090 846 1267 912 (ἔτυχε
1304 847 1404 915 γὰρ
1454 850 1554 913 πρὸ
1600 856 1687 912 τῆς

269 918 438 976 κώμης
489 922 632 979 παρὰ
693 922 756 968 τὰ
820 928 1011 984 σημεῖα
1074 925 1257 989 ἑστώς)
1322 928 1562 976 ἀνεκάλει
1626 934 1684 992 τῇ

267 997 529 1058 σάλπιγγι
581 998 697 1049 τοὺς
747 1001 901 1057 ἔνδον,
954 1003 1040 1050 καὶ
1092 1006 1215 1062 πρὶν
1257 1007 1394 1068 αὐτῷ
1445 1008 1681 1068 γενέσθαι

265 1073 482 1137 χιλίους,
521 1079 625 1128 τοῖς
663 1080 917 1128 ἱππεῦσιν
955 1082 1351 1144 ἐνοχλουμένοις
1390 1086 1682 1145 ἐπεβοήθει.

265 1155 355 1197 τοῦ
383 1152 431 1199 δὲ
461 1159 688 1215 στρατοῦ
717 1161 806 1203 τοῦ
836 1161 1052 1211 πλέονος
1082 1162 1137 1206 ἐκ
1175 1165 1264 1218 τῆς
1298 1164 1469 1223 κώμης
1507 1166 1692 1226 ἐκδρα-

261 1229 457 1288 μόντος,
506 1232 764 1297 ἐτρέψατο
802 1236 896 1296 μὲν
935 1237 982 1287 ἐς
1022 1239 1191 1299 φυγὴν
1233 1233 1349 1289 τοὺς
1386 1243 1681 1298 πολεμίους,

262 1308 320 1354 οὐ
367 1308 467 1368 μὴν
518 1309 693 1358 ἐδίωκε
734 1314 1037 1375 φεύγοντας,
1079 1317 1200 1363 ἀλλ᾽
1255 1319 1302 1370 ἐς
1348 1319 1434 1367 τὸν
1471 1320 1682 1384 χάρακα

262 1387 510 1451 ἀνεχώρει
539 1387 808 1439 πεσόντων
836 1392 1149 1456 ἑκατέρωθεν
1177 1395 1384 1458 ὀλίγων.

928 1579 1015 1618 XV

328 1733 420 1779 90.
447 1730 579 1778 Mετ᾽
608 1731 663 1777 οὐ
697 1731 836 1785 πολὺ
865 1731 913 1778 δὲ
956 1733 1233 1798 ἀγχοτάτω
1263 1740 1353 1797 τῆς
1379 1738 1674 1800 Νομαντίας

253 1809 344 1866 δύο
396 1813 728 1876 στρατόπεδα
780 1815 998 1874 θέμενος,
1039 1818 1109 1884 τῷ
1149 1818 1241 1877 μὲν
1284 1819 1546 1879 ἐπέστησε
1589 1820 1674 1869 τὸν

250 1888 482 1954 ἀδελφὸν
509 1894 769 1954 Μάξιμον,
799 1899 889 1943 τοῦ
924 1897 975 1943 δὲ
1015 1898 1167 1950 αὐτὸς
1207 1899 1396 1960 ἡγεῖτο.
1470 1902 1673 1961 Νομαν-

254 1973 405 2019 τίνων
433 1973 484 2020 δὲ
513 1974 702 2035 θαμινὰ
730 1975 1096 2026 ἐκτασσόντων
1125 1978 1208 2026 καὶ
1237 1982 1671 2044 προκαλουμένων

254 2054 409 2101 αὐτὸν
436 2048 484 2104 ἐς
509 2057 687 2118 μάχην
718 2058 994 2122 ὑπερεώρα,
1025 2060 1081 2108 οὐ
1109 2059 1396 2123 δοκιμάζων
1424 2065 1678 2128 ἀνδράσιν

251 2138 319 2198 ἐξ
333 2138 677 2199 ἀπογνώσεως
702 2141 1013 2201 μαχομένοις
1040 2143 1438 2202 συμπλέκεσθαι
1464 2149 1668 2206 μᾶλλον

250 2219 280 2278 ἢ
348 2221 667 2279 συγκλείσας
737 2222 923 2275 αὐτοὺς
989 2219 1124 2272 ἑλεῖν
1201 2230 1350 2290 λιμῷ.
1449 2228 1665 2294 φρούρια

249 2299 287 2346 δ᾽
356 2302 487 2349 ἑπτὰ
551 2302 792 2362 περιθείς,
862 2309 1333 2370 πολιορκίαν...
1362 2304 1664 2374 ἐπιγράψας

247 2382 483 2433 ἑκάστοις
515 2384 596 2435 οὓς
624 2385 718 2432 ἔδει
760 2381 998 2449 πέμπειν.
1074 2388 1137 2437 ὡς
1176 2388 1225 2435 δὲ
1251 2388 1426 2448 ἦλθον,
1455 2391 1502 2443 ἐς
1538 2391 1660 2453 μέρη

247 2486 337 2526 280

155 302 255 341 CAP.

161 341 237 370 XIV

134 1736 234 1774 CAP.

140 1776 201 1805 XV
