1747 2693
135 298 234 331 CAP

155 338 213 366 XV

327 161 620 200 APPIAN'S
672 161 905 202 ROMAN
959 162 1262 214 HISTORY,
1315 163 1489 204 BOOK
1540 164 1615 211 VI

257 282 434 337 πολλὰ
474 282 667 331 διεῖλεν
706 284 906 339 αὐτούς,
948 285 1033 333 καὶ
1071 285 1162 340 τὴν
1201 286 1384 334 ἑαυτοῦ
1423 286 1672 348 στρατιὰν

257 352 554 399 ἐπιδιεῖλεν·
641 351 729 399 εἶθ᾽
792 352 1042 414 ἡγεμόνας
1105 355 1397 414 ἐπιστήσας
1470 354 1670 424 ἑκάστῳ

255 419 398 482 μέρει
443 420 738 482 προσέταξε
787 421 1183 484 περιταφρεύειν
1246 425 1330 469 καὶ
1392 444 1672 486 περιχαρα-

258 491 378 534 κοῦν
418 488 511 547 τὴν
550 488 720 536 πόλιν.
794 489 855 549 ἦν
895 489 946 536 δὲ
977 491 1011 548 ἡ
1053 483 1285 549 περίοδος
1323 491 1351 548 ἡ
1391 492 1480 549 μὲν
1519 492 1674 549 αὐτῆς

258 556 556 617 Νομαντίας
606 558 858 619 τέσσαρες
909 559 994 605 καὶ
1045 559 1209 605 εἴκοσι
1272 560 1492 613 στάδιοι,
1543 559 1573 617 ἡ
1623 560 1669 606 δὲ

256 628 346 671 τοῦ
373 624 753 687 χαρακώματος
781 624 907 689 ὑπὲρ
945 624 1006 682 τὸ
1029 625 1325 675 διπλάσιον.
1400 628 1485 675 καὶ
1524 630 1671 674 τοῦτο

257 692 464 757 διῄρητο
503 696 609 741 πᾶν
646 694 692 740 οἱ
732 694 865 742 κατὰ
901 694 1050 757 μέρος
1088 694 1321 743 ἕκαστον.
1395 695 1481 743 καὶ
1506 694 1672 757 προεί-

255 781 396 822 ρητο,
431 763 475 809 εἴ
511 780 564 809 τι
600 763 865 827 ἐνοχλοῖεν
905 764 950 810 οἱ
990 764 1247 826 πολέμιοι,
1290 768 1505 826 σημεῖον
1542 765 1672 826 ἐξαί-

255 850 375 888 ρειν,
418 829 607 892 ἡμέρας
643 831 736 892 μὲν
774 830 1036 893 φοινικίδα
1074 831 1157 879 ἐπὶ
1197 830 1406 895 δόρατος
1444 830 1670 895 ἱψηλοῦ,

257 897 437 947 νυκτὸς
499 898 548 945 δὲ
611 902 731 961 πῦρ,
797 899 879 947 ἵνα
926 904 1033 951 τοῖς
1086 900 1338 962 δεομένοις
1387 901 1673 952 ἐπιθέοντες

257 966 410 1016 αὐτός
459 987 512 1015 τε
563 967 649 1015 καὶ
700 966 944 1030 Μάξιμος
985 967 1239 1030 ἀμύνοιεν.
1316 969 1380 1020 ὡς
1430 968 1468 1016 δ᾽
1521 968 1667 1031 ἐξείρ-

255 1056 425 1096 γαστο
473 1036 648 1084 πάντα
698 1037 854 1098 αὐτῷ,
907 1037 993 1084 καὶ
1038 1037 1155 1089 τοὺς
1201 1037 1495 1087 κωλύοντας
1537 1037 1672 1102 εἶχεν

257 1102 440 1152 ἱκανῶς
497 1103 891 1169 ἀπομάχεσθαι,
943 1104 1118 1168 ἑτέραν
1179 1104 1378 1168 τάφρον
1440 1104 1671 1168 ὤρυσσεν

255 1172 314 1218 οὐ
371 1172 574 1233 μακρὰν
636 1172 762 1234 ὑπὲρ
822 1172 1032 1234 ἐκείνην,
1094 1173 1180 1221 καὶ
1242 1176 1495 1236 σταυροὺς
1544 1176 1671 1236 αὐτῇ

255 1240 590 1302 περιεπήγνυ,
654 1240 739 1289 καὶ
800 1246 974 1307 τεῖχος
1036 1240 1297 1305 ᾠκοδόμει,
1350 1242 1406 1289 οὗ
1468 1241 1524 1290 τὸ
1583 1243 1672 1304 μὲν

255 1307 427 1374 πάχος
475 1309 537 1368 ἦν
576 1307 727 1361 πόδες
769 1309 915 1363 ὀκτώ,
962 1308 1018 1358 τὸ
1063 1309 1114 1358 δὲ
1164 1312 1299 1374 ὕψος
1351 1310 1471 1359 δέκα
1518 1310 1674 1376 χωρὶς

255 1379 355 1424 τῶν
405 1378 690 1440 ἐπάλξεων.
799 1378 988 1441 πύργοι
1039 1399 1093 1426 τε
1153 1379 1487 1444 πανταχόθεν
1537 1379 1670 1443 αὐτῷ

255 1444 337 1491 διὰ
386 1444 616 1508 πλέθρου
667 1446 1001 1508 περιέκειντο.
1091 1447 1176 1495 καὶ
1225 1447 1410 1506 λίμνην
1474 1447 1676 1495 συνάπ-

253 1533 450 1560 τουσαν
524 1514 614 1561 οὐκ
686 1514 798 1562 ἐνὸν
871 1517 1241 1577 περιτειχίσαι,
1316 1519 1471 1580 χῶμα
1544 1519 1668 1578 αὐτῇ

253 1583 557 1644 περιέθηκεν
597 1583 712 1631 ἴσον
750 1586 820 1646 τῷ
860 1583 1022 1664 τείχει
1062 1584 1148 1632 καὶ
1187 1584 1243 1631 τὸ
1283 1584 1451 1637 βάθος
1490 1584 1576 1632 καὶ
1613 1584 1670 1631 τὸ

254 1650 406 1714 ὕψος,
447 1651 512 1703 ὡς
549 1650 610 1699 ἂν
649 1651 723 1712 εἴη
764 1651 850 1699 καὶ
888 1651 1001 1700 τόδε
1040 1652 1154 1700 ἀντὶ
1192 1651 1409 1718 τείχους.

325 1725 408 1770 91.
442 1720 593 1780 Oὕτω
632 1719 722 1779 μὲν
762 1718 785 1768 ὁ
826 1716 1057 1769 Σκιπίων
1095 1720 1178 1769 ὅδε
1207 1723 1423 1782 πρῶτος,
1458 1721 1522 1772 ὡς
1563 1721 1670 1783 ἐμοὶ

253 1786 403 1837 δοκεῖ,
444 1786 794 1853 περιετείχισε
833 1787 988 1837 πόλιν
1027 1789 1085 1836 οὐ
1113 1792 1543 1870 φυγομαχοῦσαν·
1585 1787 1668 1836 τόν

252 1876 307 1902 τε
356 1855 540 1917 Δόριον
590 1855 841 1918 ποταμόν,
895 1861 1282 1920 συμφερόμενον
1331 1862 1400 1921 τῷ
1452 1878 1668 1922 περιτει-

252 1921 479 1988 χίσματι
524 1924 611 1973 καὶ
652 1924 832 1972 πολλὰ
875 1929 981 1978 τοῖς
1026 1924 1365 1988 Νομαντίνοις
1408 1926 1667 1989 χρήσιμον

252 1992 301 2042 ἔς
326 2012 381 2039 τε
408 1993 599 2055 ἀγορᾶς
626 1993 838 2055 κομιδὴν
866 1994 951 2042 καὶ
990 1994 1292 2055 διαπομπὴν
1318 1994 1526 2055 ἀνδρῶν,
1555 1994 1666 2041 ὅσοι

252 2061 364 2107 κατ᾽
409 2061 565 2108 αὐτὸν
605 2061 939 2124 κολυμβηταί
978 2083 1031 2110 τε
1076 2064 1163 2111 καὶ
1201 2065 1433 2124 σκάφεσι
1472 2067 1669 2124 μικροῖς

250 2129 552 2185 ἐλάνθανον,
579 2130 606 2187 ἢ
648 2129 846 2186 ἱστίοις,
875 2130 959 2178 ὅτε
996 2130 1199 2192 λάβρον
1240 2134 1314 2190 εἴη
1353 2130 1410 2180 τὸ
1449 2135 1665 2189 πνεῦμα,

249 2197 539 2255 ἐβιάζοντο,
566 2198 597 2258 ἢ
641 2198 837 2250 κώπαις
878 2199 1010 2247 κατὰ
1052 2198 1108 2247 τὸ
1153 2200 1330 2262 ῥεῦμα,
1373 2201 1540 2262 ζεῦξαι
1577 2199 1665 2259 μὲν

251 2265 343 2313 οὐκ
403 2265 613 2312 ἐδύνατο
686 2265 893 2320 πλατὺν
956 2267 1078 2314 ὄντα
1139 2267 1226 2315 καὶ
1288 2267 1424 2314 πάνυ
1485 2267 1679 2327 ῥοώδη,

251 2333 471 2396 φρούρια
543 2334 595 2382 δὲ
656 2334 771 2382 ἀντὶ
818 2334 1044 2397 γεφύρας
1094 2335 1232 2398 αὐτῷ
1295 2335 1381 2383 δύο
1444 2336 1663 2398 περιθεὶς

250 2402 523 2463 ἀπήρτησε
560 2403 833 2467 καλῳδίοις
872 2403 1047 2455 δοκοὺς
1094 2403 1295 2468 μακρὰς
1334 2404 1389 2466 ἐξ
1426 2403 1662 2468 ἑκατέρου

253 2493 339 2533 282
