1747 2693
108 246 211 279 CAP.

126 286 184 314 XV

300 112 592 153 APPIAN'S
643 113 878 154 ROMAN
930 113 1236 167 HISTORY,
1281 115 1459 155 BOOK
1508 115 1570 154 VI

232 232 489 295 φρουρίου,
520 235 605 281 καὶ
635 236 682 286 ἐς
708 235 763 281 τὸ
791 236 993 285 πλάτος
1032 241 1121 284 τοῦ
1149 240 1385 297 ποταμοῦ
1410 237 1639 296 μεθῆκεν,

229 312 452 376 ἐχούσας
492 312 832 375 ἐμπεπηγότα
871 313 1041 360 πυκνὰ
1070 313 1192 375 ξίφη
1220 336 1274 362 τε
1302 314 1387 362 καὶ
1415 313 1652 370 ἀκόντια.

228 389 283 436 αἱ
310 389 348 435 δ᾽
380 389 476 436 ὑπὸ
507 394 596 434 τοῦ
633 391 739 451 ῥοῦ,
769 394 875 443 τοῖς
913 390 1088 451 ξίφεσι
1128 392 1213 439 καὶ
1248 396 1351 444 τοῖς
1390 390 1650 445 ἀκοντίοις

229 466 589 530 ἐμπίπτοντος,
619 469 695 517 ἀεὶ
735 470 1211 532 περιστρεφόμεναι
1249 470 1364 518 οὔτε
1407 470 1641 535 διανηχο-

227 546 406 605 μένους
456 546 559 595 οὔτ᾽
598 547 943 599 ἐπιπλέοντας
995 548 1109 596 οὔτε
1149 549 1494 600 ὑποδύνοντας
1532 550 1643 597 εἴων

228 624 432 678 λαθεῖν.
545 629 694 672 τοῦτο
747 625 786 672 δ᾽
836 625 898 683 ἦν
947 626 1004 674 οὗ
1052 626 1291 686 μάλιστα
1341 624 1363 672 ὁ
1416 623 1644 683 Σκιπίων

229 702 485 762 ἐπεθύμει,
557 703 769 763 μηδενὸς
832 704 1008 757 αὐτοῖς
1079 703 1472 764 ἐπιμιγνυμένου
1532 705 1641 763 μηδ᾽

228 780 454 830 ἐσιόντος
494 781 697 843 ἀγνοεῖν
735 782 920 835 αὐτοὺς
957 782 984 829 ὅ
1021 803 1070 830 τι
1107 782 1335 849 γίγνοιτο
1364 783 1474 844 ἔξω·
1512 783 1643 839 οὕτω

226 858 324 921 γὰρ
365 860 648 921 ἀπορήσειν
688 860 878 923 ἀγορᾶς
915 881 971 909 τε
1008 860 1095 909 καὶ
1131 865 1368 925 μηχανῆς
1405 859 1596 921 πάσης.

298 942 373 984 92.
411 936 502 987 Ὡς
545 936 583 985 δ᾽
623 936 912 997 ἡτοίμαστο
954 938 1143 994 πάντα,
1187 939 1276 987 καὶ
1317 939 1645 987 καταπέλται

227 1016 317 1076 μὲν
380 1016 639 1064 ἐπέκειντο
701 1012 807 1068 τοῖς
867 1017 1083 1077 πύργοις
1139 1017 1408 1077 ὀξυβελεῖς
1458 1038 1512 1066 τε
1562 1018 1646 1066 καὶ

226 1094 520 1154 λιθοβόλοι,
572 1099 685 1147 ταῖς
746 1094 783 1142 δ᾽
836 1095 1093 1157 ἐπάλξεσι
1144 1095 1448 1157 παρέκειντο
1507 1095 1647 1142 λίθοι

228 1173 314 1220 καὶ
339 1173 475 1232 βέλη
515 1173 601 1221 καὶ
627 1172 857 1229 ἀκόντια,
886 1173 951 1222 τὰ
990 1173 1039 1221 δὲ
1067 1173 1286 1237 φρούρια
1314 1174 1522 1223 τοξόται
1560 1174 1644 1221 καὶ

229 1253 572 1316 σφενδονῆται
622 1255 883 1316 κατεῖχον,
938 1250 1190 1313 ἀγγέλους
1244 1251 1336 1313 μὲν
1387 1250 1652 1313 ἐπέστησε

227 1329 452 1378 πυκνοὺς
492 1329 624 1377 κατὰ
662 1329 720 1377 τὸ
760 1328 1100 1395 ἐπιτείχισμα
1137 1332 1258 1388 πᾶν,
1290 1329 1337 1377 οἳ
1374 1329 1554 1382 νυκτός
1592 1352 1649 1385 τε

229 1408 314 1454 καὶ
344 1408 528 1469 ἡμέρας
567 1408 785 1469 ἔμελλον
825 1407 980 1455 ἄλλοι
1019 1406 1143 1470 παρ᾽
1171 1407 1348 1456 ἄλλων
1374 1407 1462 1455 τὸν
1486 1406 1643 1470 λόγον

228 1485 550 1549 ἐκδεχόμενοι
591 1487 840 1547 μηνύσειν
881 1487 1021 1549 αὐτῷ
1073 1485 1137 1534 τὰ
1186 1485 1477 1547 γιγνόμενα,
1512 1486 1643 1534 κατὰ

228 1565 280 1611 δὲ
325 1565 521 1628 πύργον
563 1565 849 1619 ἐκέλευσεν,
879 1566 923 1613 εἴ
962 1586 1010 1613 τι
1050 1564 1297 1622 γίγνοιτο,
1339 1569 1551 1626 σημεῖον
1589 1566 1643 1613 ἐκ

226 1643 435 1706 πρώτου
484 1647 576 1691 τοῦ
624 1647 902 1695 πονοῦντος
951 1643 1208 1706 αἴρεσθαι,
1262 1643 1349 1691 καὶ
1399 1643 1456 1691 τὸ
1516 1643 1641 1691 αὐτὸ

225 1720 427 1772 πάντας
469 1720 696 1785 ἐπαίρειν
736 1721 860 1771 ὅταν
888 1720 975 1769 τὸν
1016 1720 1302 1784 ἀρξάμενον
1338 1720 1641 1776 θεάσωνται,

228 1799 308 1847 ἵνα
357 1799 415 1848 τὸ
464 1800 555 1854 μὲν
603 1799 793 1862 κίνημα
842 1799 986 1862 παρὰ
1037 1804 1125 1849 τοῦ
1177 1798 1391 1861 σημείου
1443 1801 1642 1846 θᾶσσον

226 1881 614 1941 ἐπιγιγνώσκοι,
645 1880 702 1927 τὸ
741 1880 793 1928 δὲ
830 1880 1043 1941 ἀκριβὲς
1082 1879 1224 1941 παρὰ
1264 1882 1364 1928 τῶν
1391 1878 1639 1941 ἀγγέλων.

225 1963 313 2020 τῆς
364 1958 413 2005 δὲ
466 1961 717 2020 στρατιᾶς
766 1958 922 2019 οὔσης
973 1958 1070 2005 σὺν
1113 1961 1218 2007 τοῖς
1258 1957 1556 2022 ἐπιχωρίοις
1596 1957 1643 2008 ἐς

225 2036 637 2098 ἑξακισμυρίους,
688 2036 746 2084 τὸ
795 2037 887 2098 μὲν
938 2037 1095 2099 ἥμισυ
1159 2038 1451 2084 διετέτακτο
1504 2039 1640 2105 αὐτῷ

224 2119 643 2181 τειχοφυλακεῖν,
687 2115 771 2164 καὶ
817 2116 864 2167 ἐς
909 2115 972 2162 τὰ
1015 2115 1290 2175 ἀναγκαῖα,
1335 2115 1380 2163 εἴ
1417 2136 1490 2173 πῃ
1536 2114 1640 2173 δεή-

227 2215 343 2245 σειε,
407 2197 743 2258 μεταχωρεῖν,
808 2194 1063 2257 δισμύριοι
1126 2194 1175 2241 δὲ
1237 2193 1641 2259 τειχομαχήσειν

228 2268 461 2330 ἔμελλον,
489 2269 573 2316 ὅτε
598 2267 750 2334 χρεία
776 2268 990 2330 γένοιτο,
1022 2268 1107 2317 καὶ
1135 2267 1333 2319 τούτοις
1360 2267 1641 2330 ἐφεδρεύειν

227 2344 386 2405 ἕτεροι
427 2342 626 2407 μύριοι.
700 2342 891 2409 χωρίον
941 2343 993 2392 δὲ
1045 2343 1130 2392 καὶ
1168 2342 1362 2391 τούτων
1403 2342 1639 2392 ἑκάστοις

230 2434 318 2487 284
