1747 2693
135 326 239 356 CAP.

157 365 216 393 XV

323 185 616 225 APPIAN'S
668 185 901 225 ROMAN
953 184 1257 234 HISTORY,
1308 184 1483 226 BOOK
1534 184 1594 226 VI

257 308 566 356 διετέτακτο·
642 308 728 356 καὶ
776 309 1095 368 μεταπηδᾶν,
1152 309 1194 355 εἰ
1251 309 1319 368 μὴ
1360 309 1664 366 κελεύσειεν,

257 378 349 424 οὐκ
386 378 519 437 ἐξῆν.
577 377 625 427 ἐς
664 377 714 424 δὲ
756 376 812 424 τὸ
863 378 1171 436 τεταγμένον
1208 379 1356 428 εὐθὺς
1386 379 1665 435 ἀνεπήδων,

256 444 340 493 ὅτε
379 466 426 492 τι
467 448 681 506 σημεῖον
719 444 1090 510 ἐπιχειρήσεως
1128 444 1395 506 ἐπαρθείη.

327 515 478 560 Οὕτω
517 514 607 574 μὲν
646 516 715 574 τῷ
755 511 1007 561 Σκιπίωνι
1046 514 1218 561 πάντα
1261 514 1487 574 ἀκριβῶς
1517 514 1665 564 διετέ-

257 601 433 629 τακτο·
511 586 588 629 93.
630 582 675 629 οἱ
713 580 765 628 δὲ
803 582 1120 642 Νομαντῖνοι
1157 582 1418 633 πολλάκις
1446 586 1536 644 μὲν
1564 589 1667 634 τοῖς

254 649 629 714 φυλάσσουσιν
645 648 958 715 ἐπεχείρουν,
986 649 1179 698 ἄλλοτε
1205 651 1342 712 ἄλλῃ
1370 652 1504 700 κατὰ
1527 653 1681 713 μέρη,

255 721 442 783 ταχεῖα
480 716 520 765 δ᾽
558 716 745 765 αὐτίκα
784 719 870 764 καὶ
908 721 1314 779 καταπληκτικὴ
1352 721 1450 766 τῶν
1487 721 1668 780 ἀμυνο-

253 786 416 850 μένων
442 787 470 846 ἡ
500 786 625 850 ὄψις
653 786 727 846 ἦν,
755 784 976 849 σημείων
1005 806 1058 834 τε
1087 788 1309 850 ὑψηλῶν
1336 788 1668 855 πανταχόθεν

254 855 534 916 αἰρομένων
595 855 682 902 καὶ
749 855 987 916 ἀγγέλων
1054 856 1374 913 διαθεόντων,
1424 857 1510 904 καὶ
1570 860 1669 905 τῶν

253 923 587 989 τειχομάχων
628 921 822 984 ἀθρόως
872 922 1252 983 ἀναπηδώντων
1296 924 1343 974 ἐς
1393 923 1457 973 τὰ
1507 923 1667 991 τείχη,

255 994 568 1040 σαλπικτῶν
606 1011 661 1039 τε
697 991 832 1038 κατὰ
860 991 1032 1038 πάντα
1060 991 1258 1052 πύργον
1284 992 1673 1059 ἐξοτρυνόντων,

255 1061 390 1108 ὥστε
409 1060 493 1108 τὸν
521 1059 713 1108 κύκλον
738 1060 859 1107 ὅλον
884 1059 1031 1109 εὐθὺς
1058 1060 1260 1108 ἅπασιν
1287 1059 1412 1108 εἶναι
1439 1062 1668 1126 φοβερώ-

255 1150 427 1184 τατον,
493 1130 539 1181 ἐς
607 1130 928 1188 πεντήκοντα
1002 1127 1242 1181 σταδίους
1303 1127 1560 1195 ἐπέχοντα
1621 1131 1668 1177 ἐν

254 1196 488 1259 περιόδῳ.
601 1196 687 1244 καὶ
748 1196 889 1244 τόνδε
949 1196 1035 1244 τὸν
1106 1196 1299 1246 κύκλον
1359 1197 1382 1245 ὁ
1444 1197 1669 1248 Σκιπίων

254 1266 476 1325 ἑκάστης
500 1266 689 1328 ἡμέρας
719 1285 772 1312 τε
797 1265 884 1313 καὶ
911 1264 1089 1314 νυκτὸς
1116 1265 1416 1314 ἐπισκοπῶν
1443 1266 1660 1330 περιῄει.

321 1333 382 1380 Ὁ
412 1335 502 1397 μὲν
524 1333 581 1395 δὴ
611 1333 726 1385 τοὺς
748 1332 1024 1396 πολεμίους
1045 1332 1139 1381 ὧδε
1159 1333 1479 1396 συγκλείσας
1506 1335 1597 1383 οὐκ
1625 1335 1670 1385 ἐς

256 1401 395 1451 πολὺ
444 1401 678 1466 ἀρκέσειν
729 1401 965 1462 ἐνόμιζεν,
1017 1402 1133 1451 οὔτε
1183 1406 1374 1465 τροφῆς
1424 1403 1507 1451 ἔτι
1546 1424 1670 1468 προ-

254 1472 472 1530 σιούσης
512 1469 696 1530 σφίσιν
734 1471 851 1519 οὔτε
889 1463 1067 1517 ὅπλων
1106 1467 1209 1518 οὔτ᾽
1238 1473 1551 1527 ἐπικουρίας·
1592 1477 1681 1520 94.

252 1539 555 1600 Ῥητογένης
585 1539 649 1596 δέ,
676 1538 801 1601 ἀνὴρ
829 1540 1163 1600 Νομαντῖνος,
1184 1539 1221 1603 ᾧ
1251 1540 1537 1603 Καραύνιος
1565 1540 1669 1588 ἐπί-

249 1615 443 1667 κλησις
465 1608 545 1667 ἦν,
584 1606 795 1666 ἄριστος
833 1607 881 1660 ἐς
919 1607 1104 1665 ἀρετὴν
1143 1608 1492 1664 Νομαντίνων,
1522 1608 1671 1657 πέντε

255 1675 441 1726 πείσας
481 1675 680 1739 φίλους,
720 1675 816 1723 σὺν
857 1677 1043 1724 παισὶν
1082 1675 1266 1726 ἄλλοις
1305 1676 1549 1724 τοσοῖσδε
1585 1678 1670 1724 καὶ

257 1744 435 1792 ἵπποις
463 1744 706 1792 τοσοῖσδε
754 1744 805 1792 ἐν
833 1743 977 1791 νυκτὶ
1017 1747 1256 1808 συννεφεῖ
1281 1743 1460 1806 διῆλθε
1496 1746 1669 1794 λαθὼν

254 1812 311 1860 τὸ
337 1812 660 1895 μεταίχμιον,
686 1811 917 1876 κλίμακα
943 1812 1112 1876 φέρων
1139 1813 1389 1876 πτυκτήν,
1419 1813 1506 1862 καὶ
1541 1814 1671 1879 φθά-

255 1903 353 1932 σας
380 1877 428 1931 ἐς
456 1903 511 1930 τὸ
547 1880 918 1944 περιτείχισμα
957 1880 1277 1942 ἀνεπήδησεν
1315 1882 1468 1935 αὐτός
1507 1903 1561 1930 τε
1587 1884 1670 1930 καὶ

255 1949 303 1997 οἱ
328 1949 489 2014 φίλοι,
518 1949 607 1999 καὶ
634 1949 751 2002 τοὺς
792 1948 1105 2013 ἑκατέρωθεν
1130 1949 1378 2014 φύλακας
1405 1949 1669 2002 ἀνελόντες

256 2018 373 2069 τοὺς
398 2023 489 2080 μὲν
528 2018 846 2080 θεράποντας
891 2017 1216 2083 ἀπέπεμψαν
1253 2019 1439 2075 ὀπίσω,
1479 2021 1594 2071 τοὺς
1634 2021 1672 2066 δ᾽

258 2085 449 2134 ἵππους
477 2086 559 2134 διὰ
586 2091 674 2148 τῆς
703 2085 953 2146 κλίμακος
980 2085 1325 2148 ἀναγαγόντες
1352 2085 1672 2148 ἐξίππευσαν

256 2156 303 2204 ἐς
344 2154 433 2206 τὰς
472 2155 768 2217 Ἀρουακῶν
806 2154 982 2207 πόλεις
1011 2154 1106 2203 σὺν
1132 2154 1424 2216 ἱκετηρίαις,
1451 2154 1672 2216 δεόμενοι

256 2222 595 2285 Νομαντίνοις
623 2224 930 2285 συγγενέσιν
957 2224 1102 2272 οὖσιν
1129 2224 1434 2285 ἐπικουρεῖν.
1506 2227 1606 2272 τῶν
1632 2224 1672 2273 δ᾽

257 2291 553 2355 Ἀρουακῶν
581 2289 633 2338 οἱ
651 2292 741 2353 μὲν
769 2292 869 2339 οὐδ᾽
899 2292 1157 2351 ὑπήκουον
1185 2292 1366 2348 αὐτῶν,
1386 2292 1507 2339 ἀλλ᾽
1528 2292 1672 2345 εὐθὺς

256 2359 568 2417 ἀπέπεμπον
589 2359 823 2411 δεδιότες.
846 2361 1043 2408 Λουτία
1073 2360 1123 2408 δὲ
1144 2359 1298 2411 πόλις
1324 2360 1385 2418 ἦν
1409 2359 1673 2419 εὐδαίμων,

258 2427 584 2490 τριακοσίους
614 2427 857 2481 σταδίους
884 2429 1172 2491 ἀφεστῶσα
1200 2428 1303 2477 ἀπὸ
1321 2427 1673 2488 Νομαντίνων,

260 2517 347 2559 286
