1747 2693
122 318 225 348 CAP.

140 358 194 384 XV

311 181 605 222 APPIAN'S
655 181 889 222 ROMAN
940 182 1245 234 HISTORY,
1293 183 1471 225 BOOK
1519 184 1581 226 VI

240 308 297 366 ἧς
337 305 384 353 οἱ
420 305 508 365 μὲν
547 305 642 354 νέοι
690 306 808 365 περὶ
849 305 965 357 τοὺς
1006 308 1360 365 Νομαντινους
1397 308 1650 355 ἐσπουδά-

241 402 398 427 κεσαν
449 380 532 427 καὶ
583 380 673 441 τὴν
724 380 880 427 πόλιν
930 381 976 432 ἐς
1029 382 1334 444 συμμαχίαν
1375 382 1565 441 ἐνῆγον,
1608 384 1650 428 οἱ

240 455 588 517 πρεσβύτεροι
634 454 673 501 δ᾽
724 455 984 516 ἐμήνυσαν
1032 456 1206 518 κρύφα
1258 459 1327 519 τῷ
1388 455 1651 505 Σκιπίωνι.

238 530 327 577 καὶ
366 528 388 576 ὁ
416 526 648 578 Σκιπίων
688 529 866 590 ὀγδόης
894 530 1025 592 ὥρας
1063 531 1348 591 πυθόμενος
1377 532 1653 593 ἐξήλαυνεν

239 604 429 653 αὐτίκα
477 604 570 653 σὺν
607 605 836 665 εὐζώνοις
877 606 955 652 ὅτι
998 607 1285 662 πλείστοις,
1314 608 1400 655 καὶ
1443 608 1551 665 ἅμα
1592 609 1652 672 ἕῳ

239 679 330 741 τὴν
403 678 631 727 Λουτίαν
703 681 903 743 φρουρᾷ
976 681 1280 743 περιλαβὼν
1351 682 1461 743 ᾔτει
1539 682 1653 734 τοὺς

239 755 490 818 ἐξάρχους
552 755 652 802 τῶν
711 755 849 802 νέων.
924 755 1034 802 ἐπεὶ
1085 754 1124 802 δ᾽
1174 754 1516 817 ἐξωρμηκέναι
1566 762 1653 819 τῆς

238 828 442 878 πόλεως
482 828 667 878 αὐτοὺς
707 829 904 890 ἔλεγον,
945 830 1158 890 ἐκήρυξε
1207 830 1515 891 διαρπάσειν
1565 831 1653 893 τὴν

238 901 410 960 πόλιν,
437 901 477 950 εἰ
515 901 584 964 μὴ
623 901 737 955 τοὺς
777 901 962 965 ἄνδρας
990 905 1320 965 παραλάβοι.
1394 906 1442 953 οἱ
1474 906 1565 966 μὲν
1597 906 1651 966 δὴ

241 977 502 1027 δείσαντες
529 981 798 1039 προσῆγον
823 977 1022 1034 αὐτούς,
1051 978 1098 1029 ἐς
1127 978 1490 1040 τετρακοσίους
1517 1001 1654 1042 γενο-

239 1045 433 1109 μένους·
474 1044 505 1093 ὁ
537 1045 590 1093 δὲ
627 1045 717 1097 τὰς
748 1049 925 1111 χεῖρας
955 1047 1124 1095 αὐτῶν
1152 1047 1374 1110 ἐκτεμὼν
1400 1047 1653 1110 ἀνέστησε

240 1115 332 1176 τὴν
366 1115 608 1176 φρουράν,
651 1115 736 1161 καὶ
786 1115 1076 1178 διαδραμὼν
1127 1116 1269 1168 αὖθις
1321 1116 1406 1179 ἅμ᾽
1456 1119 1520 1180 ἕῳ
1569 1122 1656 1179 τῆς

241 1182 487 1241 ἐπιούσης
514 1186 687 1242 παρῆν
714 1182 761 1233 ἐς
790 1182 845 1230 τὸ
876 1182 1249 1246 στρατόπεδον.

313 1254 390 1297 95.
429 1252 746 1310 Νομαντῖνοι
784 1250 835 1298 δὲ
874 1251 1148 1313 κάμνοντες
1189 1251 1288 1300 ὑπὸ
1327 1256 1480 1314 λιμοῦ
1506 1255 1655 1302 πέντε

242 1320 425 1383 ἄνδρας
476 1317 709 1381 ἔπεμπον
770 1313 818 1371 ἐς
867 1313 954 1368 τὸν
1005 1321 1287 1377 Σκιπίωνα,
1351 1321 1424 1373 οἷς
1487 1323 1653 1383 εἴρητο

238 1389 421 1451 μαθεῖν
470 1387 513 1434 εἰ
558 1388 917 1450 μετριοπαθῶς
978 1389 1132 1451 σφίσι
1183 1389 1440 1451 χρήσεται
1489 1412 1655 1452 παρα-

240 1455 417 1510 δοῦσιν
477 1455 679 1505 αὑτούς.
790 1456 991 1520 Αὔαρος
1054 1456 1095 1502 δ᾽
1155 1458 1326 1507 αὐτῶν
1385 1459 1655 1520 ἡγούμενος

240 1523 419 1571 πολλὰ
444 1523 536 1587 μὲν
562 1524 678 1584 περὶ
705 1528 793 1585 τῆς
820 1525 1166 1587 προαιρέσεως
1195 1526 1281 1574 καὶ
1309 1526 1537 1587 ἀνδρείας
1559 1530 1657 1576 τῶν

242 1591 577 1654 Νομαντίνων
619 1591 1015 1653 ἐσεμνολόγησε,
1058 1594 1146 1642 καὶ
1191 1594 1400 1643 ἐπεῖπεν
1441 1597 1505 1648 ὡς
1545 1597 1656 1644 οὐδὲ

241 1665 327 1709 νῦν
377 1660 668 1722 ἁμάρτοιεν,
721 1660 848 1724 ὑπὲρ
899 1660 1098 1709 παίδων
1139 1664 1226 1711 καὶ
1265 1667 1520 1724 γυναικῶν
1571 1666 1654 1711 καὶ

241 1729 532 1792 ἐλευθερίας
593 1729 817 1789 πατρίου
879 1730 1296 1781 κακοπαθοῦντες
1346 1732 1392 1782 ἐς
1445 1731 1655 1780 τοσόνδε

240 1801 416 1844 κακοῦ.
493 1796 617 1844 "διὸ
656 1797 741 1844 καὶ
779 1798 1062 1855 μάλιστα,"
1100 1799 1255 1856 εἶπεν,
1283 1800 1372 1847 "ὦ
1412 1801 1656 1857 Σκιπίων,

241 1865 385 1928 ἄξιόν
411 1866 523 1914 ἐστι
550 1866 624 1920 σέ,
654 1867 880 1926 τοσῆσδε
904 1867 1087 1929 ἀρετῆς
1106 1868 1346 1929 γέμοντα,
1364 1870 1656 1933 φείσασθαι

239 1934 414 1996 γένους
442 1933 682 1997 εὐψύχου
714 1954 768 1981 τε
795 1934 881 1983 καὶ
907 1934 1159 1994 ἀνδρικοῦ,
1188 1937 1274 1984 καὶ
1300 1941 1566 1998 προτεῖναι
1593 1939 1657 1986 τὰ

242 2001 709 2062 φιλανθρωπότερα
749 2005 849 2051 τῶν
887 2006 1056 2052 κακῶν
1094 2006 1227 2063 ἡμῖν,
1253 2006 1284 2052 ἃ
1323 2006 1409 2053 καὶ
1447 2006 1654 2067 δυνησό-

239 2072 373 2132 μεθα
418 2072 653 2132 ἐνεγκεῖν,
701 2071 815 2133 ἄρτι
858 2073 1162 2133 πειρώμενοι
1201 2075 1517 2133 μεταβολῆς.
1593 2077 1655 2128 ὡς

241 2140 332 2186 οὐκ
360 2137 438 2201 ἐφ᾽
465 2140 583 2201 ἡμῖν
610 2139 683 2186 ἔτι
722 2140 877 2194 ἐστίν,
906 2141 1028 2186 ἀλλ᾽
1054 2142 1139 2189 ἐπὶ
1177 2143 1274 2199 σοί,
1303 2144 1393 2203 τὴν
1432 2144 1589 2191 πόλιν
1626 2145 1654 2204 ἢ

243 2210 595 2273 παραλαβεῖν,
625 2208 666 2254 εἰ
703 2207 766 2254 τὰ
803 2207 987 2274 μέτρια
1024 2209 1264 2265 κελεύοις,
1294 2210 1324 2270 ἢ
1361 2210 1655 2275 μαχομένην

243 2275 499 2339 ὑπεριδεῖν
526 2275 871 2323 ἀπολέσθαι."
944 2275 968 2324 ὁ
994 2277 1084 2339 μὲν
1111 2278 1313 2339 Αὔαρος
1341 2279 1437 2326 ὧδε
1461 2279 1614 2334 εἶπεν,
1633 2280 1653 2327 ὁ

242 2342 295 2390 δὲ
338 2341 570 2391 Σκιπίων
608 2344 820 2406 ῾ᾔσθετο
854 2345 954 2405 γὰρ
986 2346 1127 2408 παρὰ
1168 2350 1267 2393 τῶν
1307 2347 1654 2412 αἰχμαλώτων

242 2411 306 2460 τὰ
345 2412 512 2475 ἔνδον̓
554 2413 650 2475 ἔφη
692 2413 793 2461 δεῖν
833 2414 1018 2465 αὐτοὺς
1069 2414 1359 2477 ἐγχειρίσαι
1407 2416 1471 2463 τὰ
1521 2416 1653 2463 κατὰ

245 2503 330 2554 288
