1747 2693
115 326 214 356 CAP.

134 365 193 393 XV

302 191 597 231 APPIAN'S
647 189 882 231 ROMAN
932 189 1240 241 HISTORY,
1285 189 1464 230 BOOK
1517 189 1574 230 VI

236 317 375 377 σφᾶς
413 313 500 361 καὶ
539 311 634 361 σὺν
666 311 847 364 ὅπλοις
874 310 1196 372 παραδοῦναι
1222 311 1313 371 τὴν
1341 311 1510 359 πόλιν.
1581 310 1646 358 ὧν

237 387 674 450 ἀπαγγελθέντων
713 387 760 434 οἱ
797 388 1126 448 Νομαντῖνοι,
1158 386 1388 450 χαλεποὶ
1414 386 1500 434 καὶ
1528 384 1645 436 τέως

235 464 373 511 ὄντες
414 461 568 523 ὀργὴν
608 459 691 508 ὑπ᾽
719 461 1010 522 ἐλευθερίας
1048 460 1275 521 ἀκράτου
1316 460 1402 508 καὶ
1442 459 1646 521 ἀηθείας

235 537 618 598 ἐπιταγμάτων,
642 534 756 584 τότε
776 535 862 583 καὶ
887 539 1091 597 μᾶλλον
1120 534 1219 584 ὑπὸ
1245 537 1345 584 τῶν
1373 537 1650 598 συμφορῶν

237 612 538 673 ἠγριωμένοι
561 632 614 658 τε
641 611 728 658 καὶ
749 610 1031 659 ἀλλόκοτοι
1057 608 1319 671 γεγονότες
1341 609 1428 658 τὸν
1448 609 1650 671 Αὔαρον

239 687 323 733 καὶ
350 687 466 736 τοὺς
493 687 589 734 σὺν
627 686 764 748 αὐτῷ
794 685 944 732 πέντε
970 685 1220 746 πρέσβεις
1249 683 1559 732 ἀπέκτειναν
1587 684 1649 735 ὡς

239 765 407 809 κακῶν
440 763 691 823 ἀγγέλους
736 760 821 808 καὶ
861 758 917 808 τὸ
960 759 1209 823 σφέτερον
1251 759 1489 823 ἀσφαλὲς
1529 759 1651 811 ἴσως

238 835 574 900 διῳκημένους
599 835 742 900 παρὰ
768 839 838 901 τῷ
865 831 1131 884 Σκιπίωνι.

310 917 384 959 96.
424 910 576 958 Mετὰ
631 910 671 958 δ᾽
729 910 787 958 οὐ
842 909 980 957 πολὺ
1041 908 1253 958 πάντων
1314 911 1498 961 αὐτοὺς
1554 912 1654 959 τῶν

240 986 460 1035 ἐδεστῶν
519 986 884 1040 ἐπιλιπόντων,
948 985 1005 1032 οὐ
1066 984 1267 1044 καρπὸν
1316 984 1537 1050 ἔχοντες,
1598 986 1654 1033 οὐ

239 1060 524 1124 πρόβατον,
565 1060 620 1108 οὐ
659 1058 809 1115 πόαν,
860 1063 1043 1122 πρῶτα
1078 1058 1185 1120 μέν,
1225 1058 1400 1121 ὥσπερ
1440 1058 1570 1113 τινὲς
1606 1060 1656 1107 ἐν

239 1134 481 1199 πολέμων
520 1135 785 1197 ἀνάγκαις,
827 1133 1050 1196 δέρματα
1095 1135 1311 1199 ἕψοντες
1351 1136 1655 1200 ἐλιχμῶντο,

241 1212 593 1258 ἐπιλιπόντων
635 1209 676 1257 δ᾽
719 1208 907 1259 αὐτοὺς
945 1209 1030 1258 καὶ
1069 1212 1168 1257 τῶν
1207 1210 1469 1273 δερμάτων
1507 1211 1655 1273 ἐσαρ-

241 1288 505 1350 κοφάγουν
544 1287 761 1350 ἕψοντες
798 1286 860 1333 τὰ
900 1284 1212 1349 ἀνθρώπεια,
1247 1288 1430 1349 πρῶτα
1465 1286 1558 1349 μὲν
1594 1285 1656 1335 τὰ

241 1364 342 1410 τῶν
392 1360 830 1421 ἀποθνησκόντων
886 1357 1180 1421 κοπτόμενα
1230 1358 1281 1408 ἐν
1333 1357 1656 1421 μαγειρείοις,

243 1436 325 1485 ἐπὶ
367 1436 405 1483 δ᾽
451 1434 660 1486 ἐκείνοις
703 1438 803 1483 τῶν
842 1435 1133 1484 νοσούντων
1170 1437 1532 1499 κατεφρόνουν,
1573 1437 1658 1483 καὶ

242 1512 358 1559 τοὺς
403 1508 804 1573 ἀσθενεστέρους
865 1509 1137 1569 ἐβιάζοντο
1197 1509 1245 1559 οἱ
1304 1509 1656 1574 δυνατώτεροι.

243 1590 413 1635 κακῶν
462 1607 515 1635 τε
565 1584 706 1634 οὐδὲν
754 1586 932 1635 αὐτοῖς
981 1584 1137 1645 ἀπῆν,
1189 1584 1521 1647 ἠγριωμένοις
1568 1584 1658 1647 μὲν

243 1661 334 1712 τὰς
381 1661 566 1725 ψυχὰς
609 1660 710 1708 ὑπὸ
760 1663 861 1709 τῶν
905 1662 1123 1723 τροφῶν,
1171 1661 1560 1722 τεθηριωμένοις
1609 1660 1658 1708 δὲ

244 1735 307 1785 τὰ
335 1736 554 1799 σώματα
594 1735 693 1783 ὑπὸ
730 1738 885 1798 λιμοῦ
913 1735 1000 1783 καὶ
1035 1739 1219 1798 λοιμοῦ
1257 1735 1344 1784 καὶ
1378 1734 1535 1797 κόμης
1572 1737 1659 1784 καὶ

244 1803 448 1871 χρόνου.
524 1804 655 1852 οὕτω
699 1802 737 1849 δ᾽
783 1804 988 1868 ἔχοντες
1038 1805 1224 1857 αὑτοὺς
1273 1806 1553 1866 ἐπέτρεπον
1591 1809 1660 1869 τῷ

246 1875 511 1923 Σκιπίωνι.
585 1871 608 1920 ὁ
649 1871 688 1919 δ᾽
727 1871 959 1920 ἐκέλευεν
997 1871 1183 1923 αὐτοὺς
1221 1876 1311 1929 τῆς
1345 1871 1437 1934 μὲν
1475 1871 1658 1936 ἡμέρας

246 1941 435 2002 ἐκείνης
474 1944 797 2002 συνενεγκεῖν
832 1940 896 1988 τὰ
935 1940 1078 1989 ὅπλα
1115 1940 1235 1988 ἔνθα
1275 1940 1539 2002 συνέταξε,
1573 1946 1661 2001 τῆς

246 2010 285 2057 δ᾽
324 2010 570 2070 ἐπιούσης
607 2009 919 2077 προσελθεῖν
958 2009 1005 2061 ἐς
1050 2009 1217 2072 ἕτερον
1256 2008 1463 2072 χωρίον.
1537 2008 1586 2055 οἱ
1621 2009 1657 2057 δ᾽

247 2079 636 2141 ὑπερεβάλοντο
699 2078 790 2137 τὴν
850 2075 1056 2138 ἡμέραν,
1110 2075 1524 2138 ομολογήσαντες
1583 2077 1662 2126 ὅτι

246 2146 439 2194 πολλοὶ
465 2150 555 2205 τῆς
592 2144 882 2212 ἐλευθερίας
920 2146 993 2192 ἔτι
1031 2145 1239 2210 ἔχονται
1280 2145 1366 2193 καὶ
1393 2145 1659 2194 ἐθέλουσιν

247 2216 431 2265 αὑτοὺς
480 2216 755 2277 ἐξαγαγεῖν
802 2216 892 2262 τοῦ
940 2214 1080 2273 βίου.
1188 2214 1279 2273 τὴν
1329 2213 1415 2261 οὖν
1472 2212 1659 2277 ἡμέραν

248 2283 401 2346 ᾔτουν
440 2283 487 2335 ἐς
525 2287 615 2331 τοῦ
654 2280 882 2330 θανάτου
920 2281 1011 2341 τὴν
1051 2280 1296 2328 διάθεσιν.

319 2358 393 2398 97.
424 2351 667 2399 Tοσόσδε
706 2351 826 2415 ἔρως
864 2348 1155 2413 ἐλευθερίας
1192 2351 1274 2397 καὶ
1313 2348 1659 2412 ἀνδραγαθίας

247 2420 308 2480 ἦν
356 2420 407 2467 ἐν
455 2418 607 2468 πόλει
655 2418 912 2481 βαρβάρῳ
960 2439 1013 2465 τε
1063 2418 1148 2465 καὶ
1193 2420 1404 2487 σμικρᾷ.
1479 2418 1527 2472 ἐς
1562 2418 1659 2480 γὰρ

252 2524 339 2564 290
