1747 2693
106 209 208 238 CAP.

125 249 183 277 XV

296 74 590 113 APPIAN'S
640 74 875 114 ROMAN
928 75 1235 126 HISTORY,
1282 75 1457 116 BOOK
1510 75 1567 115 VI

227 194 658 260 ὀκτακισχιλίους
708 195 786 244 ἐπ᾽
839 195 1036 259 εἰρήνης
1097 196 1358 259 γενόμενοι
1419 197 1503 246 οἷα
1549 196 1639 259 μὲν

227 270 314 319 καὶ
362 271 462 318 ὅσα
501 270 786 333 Ῥωμαίους
836 270 1074 333 ἔδρασαν,
1126 271 1234 323 οἵας
1284 271 1334 319 δὲ
1384 271 1640 333 συνθήκας

227 347 401 393 αὐτοῖς
444 344 614 393 ἔθεντο
664 344 747 392 ἐπὶ
789 345 877 406 ἴσῃ
920 344 1004 392 καὶ
1049 343 1213 410 ὁμοίᾳ,
1257 346 1430 394 οὐδέσι
1478 350 1641 394 ταῦτα

226 420 513 467 συνθέσθαι
551 419 820 482 Ῥωμαίων
870 420 1225 474 ὑποστάντων,
1277 420 1381 468 οἷον
1432 419 1471 467 δ᾽
1521 422 1640 469 ὄντα

225 495 313 543 τὸν
361 497 660 543 τελευταῖον
711 493 1020 558 στρατηγόν,
1063 494 1118 557 ἓξ
1163 495 1411 558 μυριάσιν
1461 495 1642 546 αὐτοὺς

227 568 648 632 περικαθήμενον,
733 567 1164 631 προυκαλέσαντο
1248 570 1510 623 πολλάκις
1596 570 1641 624 ἐς

224 645 412 708 μάχην.
508 642 531 692 ὁ
582 642 633 692 δὲ
681 642 744 703 ἦν
785 643 884 704 ἄρα
933 645 1409 703 στρατηγικώτερος
1458 646 1640 701 αὐτῶν,

225 722 274 771 ἐς
312 724 492 785 χεῖρας
532 718 623 766 οὐκ
665 718 752 766 ἰὼν
797 716 1004 782 θηρίοις,
1045 717 1186 765 ἀλλὰ
1225 723 1295 783 τῷ
1331 722 1467 783 λιμῷ
1506 725 1642 785 σφᾶς

227 791 674 858 κατεργαζόμενος,
728 791 915 857 ἀμάχῳ
967 796 1123 858 κακῷ,
1175 791 1214 857 ᾧ
1264 794 1322 855 δὴ
1374 795 1459 842 καὶ
1507 795 1639 860 μόνῳ

224 866 492 932 ληφθῆναί
530 888 586 915 τε
630 866 843 916 δυνατὸν
892 867 954 926 ἦν
998 866 1098 925 ἄρα
1147 867 1515 924 Νομαντίνους,
1556 873 1643 921 καὶ

226 938 533 999 ἐλήφθησαν
569 935 729 998 μόνῳ.

295 1006 438 1069 ἐμοὶ
463 993 554 1067 μὲν
581 1006 639 1065 δὴ
667 1008 833 1052 ταῦτα
857 1005 975 1067 περὶ
1002 1004 1341 1067 Νομαντίνων
1367 1006 1529 1057 εἰπεῖν
1555 1009 1642 1057 ἐπ-

229 1075 401 1134 ῆλθεν,
443 1075 490 1125 ἐς
532 1072 624 1134 τὴν
669 1072 952 1134 ὀλιγότητα
996 1074 1165 1122 αὐτῶν
1208 1074 1293 1122 καὶ
1335 1075 1641 1137 φερεπονίαν

228 1144 504 1208 ἀφορῶντι,
556 1143 642 1190 καὶ
704 1141 829 1205 ἔργα
888 1141 1084 1196 πολλά,
1139 1143 1226 1191 καὶ
1273 1144 1460 1209 χρόνον
1520 1145 1640 1192 ὅσον

227 1210 643 1274 διεκαρτέρησαν·
720 1211 765 1256 οἱ
827 1211 876 1259 δὲ
940 1213 1122 1271 πρῶτα
1181 1213 1272 1271 μὲν
1335 1213 1534 1269 αὑτούς,
1598 1215 1639 1261 οἱ

225 1278 553 1339 βουλόμενοι,
595 1278 888 1343 διεχρῶντο,
929 1279 1094 1341 ἕτερος
1133 1278 1324 1339 ἑτέρως·
1384 1280 1429 1327 οἱ
1465 1283 1637 1330 λοιποὶ

228 1349 267 1395 δ᾽
295 1347 511 1412 ἐξῄεσαν
539 1346 712 1410 τρίτης
750 1347 937 1409 ἡμέρας
976 1348 1024 1398 ἐς
1061 1348 1116 1394 τὸ
1146 1348 1408 1408 δεδομένον
1433 1348 1638 1414 χωρίον,

228 1416 504 1481 δυσόρατοί
553 1437 607 1464 τε
656 1416 743 1463 καὶ
801 1416 1081 1463 ἀλλόκοτοι
1130 1417 1353 1478 πάμπαν
1405 1417 1638 1481 ὀφθῆναι,

228 1487 302 1546 οἷς
354 1484 417 1534 τὰ
462 1484 553 1542 μὲν
606 1483 825 1543 σώματα
876 1484 937 1543 ἦν
990 1484 1265 1546 ἀκάθαρτα
1313 1484 1399 1533 καὶ
1450 1491 1640 1552 τριχῶν

229 1554 315 1603 καὶ
375 1554 573 1619 ὀνύχων
634 1553 717 1601 καὶ
779 1552 946 1616 ῥύπου
1011 1554 1197 1614 μεστά,
1261 1554 1531 1605 ὠδώδεσαν
1591 1556 1639 1605 δὲ

227 1622 626 1690 χαλεπώτατον,
665 1621 750 1669 καὶ
776 1621 931 1681 ἐσθὴς
969 1622 1143 1672 αὐτοῖς
1180 1623 1410 1670 ἐπέκειτο
1450 1625 1640 1687 πιναρὰ

227 1691 314 1747 καὶ
350 1691 436 1751 ἥδε
477 1691 562 1738 καὶ
611 1691 709 1754 οὐχ
747 1690 915 1750 ἧσσον
956 1688 1199 1750 δυσώδης.
1273 1689 1542 1755 ἐφαίνοντο
1592 1693 1638 1741 δὲ

227 1763 332 1810 τοῖς
376 1757 645 1822 πολεμίοις
682 1759 889 1805 ἐλεεινοὶ
934 1758 1025 1821 μὲν
1065 1759 1171 1805 ἀπὸ
1213 1759 1383 1815 τῶνδε,
1427 1762 1640 1824 φοβεροὶ

228 1827 266 1875 δ᾽
295 1827 401 1875 ἀπὸ
439 1829 540 1876 τῶν
575 1825 909 1887 βλεμμάτων·
950 1826 1023 1874 ἔτι
1061 1825 1159 1890 γὰρ
1199 1828 1382 1878 αὐτοὺς
1418 1830 1639 1892 ἐνεώρων

228 1897 283 1944 ἔκ
310 1917 363 1944 τε
403 1895 555 1958 ὀργῆς
594 1895 679 1941 καὶ
715 1894 886 1955 λύπης
925 1894 1012 1943 καὶ
1049 1894 1208 1942 πόνου
1236 1895 1323 1944 καὶ
1353 1896 1638 1950 συνειδότος

228 1962 646 2024 ἀλληλοφαγίας.

299 2039 374 2079 98.
414 2031 816 2093 Ἐπιλεξάμενος
842 2029 880 2078 δ᾽
911 2031 1078 2079 αὐτῶν
1106 2032 1427 2094 πεντήκοντα
1463 2032 1484 2081 ὁ
1525 2029 1637 2084 Σκι-

228 2099 359 2150 πίων
409 2102 456 2154 ἐς
509 2099 780 2162 θρίαμβον,
827 2099 943 2155 τοὺς
991 2100 1207 2152 λοιποὺς
1257 2100 1491 2155 ἀπέδοτο,
1554 2104 1638 2151 καὶ

228 2170 320 2229 τὴν
371 2168 527 2217 πόλιν
589 2167 915 2229 κατέσκαψε,
966 2167 1052 2216 δύο
1112 2168 1201 2227 μὲν
1257 2168 1414 2218 τάσδε
1463 2168 1637 2222 πόλεις

229 2238 643 2302 δυσμαχωτάτας
698 2236 827 2284 ἑλὼν
877 2237 1168 2298 στρατηγὸς
1229 2237 1311 2285 ὅδε
1357 2238 1639 2296 Ῥωμαίων,

229 2305 545 2370 Καρχηδόνα
593 2305 681 2367 μὲν
728 2304 895 2352 αὐτῶν
943 2303 1210 2367 Ῥωμαίων
1259 2307 1640 2371 ψηφισαμένων

231 2411 315 2452 292
