1747 2693
333 113 624 158 APPIAN'S
673 114 909 157 ROMAN
958 114 1264 167 HISTORY,
1312 114 1488 157 BOOK
1538 113 1600 157 VI

260 236 342 284 διά
379 236 589 300 μέγεθος
627 236 828 289 πόλεως
866 258 920 285 τε
957 237 1043 285 καὶ
1081 237 1245 301 ἀρχῆς
1282 237 1370 285 καὶ
1413 234 1671 301 εὐκαιρίαν

260 310 351 366 γῆς
379 308 467 354 καὶ
505 304 800 366 θαλάσσης,
830 304 1132 366 Νομαντίαν
1159 305 1210 353 δὲ
1249 305 1471 366 σμικράν
1498 326 1552 352 τε
1589 305 1672 353 καὶ

261 374 671 435 ὀλιγάνθρωπον,
722 374 862 422 οὔπω
925 394 974 422 τι
1022 372 1291 434 Ῥωμαίων
1338 375 1454 433 περὶ
1517 375 1672 433 αὐτῆς

259 439 568 504 ἐγνωκότων,
597 439 766 498 αὐτός,
795 442 893 489 εἴτε
923 440 1202 504 συμφέρειν
1228 439 1497 503 Ῥωμαίοις
1525 439 1671 502 ἡγού-

258 531 419 570 μενος,
460 510 560 558 εἴτε
598 510 750 571 ἄκρος
791 510 856 557 ὢν
894 509 1047 571 ὀργὴν
1087 509 1171 558 καὶ
1210 508 1499 569 φιλόνεικος
1525 510 1574 560 ἐς
1610 508 1671 556 τὰ

258 577 649 640 λαμβανόμενα,
690 576 780 626 εἴθ᾽
820 580 883 631 ὡς
922 577 1041 627 ἔνιοι
1081 576 1359 637 νομίζουσι,
1389 576 1481 637 τὴν
1520 576 1671 639 δόξαν

257 645 539 707 ἡγούμενος
576 645 824 707 διώνυμον
863 645 947 694 ἐπὶ
985 650 1091 697 τοῖς
1128 645 1374 707 μεγάλοις
1401 644 1671 708 γίγνεσθαι

260 718 455 771 κακοῖς·
529 718 752 761 καλοῦσι
795 718 918 772 γοῦν
959 713 1113 762 αὐτὸν
1158 713 1200 761 οἱ
1241 711 1485 775 Ῥωμαῖοι
1522 711 1672 778 μέχρι

255 786 362 833 νῦν,
392 780 498 831 ἀπὸ
524 785 623 830 τῶν
659 785 938 844 συμφορῶν
964 782 1021 833 ἃς
1048 781 1263 840 ἐπέθηκε
1303 786 1414 833 ταῖς
1438 780 1670 836 πόλεσιν,

258 849 572 914 Ἀφρικανόν
610 871 664 898 τε
702 850 789 898 καὶ
828 853 1165 912 Νομαντῖνον.
1228 849 1341 898 τότε
1374 849 1425 897 δὲ
1451 850 1541 909 τὴν
1579 854 1672 911 γῆν

260 918 351 980 τὴν
392 917 729 980 Νομαντίνων
772 923 877 969 τοῖς
916 918 1064 980 ἐγγὺς
1106 918 1307 966 οἰκοῦσι
1347 918 1544 972 διελών,
1586 918 1672 965 καὶ

258 991 371 1036 ταῖς
416 987 607 1036 ἄλλαις
650 987 842 1040 πόλεσι
887 985 1236 1056 χρηματίσας,
1288 986 1375 1035 καὶ
1425 988 1470 1034 εἴ
1517 1006 1564 1038 τι
1613 986 1672 1046 ἦν

257 1057 508 1107 ὕποπτον,
544 1056 836 1118 ἐπιπλήξας
876 1077 929 1103 τε
968 1056 1055 1103 καὶ
1095 1055 1355 1117 ζημιώσας
1390 1054 1670 1118 χρήμασιν,

254 1123 588 1172 ἀπέπλευσεν
627 1122 702 1172 ἐπ᾽
743 1124 898 1171 οἴκου.

908 1330 1020 1374 XVI

327 1460 401 1502 99.
439 1457 686 1516 Ῥωμαῖοι
714 1454 779 1508 δέ,
809 1451 872 1505 ὡς
913 1454 1039 1509 ἔθος,
1067 1455 1115 1506 ἐς
1152 1454 1214 1503 τὰ
1250 1454 1671 1517 προσειλημμένα

256 1528 346 1585 τῆς
384 1522 619 1585 Ἰβηρίας
660 1523 906 1585 ἔπεμψαν
956 1522 1059 1571 ἀπὸ
1108 1528 1198 1583 τῆς
1236 1525 1436 1583 βουλῆς
1486 1523 1670 1586 ἄνδρας

257 1591 377 1640 δέκα
403 1591 518 1642 τοὺς
557 1590 1050 1652 καταστησομένους
1082 1591 1213 1637 αὐτὰ
1242 1591 1289 1643 ἐς
1314 1592 1530 1653 εἰρήνην,
1570 1591 1669 1641 ὅσα

256 1657 486 1710 Σκιπίων
514 1680 568 1708 τε
595 1659 759 1716 ἔλαβε
788 1658 874 1707 καὶ
895 1661 1116 1719 Βροῦτος
1143 1658 1240 1722 πρὸ
1271 1664 1360 1708 τοῦ
1389 1657 1669 1712 Σκιπίωνος

257 1730 559 1791 ὑπηγάγετο
608 1729 639 1790 ἢ
691 1729 1022 1791 ἐχειρώσατο.
1133 1726 1297 1793 χρόνῳ
1349 1726 1389 1775 δ᾽
1441 1729 1668 1792 ὕστερον,

257 1798 606 1845 ἀποστάσεων
645 1797 822 1845 ἄλλων
862 1797 913 1844 ἐν
948 1795 1162 1861 Ἰβηρίᾳ
1191 1796 1485 1859 γενομένων,
1528 1799 1668 1843 Καλ-

254 1865 493 1925 πούρνιος
545 1863 728 1914 Πίσων
788 1864 1083 1927 στρατηγὸς
1132 1864 1303 1927 ᾑρέθη.
1378 1865 1464 1913 καὶ
1513 1864 1668 1912 αὐτὸν

255 1934 512 1995 διεδέξατο
572 1931 663 1995 μὲν
724 1929 959 1995 Σέρουιος
1023 1933 1254 1991 Γάλβας,
1320 1931 1569 1996 Κίμβρων
1631 1933 1667 1980 δ᾽

253 2002 730 2064 ἐπιστρατευόντων
768 2004 829 2064 τῇ
868 1999 1084 2065 Ἰταλίᾳ,
1112 2002 1197 2049 καὶ
1236 1999 1476 2051 Σικελίας
1514 2008 1666 2049 πολε-

252 2069 503 2130 μουμένης
547 2068 634 2118 τὸν
674 2068 905 2131 δεύτερον
946 2068 1183 2117 δουλικὸν
1227 2068 1471 2131 πόλεμον,
1512 2090 1665 2131 στρα-

255 2138 366 2186 τιὰν
391 2138 482 2200 μὲν
511 2139 558 2189 ἐς
595 2136 829 2200 Ἰβηρίαν
868 2138 959 2185 οὐκ
998 2137 1227 2200 ἔπεμπον
1268 2138 1353 2186 ὑπ᾽
1391 2136 1664 2204 ἀσχολίας,

252 2207 500 2267 πρέσβεις
539 2207 589 2253 δὲ
628 2206 971 2260 ἀπεστέλλον,
1001 2206 1049 2253 οἳ
1086 2205 1170 2254 τὸν
1197 2206 1424 2267 πόλεμον
1451 2209 1666 2267 ἔμελλον

252 2276 352 2338 ὅπῃ
381 2276 617 2322 δύναιντο
646 2273 1054 2335 καταθήσεσθαι.
1134 2273 1384 2336 Κίμβρων
1411 2273 1462 2321 δὲ
1491 2276 1663 2335 ἐξελα-

253 2343 456 2397 θέντων,
501 2343 649 2393 Τίτος
702 2341 898 2393 Δείδιος
949 2342 1182 2390 ἐπελθὼν
1231 2341 1527 2405 Ἀρουακῶν
1575 2341 1663 2405 μὲν

253 2448 341 2487 294

138 250 241 281 CAP.

159 290 218 319 XV

133 1466 235 1500 CAP.

142 1506 217 1535 XVI
