1747 2693
155 243 258 271 CAP.

161 284 236 311 XVI

342 108 638 149 APPIAN'S
688 110 923 151 ROMAN
976 111 1281 161 HISTORY,
1328 112 1505 152 BOOK
1558 110 1626 156 VI

276 230 492 287 ἔκτεινεν
541 232 589 280 ἐς
649 229 961 293 δισμυρίους,
1012 230 1278 293 Τερμησὸν
1329 230 1397 287 δέ,
1458 236 1689 292 μεγάλην

273 304 429 366 πόλιν
491 305 568 352 ἀεὶ
630 305 884 366 δυσπειθῆ
955 306 1226 366 Ῥωμαίοις
1286 309 1575 367 γενομένην,
1638 309 1690 368 ἐξ

273 381 490 443 ἐρυμνοῦ
534 379 826 442 κατήγαγεν
872 382 919 432 ἐς
962 380 1019 428 τὸ
1063 380 1253 434 πεδίον,
1293 382 1378 429 καὶ
1423 381 1691 430 ἐκέλευσεν

275 455 428 502 οἰκεῖν
472 454 819 520 ἀτειχίστους.
920 455 1185 503 Κολένδαν
1225 455 1276 503 δὲ
1326 455 1690 519 προσκαθίσας

274 529 434 594 ἐνάτῳ
472 529 592 590 μηνὶ
636 529 938 594 παρέλαβεν
975 531 1349 593 ἐγχειρίσασαν
1377 532 1576 591 ἑαυτήν,
1605 533 1690 579 καὶ

273 605 392 655 τοὺς
420 605 708 656 Κολενδέας
746 605 985 657 ἅπαντας
1011 605 1143 667 μετὰ
1183 605 1382 654 παίδων
1410 606 1494 654 καὶ
1520 629 1691 668 γυναι-

274 683 375 726 κῶν
413 680 655 729 ἀπέδοτο.

349 761 461 808 100.
496 754 662 803 Πόλιν
713 754 751 802 δ᾽
798 756 974 819 ἑτέραν
1019 760 1109 817 τῆς
1154 755 1415 817 Κολένδης
1463 755 1691 817 πλησίον

273 831 437 896 ᾤκουν
474 831 685 894 μιγάδες
725 831 1084 894 Κελτιβήρων,
1126 832 1208 882 οὓς
1246 832 1463 894 Μᾶρκος
1490 832 1689 896 Μάριος

274 905 732 968 συμμαχήσαντας
810 906 948 973 αὐτῷ
1010 905 1142 953 κατὰ
1204 910 1530 963 Λυσιτανῶν,
1605 912 1691 968 τῆς

272 983 473 1040 βουλῆς
499 981 895 1042 ἐπιτρεπούσης,
925 979 1096 1045 ᾠκίκει
1116 979 1218 1045 πρὸ
1256 982 1408 1030 πέντε
1434 984 1698 1032 ἐνιαυτῶν.

273 1057 556 1120 ἐλῄστευον
584 1056 622 1105 δ᾽
663 1057 719 1119 ἐξ
744 1054 963 1120 ἀπορίας
1001 1056 1156 1104 οὗτοι·
1196 1056 1282 1105 καὶ
1308 1057 1482 1120 κρίνας
1509 1058 1693 1108 αὐτοὺς

273 1130 297 1179 ὁ
343 1130 540 1181 Δείδιος
584 1131 797 1184 ἀνελεῖν,
846 1131 1164 1188 συνθεμένων
1224 1133 1362 1196 αὐτῷ
1414 1136 1513 1182 τῶν
1574 1132 1691 1181 δέκα

274 1205 550 1269 πρέσβεων
608 1206 683 1254 ἔτι
743 1205 1030 1269 παρόντων,
1082 1202 1179 1270 ἔφη
1232 1209 1337 1258 τοῖς
1384 1207 1692 1273 ἐπιφανέσιν

273 1282 445 1327 αὐτῶν
502 1280 696 1328 ἐθέλειν
765 1280 856 1339 τὴν
921 1281 1216 1330 Κολενδέων
1278 1280 1456 1346 χώραν
1516 1286 1692 1335 αὐτοῖς

273 1355 591 1420 προσορίσαι
641 1356 947 1416 πενομένοις.
1023 1356 1412 1419 ἀσπαζομένους
1464 1358 1515 1405 δὲ
1566 1358 1692 1421 ὁρῶν

275 1430 492 1486 ἐκέλευε,
543 1435 614 1495 τῷ
665 1430 804 1495 δήμῳ
868 1434 1031 1479 ταῦτα
1091 1433 1503 1493 μετενεγκόντας,
1555 1434 1692 1495 ἥκειν

273 1506 404 1569 μετὰ
447 1508 704 1569 γυναικῶν
755 1506 841 1554 καὶ
890 1505 1091 1554 παίδων
1140 1506 1232 1567 τὴν
1275 1506 1453 1571 χώραν
1495 1529 1691 1571 μεριου-

272 1580 468 1643 μένους.
543 1580 651 1629 ἐπεὶ
692 1578 729 1627 δ᾽
761 1578 1025 1644 ἀφίκοντο,
1053 1580 1347 1645 προσέταξε
1383 1582 1500 1636 τοὺς
1538 1605 1692 1645 στρα-

274 1650 461 1701 τιώτας
486 1650 540 1697 ἐκ
568 1652 658 1697 τοῦ
684 1650 916 1713 χάρακος
936 1651 1164 1711 ἐξελθεῖν
1189 1651 1276 1698 καὶ
1302 1651 1420 1702 τοὺς
1445 1651 1691 1715 ἐνεδρευο-

274 1718 452 1779 μένους
491 1718 592 1765 ἔσω
631 1719 913 1780 παρελθεῖν
952 1720 1016 1769 ὡς
1055 1715 1496 1781 ἀπογραψόμενος
1524 1722 1691 1768 αὐτῶν

275 1787 417 1835 ἔνδον
465 1787 523 1834 τὸ
569 1787 785 1847 πλῆθος,
832 1785 882 1834 ἐν
930 1786 1070 1848 μέρει
1105 1787 1197 1849 μὲν
1235 1786 1430 1850 ἀνδρῶν
1467 1786 1519 1838 ἐν
1554 1788 1690 1852 μέρει

274 1855 327 1906 δὲ
375 1853 574 1909 παίδων
623 1855 708 1902 καὶ
759 1858 1030 1915 γυναικῶν,
1085 1855 1166 1902 ἵνα
1227 1855 1459 1917 ἐπιγνοίη
1522 1855 1691 1918 πόσην

274 1922 450 1989 χώραν
496 1923 672 1975 αὐτοῖς
714 1922 813 1970 δέοι
858 1922 1060 1971 διελεῖν.
1134 1925 1198 1974 ὡς
1242 1925 1293 1971 δὲ
1334 1926 1609 1987 παρῆλθον
1645 1926 1692 1979 ἐς

274 1992 366 2052 τὴν
395 1992 592 2053 τάφρον
619 1992 704 2037 καὶ
733 1991 789 2039 τὸ
828 1992 1134 2056 χαράκωμα,
1164 1995 1486 2051 περιστήσας
1521 1995 1691 2046 αὐτοῖς

273 2059 361 2107 τὸν
406 2059 631 2121 στρατὸν
673 2056 707 2107 ὁ
736 2058 935 2111 Δείδιος
972 2061 1162 2108 ἔκτεινε
1198 2062 1412 2110 πάντας.
1485 2062 1571 2110 καὶ
1609 2062 1691 2111 ἐπὶ

273 2128 448 2175 τοῖσδε
497 2127 695 2177 Δείδιος
742 2127 834 2190 μὲν
883 2128 968 2176 καὶ
1020 2129 1381 2190 ἐθριάμβευσε,
1427 2131 1591 2179 πάλιν
1641 2131 1689 2179 δὲ

274 2200 373 2248 τῶν
425 2196 770 2259 Κελτιβήρων
815 2197 1160 2246 ἀποστάντων
1199 2199 1444 2250 Φλάκκος
1484 2200 1693 2262 ἐπιπεμ-

275 2265 422 2320 φθεὶς
466 2265 654 2313 ἔκτεινε
696 2264 1007 2329 δισμυρίους.
1070 2264 1120 2315 ἐν
1170 2265 1221 2313 δὲ
1264 2266 1502 2329 Βελγήδῃ
1540 2266 1697 2315 πόλει

274 2332 298 2382 ὁ
347 2333 439 2396 μὲν
489 2333 643 2396 δῆμος
685 2332 733 2383 ἐς
783 2333 1084 2383 ἀπόστασιν
1133 2328 1297 2396 ὁρμῶν
1351 2336 1441 2395 τὴν
1488 2337 1698 2395 βουλὴν

276 2425 364 2478 296
