1747 2693
155 235 259 268 CAP.

162 275 238 302 XVI

342 101 636 140 APPIAN'S
689 101 922 141 ROMAN
974 101 1280 155 HISTORY,
1328 104 1504 145 BOOK
1556 105 1617 146 VI

277 221 530 269 ὀκνοῦσαν
591 221 872 286 ἐνέπρησεν
921 223 1057 286 αὐτῷ
1118 223 1491 287 βουλευτηρίῳ,
1553 224 1576 273 ὁ
1639 226 1686 275 δὲ

278 297 519 348 Φλάκκος
546 296 780 346 ἐπελθὼν
808 296 996 346 ἔκτεινε
1022 296 1138 348 τοὺς
1164 296 1378 353 αἰτίους.

348 377 455 418 101.
495 371 697 418 Tοσάδε
722 372 811 431 μὲν
837 371 990 433 ηὗρον
1017 371 1138 432 ἄξια
1163 371 1325 431 λόγου
1345 373 1614 429 Ῥωμαίοις
1642 375 1689 425 ἐς

275 445 391 494 τότε
439 446 565 510 πρὸς
618 446 832 510 Ἴβηρας
882 446 1068 498 αὐτοὺς
1116 446 1378 508 γενόμενα·
1432 449 1599 512 χρόνῳ
1650 449 1687 497 δ᾽

277 522 489 582 ὕστερον
540 520 930 582 στασιαζόντων
980 521 1030 569 ἐν
1076 520 1246 584 Ῥώμῃ
1284 520 1467 572 Σύλλα
1506 544 1560 570 τε
1602 524 1688 570 καὶ

277 594 455 652 Κίννα,
499 595 586 644 καὶ
630 597 677 648 ἐς
721 595 1000 658 ἐμφυλίους
1038 596 1297 658 πολέμους
1334 596 1420 645 καὶ
1471 599 1689 660 στρατό-

274 670 406 718 πεδα
464 670 600 718 κατὰ
660 675 748 731 τῆς
806 670 1050 732 πατρίδος
1102 670 1426 733 διῃρημένων,
1479 670 1687 724 Κόιντος

274 741 571 808 Σερτώριος,
623 744 678 793 ἐκ
728 750 818 807 τῆς
868 743 1028 794 Κίννα
1069 748 1306 797 στάσεως
1346 744 1561 808 αἱρεθεὶς
1602 752 1689 808 τῆς

273 820 503 882 Ἰβηρίας
553 819 748 884 ἄρχειν,
797 819 1031 883 Ἰβηρίαν
1069 841 1121 868 τε
1160 819 1319 883 αὐτὴν
1367 821 1688 883 ἐπανέστησε

271 893 558 958 Ῥωμαίοις,
576 895 664 944 καὶ
690 894 858 943 πολὺν
884 894 1110 957 στρατὸν
1135 895 1359 958 ἀγείρας,
1377 896 1464 944 καὶ
1489 895 1689 957 βουλὴν

275 973 376 1018 τῶν
401 969 539 1018 ἰδίων
563 969 730 1034 φίλων
768 971 816 1021 ἐς
851 969 1053 1032 μίμημα
1079 974 1168 1032 τῆς
1196 970 1495 1032 συγκλήτου
1532 993 1688 1020 κατα-

275 1041 447 1101 λέξας,
474 1040 695 1099 ἤλαυνεν
721 1039 769 1090 ἐς
793 1037 993 1100 Ῥώμην
1031 1038 1115 1085 ἐπὶ
1149 1038 1341 1101 τόλμης
1372 1039 1459 1086 καὶ
1503 1040 1686 1101 φρονή-

274 1128 435 1168 ματος
490 1110 755 1168 λαμπροῦ,
805 1108 893 1155 καὶ
942 1106 1119 1154 τἄλλα
1169 1107 1234 1155 ὢν
1283 1107 1330 1159 ἐς
1384 1107 1688 1169 θρασύτητα

275 1174 605 1235 περιώνυμος,
645 1174 779 1222 ὥστε
817 1173 909 1235 τὴν
943 1174 1145 1234 βουλὴν
1183 1174 1434 1223 δείσασαν
1478 1175 1688 1224 ἑλέσθαι

277 1241 392 1292 τοὺς
416 1242 561 1307 παρὰ
588 1241 773 1306 σφίσιν
811 1242 895 1290 ἐπὶ
931 1241 1179 1304 μεγίστης
1217 1243 1333 1290 τότε
1360 1243 1506 1305 δόξης
1532 1265 1687 1306 στρα-

276 1310 478 1372 τηγούς,
532 1309 806 1359 Καικίλιόν
855 1330 909 1358 τε
971 1310 1245 1359 Μέτελλον
1305 1311 1435 1372 μετὰ
1484 1317 1687 1359 πολλοῦ

275 1382 506 1443 στρατοῦ
554 1382 642 1428 καὶ
693 1381 877 1427 Γναῖον
928 1380 1203 1441 Πομπήιον
1240 1379 1319 1426 ἐπ᾽
1368 1378 1537 1443 ἐκείνῳ
1578 1379 1686 1442 μεθ᾽

276 1447 447 1511 ἑτέρου
488 1451 732 1511 στρατοῦ,
770 1447 850 1494 ἵνα
892 1446 978 1495 τὸν
1017 1447 1262 1510 πόλεμον,
1297 1447 1399 1511 ὅπῃ
1440 1447 1687 1504 δύναιντο,

275 1517 510 1578 ἐξωθοῖεν
557 1516 613 1563 ἐκ
662 1520 751 1576 τῆς
811 1514 1038 1566 Ἰταλίας
1099 1516 1150 1562 ἐν
1209 1515 1528 1585 διχοστασίᾳ
1576 1516 1688 1565 τότε

275 1584 512 1645 μάλιστα
540 1584 711 1644 οὔσης.
785 1582 929 1631 ἀλλὰ
955 1581 1236 1645 Σερτώριον
1261 1582 1352 1645 μὲν
1378 1587 1477 1633 τῶν
1504 1605 1687 1634 στασι-

277 1654 419 1698 ωτῶν
468 1672 543 1699 τις
592 1654 748 1700 αὐτοῦ
799 1651 1098 1715 Περπέρνας
1147 1652 1343 1699 ἀνελὼν
1382 1653 1564 1699 ἑαυτὸν
1605 1654 1687 1708 ἐπὶ

276 1717 542 1784 Σερτωρίῳ
591 1719 885 1783 στρατηγὸν
934 1720 1164 1781 ἀπέφηνε
1202 1724 1290 1779 τῆς
1328 1720 1686 1777 ἀποστάσεως,

272 1786 577 1851 Περπέρναν
638 1788 677 1837 δ᾽
728 1788 915 1836 ἔκτεινε
974 1788 1118 1851 μάχῃ
1180 1788 1467 1850 Πομπήιος,
1516 1788 1605 1837 καὶ
1665 1788 1686 1836 ὁ

276 1856 501 1919 πόλεμος
549 1856 647 1912 ὅδε,
693 1856 995 1919 θορυβήσας
1045 1856 1103 1918 δὴ
1148 1859 1217 1919 τῷ
1259 1855 1411 1918 φόβῳ
1453 1856 1688 1918 μάλιστα

273 1924 571 1987 Ῥωμαίους,
595 1924 820 1984 διελύθη.
874 1924 930 1973 τὸ
960 1924 1011 1972 δὲ
1038 1924 1250 1986 ἀκριβὲς
1278 1925 1437 1974 αὐτοῦ
1465 1924 1687 1986 δηλώσει

276 1992 340 2040 τὰ
366 1992 484 2057 περὶ
508 1992 723 2044 Σύλλαν
748 1992 990 2056 ἐμφύλια.

349 2066 457 2108 102.
497 2062 651 2109 Mετὰ
672 2061 720 2108 δὲ
744 2060 830 2109 τὸν
852 2056 1036 2109 Σύλλα
1059 2061 1283 2108 θάνατον
1306 2063 1457 2113 Γάιος
1480 2064 1687 2125 Καῖσαρ

275 2129 494 2193 αἱρεθεὶς
529 2128 758 2193 Ἰβηρίας
791 2132 1118 2193 στρατηγεῖν,
1157 2131 1294 2177 ὥστε
1325 2132 1414 2177 καὶ
1443 2132 1686 2192 πολεμεῖν

276 2198 348 2247 οἷς
409 2198 649 2258 δεήσειεν,
710 2198 810 2246 ὅσα
873 2199 972 2245 τῶν
1041 2197 1261 2258 Ἰβήρων
1320 2196 1597 2246 ἐσαλεύετο
1656 2198 1685 2257 ἢ

272 2264 543 2325 Ῥωμαίοις
569 2265 645 2314 ἔτι
669 2265 857 2320 ἔλειπε,
885 2265 1096 2326 πολέμῳ
1125 2265 1491 2327 συνηνάγκασε
1516 2265 1687 2312 πάντα

276 2334 569 2383 ὑπακούειν.
620 2332 709 2382 καί
734 2355 847 2383 τινα
870 2333 1014 2386 αὖθις
1036 2333 1368 2394 ἀφιστάμενα
1383 2332 1684 2386 Ὀκταούιος

278 2424 365 2476 298
