1747 2693
141 277 243 307 CAP

148 317 223 345 XVI

334 139 629 180 APPIAN'S
680 140 914 181 ROMAN
965 141 1273 195 HISTORY,
1322 144 1495 186 BOOK
1551 147 1611 187 VI

265 264 478 326 Καῖσαρ
518 261 540 308 ὁ
582 266 672 311 τοῦ
712 263 870 311 Γάιου
908 267 1049 320 παῖς,
1079 261 1105 310 ὁ
1136 266 1408 324 Σεβαστὸς
1447 268 1678 328 ἐπίκλην,

261 330 597 394 ἐχειρώσατο.
673 332 759 378 καὶ
786 332 840 392 ἐξ
865 332 1054 379 ἐκείνου
1083 353 1167 390 μοι
1204 333 1414 383 δοκοῦσι
1439 335 1679 399 Ῥωμαῖοι

262 397 354 460 τὴν
413 397 663 459 Ἰβηρίαν,
712 399 774 458 ἣν
824 399 882 460 δὴ
932 403 1016 448 νῦν
1075 400 1348 451 Ἱσπανίαν
1409 410 1678 461 καλοῦσιν,

262 467 310 516 ἐς
371 465 487 530 τρία
550 465 759 530 διαιρεῖν
817 468 907 516 καὶ
968 469 1294 532 στρατηγοὺς
1355 471 1678 533 ἐπιπέμπειν,

261 533 497 595 ἐτησίους
534 535 624 595 μὲν
661 536 710 587 ἐς
747 536 810 583 τὰ
850 536 937 583 δύο
977 537 1004 596 ἡ
1043 538 1232 600 βουλή,
1273 539 1359 588 τὸν
1408 539 1461 588 δὲ
1512 541 1678 606 τρίτον

262 603 517 655 βασιλεὺς
544 602 621 668 ἐφ᾽
647 604 770 651 ὅσον
797 604 1133 667 δοκιμάσειεν.

251 2490 340 2532 300
