1747 2693
123 957 225 990 CAP.

154 996 176 1031 I

928 509 986 555 H'

735 676 1150 723 ΑΝΝΙΒΑΙΚΗ

947 833 965 874 I

316 952 355 996 1.
384 948 535 995 Ὅσα
564 947 617 995 δὲ
641 946 888 1006 Ἀννίβας
917 946 939 995 ὁ
971 948 1326 1009 Καρχηδόνιος
1353 949 1408 1010 ἐξ
1430 949 1656 1012 Ἰβηρίας

244 1016 293 1066 ἐς
326 1016 564 1065 Ἰταλίαν
601 1016 865 1074 ἐσβαλών,
904 1015 1174 1064 ἑκκαίδεκα
1215 1016 1383 1064 ἔτεσιν
1433 1018 1505 1069 οἷς
1548 1018 1656 1066 ἐπέ-

243 1105 379 1147 μεινε
402 1087 663 1147 πολεμῶν,
691 1084 877 1147 ἔδρασέ
910 1105 965 1131 τε
1000 1084 1089 1132 καὶ
1115 1084 1307 1132 ἔπαθεν
1337 1084 1433 1133 ὑπὸ
1466 1088 1656 1148 Ῥωμα-

244 1155 348 1205 ίων,
377 1155 466 1204 ἕως
494 1153 649 1200 αὐτὸν
683 1151 1034 1217 Καρχηδόνιοί
1059 1174 1112 1201 τε
1146 1154 1516 1206 κινδυνεύοντες
1543 1156 1656 1219 περὶ

245 1226 308 1286 τῇ
355 1225 508 1269 πόλει
558 1222 642 1269 ἐπὶ
705 1220 769 1268 τὰ
825 1221 1052 1286 σφέτερα
1110 1223 1513 1286 μετεπέμψαντο
1573 1225 1654 1270 καὶ

244 1289 489 1353 Ῥωμαῖοι
538 1293 627 1350 τῆς
674 1289 904 1341 Ἰταλίας
954 1290 1235 1352 ἐξήλασαν,
1274 1290 1362 1351 ἥδε
1417 1294 1440 1352 ἡ
1482 1293 1657 1357 γραφὴ

246 1358 408 1419 δηλοῖ.
481 1358 511 1418 ἥ
551 1379 625 1410 τις
664 1358 715 1406 δὲ
754 1362 823 1422 τῷ
860 1357 1079 1424 Ἀννίβᾳ
1115 1359 1293 1421 γέγονε
1318 1364 1405 1421 τῆς
1432 1360 1658 1422 ἐσβολῆς

246 1427 387 1474 αἰτία
439 1447 494 1474 τε
543 1427 741 1487 ἀληθὴς
790 1427 878 1475 καὶ
926 1427 1190 1491 πρόφασις
1230 1429 1278 1479 ἐς
1316 1427 1373 1477 τὸ
1422 1427 1656 1492 φανερόν,

245 1493 610 1559 ἀκριβέστατα
678 1493 768 1557 μὲν
837 1495 886 1543 ἐν
949 1499 1009 1557 τῇ
1078 1493 1315 1559 Ἰβηρικῇ
1378 1503 1657 1560 συγγραφῇ

244 1563 549 1626 δεδήλωται,
622 1563 919 1627 συγγράψω
991 1563 1044 1611 δὲ
1108 1564 1196 1611 καὶ
1268 1567 1354 1614 νῦν
1417 1566 1540 1612 ὅσον
1612 1566 1658 1616 ἐς

244 1633 545 1694 ἀνάμνησιν.

313 1707 357 1747 2.
394 1699 662 1764 Ἀμίλχαρ
701 1699 739 1765 ᾧ
778 1700 985 1764 Βάρκας
1012 1701 1288 1762 ἐπικλησις
1313 1702 1386 1760 ἦν,
1415 1702 1658 1761 Ἀννίβου

241 1770 389 1816 τοῦδε
409 1770 600 1832 πατήρ,
622 1770 933 1832 ἐστρατήγει
955 1769 1328 1832 Καρχηδονίων
1352 1771 1403 1819 ἐν
1430 1767 1657 1838 Σικελίᾳ,

240 1837 325 1885 ὅτε
348 1836 592 1897 Ῥωμαῖοι
611 1837 700 1885 καὶ
722 1837 1071 1900 Καρχηδόνιοι
1090 1838 1209 1901 περὶ
1229 1838 1384 1900 αὐτῆς
1407 1839 1656 1900 ἀλλήλοις

242 1908 545 1967 ἐπολέμουν.
635 1904 784 1967 δόξας
833 1904 886 1953 δὲ
945 1908 1137 1967 πρᾶξαι
1187 1910 1359 1959 κακῶς
1409 1906 1507 1955 ὑπὸ
1558 1911 1657 1955 τῶν

243 1975 444 2037 ἐχθρῶν
490 1973 741 2029 ἐδιώκετο,
789 1974 874 2022 καὶ
923 1974 1094 2025 δεδιὼς
1153 1975 1376 2037 ἔπραξεν
1435 1976 1483 2028 ἐς
1543 1976 1659 2029 τοὺς

243 2042 490 2106 Νομάδας
534 2042 797 2106 αἱρεθῆναι
836 2042 1129 2106 στρατηγὸς
1165 2043 1265 2106 πρὸ
1293 2047 1392 2091 τῶν
1420 2044 1665 2095 εὐθυνῶν.

240 2111 505 2173 γενόμενος
544 2111 594 2159 δὲ
632 2111 890 2175 χρήσιμος
929 2112 978 2159 ἐν
1005 2111 1147 2175 τῷδε,
1174 2112 1258 2159 καὶ
1287 2112 1378 2173 τὴν
1405 2112 1658 2175 στρατιὰν

241 2181 571 2243 θεραπεύσας
610 2181 872 2243 ἁρπαγαῖς
910 2179 997 2227 καὶ
1039 2179 1266 2242 δωρεαῖς,
1309 2181 1501 2242 ἤγαγεν
1541 2179 1655 2227 ἄνευ

242 2251 333 2295 τοῦ
353 2251 526 2296 κοινοῦ
548 2247 920 2312 Καρχηδονίων
945 2248 1030 2296 ἐπὶ
1058 2248 1292 2312 Γάδειρα,
1320 2249 1403 2295 καὶ
1433 2249 1655 2312 ἐπέρασε

241 2315 329 2362 τὸν
377 2315 610 2379 πορθμὸν
660 2317 708 2368 ἐς
754 2315 1004 2377 Ἰβηρίαν,
1049 2316 1164 2365 ὅθεν
1213 2317 1425 2377 λάφυρα
1476 2318 1653 2364 πολλὰ

241 2419 331 2459 304
