1747 2693
125 284 219 314 CAP.

168 324 183 353 I

302 147 596 187 APPIAN'S
645 146 879 187 ROMAN
931 146 1237 199 HISTORY,
1283 147 1461 189 BOOK
1510 148 1598 189 VII

245 267 520 327 διέπεμπεν
545 267 592 318 ἐς
620 264 953 328 Καρχηδόνα,
986 265 1279 327 θεραπεύων
1305 265 1362 315 τὸ
1389 268 1601 325 πλῆθος,
1619 268 1659 315 εἰ

245 341 449 389 δύναιτο
475 340 543 403 μὴ
569 341 911 405 χαλεπαίνειν
937 342 1073 404 αὐτῷ
1101 345 1187 402 τῆς
1214 343 1534 404 στρατηγίας
1572 347 1659 404 τῆς

245 417 294 463 ἐν
323 416 549 481 Σικελίᾳ,
576 415 756 479 χώραν
784 413 822 462 δ᾽
845 415 1001 462 αὐτοῦ
1028 417 1426 476 κατακτωμένου
1455 418 1659 475 πολλὴν

245 490 392 540 κλέος
443 511 496 538 τε
544 490 678 551 μέγα
728 490 803 551 ἦν,
848 489 936 538 καὶ
988 490 1364 552 Καρχηδονίοις
1416 491 1657 552 ἐπιθυμία

244 566 421 626 πάσης
457 564 690 626 Ἰβηρίας
727 566 791 617 ὡς
829 566 1076 627 εὐμαροῦς
1103 567 1269 627 ἔργου.
1344 567 1660 614 Ζακανθαῖοι

246 639 313 690 δέ,
354 639 442 688 καὶ
493 639 607 687 ὅσοι
658 639 815 686 ἄλλοι
847 637 1107 696 Ἕλληνες
1148 641 1198 688 ἐν
1239 638 1460 704 Ἰβηρίᾳ,
1502 663 1660 688 κατα-

243 716 525 778 φεύγουσιν
565 715 649 763 ἐπὶ
686 715 985 775 Ῥωμαίους,
1030 714 1118 762 καὶ
1166 713 1400 777 γίγνεται
1450 717 1660 780 Καρχη-

245 789 426 840 δονίοις
467 791 580 853 ὅρος
619 789 869 852 Ἰβηρίας,
913 790 981 852 μὴ
1025 790 1311 848 διαβαίνειν
1356 790 1443 839 τὸν
1473 792 1658 853 Ἴβηρα

243 863 496 927 ποταμόν·
551 863 639 913 καὶ
679 863 793 912 τόδε
842 869 956 917 ταῖς
993 863 1259 928 Ῥωμαίων
1309 865 1395 913 καὶ
1448 868 1659 929 Καρχη-

244 939 420 989 δονίων
447 940 697 990 σπονδαῖς
724 941 995 1002 ἐνεγράφη.
1073 941 1156 988 ἐπὶ
1184 942 1234 989 δὲ
1261 942 1426 1004 τούτῳ
1455 942 1658 1004 Βάρκας

244 1014 333 1072 μὲν
360 1014 452 1076 τὴν
480 1014 580 1064 ὑπὸ
610 1014 986 1078 Καρχηδονίοις
1012 1013 1251 1074 Ἰβηρίαν
1282 1016 1657 1069 καθιστάμενος

242 1090 294 1138 ἔν
332 1111 431 1137 τινι
470 1090 615 1154 μάχῃ
652 1090 827 1138 πεσὼν
867 1090 1203 1153 ἀποθνήσκει,
1239 1091 1324 1138 καὶ
1371 1090 1661 1154 στρατηγὸς

242 1164 570 1228 Ἀσδρούβας
622 1165 699 1213 ἐπ᾽
750 1166 890 1228 αὐτῷ
939 1165 1187 1226 γίγνεται,
1240 1166 1292 1218 ὃς
1340 1166 1544 1228 ἐκήδευε
1591 1170 1659 1230 τῷ

245 1240 440 1305 Βάρκᾳ.
515 1240 603 1288 καὶ
644 1239 786 1288 τόνδε
828 1240 918 1303 μὲν
961 1240 1145 1289 κτείνει
1186 1241 1423 1303 θεράπων
1460 1242 1511 1290 ἐν
1549 1263 1658 1289 κυν-

243 1315 486 1376 ηγεσίοις,
515 1316 571 1363 οὗ
599 1315 685 1364 τὸν
713 1315 971 1377 δεσπότην
997 1315 1254 1379 ἀνῃρήκει.

315 1396 358 1438 3.
398 1391 579 1453 Τρίτος
630 1391 680 1438 δὲ
731 1392 816 1439 ἐπὶ
867 1391 1042 1438 τοῖσδε
1100 1391 1393 1454 στρατηγὸς
1441 1391 1660 1456 Ἰβήρων

245 1466 345 1514 ὑπὸ
373 1471 460 1527 τῆς
495 1470 746 1531 στρατιᾶς
780 1469 1161 1522 ἀποδείκνυται,
1188 1470 1545 1530 φιλοπόλεμος
1572 1471 1656 1515 καὶ

245 1541 455 1591 συνετὸς
483 1542 609 1590 εἶναι
637 1541 814 1596 δοκῶν,
835 1541 1083 1599 Ἀννίβας
1110 1542 1208 1600 ὅδε,
1233 1543 1411 1604 Βάρκα
1439 1543 1529 1605 μὲν
1558 1543 1660 1594 υἱὸς

245 1616 326 1669 ὤν,
353 1616 683 1681 Ἀσδρούβου
721 1617 774 1665 δὲ
813 1621 902 1679 τῆς
935 1618 1177 1680 γυναικὸς
1209 1618 1449 1682 ἀδελφός,
1476 1618 1580 1670 νέος
1609 1618 1655 1666 δὲ

242 1692 442 1755 κομιδῇ,
483 1693 570 1740 καὶ
615 1694 679 1745 ὡς
716 1694 978 1756 μειράκιον
1019 1694 1094 1741 ἔτι
1138 1696 1207 1757 τῷ
1251 1695 1412 1757 πατρὶ
1461 1695 1548 1742 καὶ
1591 1698 1657 1757 τῷ

243 1768 465 1828 κηδεστῇ
496 1768 677 1816 συνών.
730 1767 817 1816 καὶ
844 1767 866 1816 ὁ
896 1767 1048 1830 δῆμος
1077 1766 1098 1816 ὁ
1130 1767 1499 1831 Καρχηδονίων
1521 1772 1657 1832 αὐτῷ

244 1842 336 1902 τὴν
363 1842 689 1903 στρατηγίαν
715 1842 1063 1902 ἐπεψήφισεν.
1124 1843 1255 1890 οὕτω
1283 1843 1373 1901 μὲν
1398 1843 1657 1900 Ἀννίβας,

243 1918 359 1981 περὶ
418 1918 475 1965 οὗ
532 1918 653 1966 τάδε
703 1918 1009 1981 συγγράφω,
1072 1917 1303 1979 γίγνεται
1365 1918 1658 1981 στρατηγὸς

247 1994 618 2056 Καρχηδονίων
662 1993 738 2042 ἐπ᾽
782 1993 1013 2055 Ἴβηρσι·
1069 1995 1169 2040 τῶν
1218 1990 1258 2038 δ᾽
1310 1992 1509 2056 ἐχθρῶν
1558 1996 1656 2041 τῶν

243 2069 424 2131 Βάρκα
448 2089 500 2117 τε
521 2068 608 2115 καὶ
627 2065 957 2130 Ἀσδρούβου
977 2066 1094 2118 τοὺς
1114 2065 1298 2131 φίλους
1321 2067 1437 2118 τοὺς
1458 2066 1657 2116 ἐκείνων

243 2141 545 2198 διωκόντων,
567 2141 655 2190 καὶ
675 2141 918 2200 Ἀννίβου
941 2142 1089 2189 τοῦδε
1109 2144 1572 2205 καταφρονούντων
1594 2144 1655 2195 ὡς

243 2217 316 2263 ἔτι
352 2217 479 2273 νέου,
513 2217 679 2279 ἀρχὴν
715 2217 843 2264 εἶναι
877 2215 1015 2263 τοῦθ᾽
1045 2215 1067 2263 ὁ
1095 2215 1341 2275 Ἀννίβας
1369 2217 1445 2280 ἐφ᾽
1475 2217 1656 2264 ἑαυτὸν

239 2292 532 2350 ἡγούμενος,
559 2292 646 2340 καὶ
679 2290 888 2352 νομίζων
916 2290 964 2338 οἱ
990 2290 1046 2337 τὸ
1075 2290 1315 2352 ἀσφαλὲς
1348 2291 1401 2337 ἐκ
1433 2295 1532 2340 τῶν
1568 2296 1654 2352 τῆς

237 2366 487 2431 πατρίδος
523 2367 704 2429 φόβων
742 2365 1092 2430 περιέσεσθαι,
1134 2366 1181 2416 ἐς
1218 2364 1444 2428 πόλεμον
1470 2367 1653 2418 αὐτοὺς

241 2462 327 2516 306
