1747 2693
139 276 243 304 CAP.

186 316 201 345 I

317 140 611 180 APPIAN'S
664 140 895 181 ROMAN
947 141 1254 193 HISTORY,
1299 141 1478 182 BOOK
1529 141 1613 181 VII

260 260 423 323 μέγαν
449 262 699 323 ἐμβαλεῖν
724 259 932 309 ἐπενόει.
1010 260 1296 319 ὑπολαβὼν
1320 259 1375 318 δ᾽,
1397 262 1572 326 ὥσπερ
1598 263 1669 324 ἦν,

262 334 320 383 τὸ
342 334 615 398 Ῥωμαίοις
640 338 973 400 ἐπιχειρῆσαι
1000 336 1204 401 χρόνιόν
1227 357 1279 384 τε
1302 337 1670 401 Καρχηδονίοις

262 411 493 464 ἔσεσθαι,
522 411 610 459 καὶ
648 411 881 472 μεγάλην
922 412 1060 474 αὐτῷ
1103 412 1270 472 δόξαν,
1312 412 1351 459 εἰ
1395 412 1482 460 καὶ
1525 412 1673 477 τύχοι

261 485 505 538 πταίσας,
536 485 592 534 τό
619 507 677 544 γε
703 485 986 548 ἐγχείρημα
1014 487 1188 539 οἴσειν,
1210 486 1483 548 λεγόμενος
1510 486 1562 536 δὲ
1589 490 1670 535 καὶ

264 559 363 609 ὑπὸ
405 564 494 608 τοῦ
535 559 733 625 πατρὸς
776 561 860 609 ἐπὶ
899 564 1090 624 βωμῶν
1131 561 1205 609 ἔτι
1241 564 1364 614 παῖς
1391 559 1673 625 ὁρκωθῆναι

260 634 531 698 Ῥωμαίοις
568 634 924 695 ἐπιβουλεύων
950 636 1007 684 οὔ
1033 634 1148 684 ποτ᾽
1176 635 1454 698 ἐκλείψειν,
1483 637 1674 686 ἐπενόει

261 709 406 774 παρὰ
455 710 546 762 τὰς
597 709 827 761 σπονδὰς
887 709 974 758 τὸν
1026 710 1218 771 Ἴβηρα
1280 709 1541 770 διαβῆναι,
1592 714 1676 759 καὶ

261 784 618 849 παρεσκεύαζέ
690 805 830 836 τινας
903 785 950 837 ἐς
1023 784 1289 849 πρόφασιν
1373 792 1676 851 κατηγορεῖν

261 858 619 908 Ζακανθαίων.
725 861 939 924 γράφων
1000 880 1054 908 τε
1114 863 1280 907 ταῦτα
1342 864 1571 925 συνεχῶς
1631 863 1677 914 ἐς

264 934 595 1000 Καρχηδόνα,
636 934 721 983 καὶ
763 934 1063 999 προστιθεὶς
1102 934 1182 983 ὅτι
1220 933 1465 996 Ῥωμαῖοι
1503 939 1675 1001 κρύφα

261 1009 352 1071 τὴν
409 1009 646 1071 Ἰβηρίαν
710 1011 877 1058 αὐτῶν
942 1010 1251 1073 ἀφιστᾶσιν,
1312 1010 1464 1075 ἔτυχε
1534 1010 1677 1076 παρὰ

264 1084 637 1150 Καρχηδονίων
674 1084 934 1148 πράσσειν
972 1084 1083 1133 ὅτι
1123 1084 1460 1147 δοκιμάσειεν.
1537 1086 1558 1134 ὁ
1590 1086 1678 1145 μὲν

261 1159 321 1222 δὴ
372 1160 460 1209 τὸν
501 1161 692 1224 Ἴβηρα
745 1159 930 1219 διαβὰς
981 1158 1070 1221 τὴν
1121 1160 1463 1209 Ζακανθαίων
1522 1160 1677 1209 πόλιν

261 1234 457 1296 ἡβηδὸν
489 1234 757 1299 διέφθειρε,
784 1234 1055 1298 Ῥωμαίοις
1095 1234 1145 1283 δὲ
1184 1235 1271 1282 καὶ
1300 1235 1676 1298 Καρχηδονίοις

263 1311 346 1357 ἐπὶ
373 1311 498 1372 τῷδε
526 1311 771 1358 ἐλέλυντο
798 1310 852 1357 αἱ
881 1309 1105 1357 σπονδαὶ
1132 1309 1185 1356 αἱ
1211 1310 1477 1372 γενόμεναι
1504 1311 1678 1362 αὐτοῖς

259 1384 389 1447 μετὰ
416 1384 504 1433 τὸν
531 1384 758 1447 πόλεμον
786 1383 874 1433 τὸν
901 1385 951 1432 ἐν
978 1382 1206 1450 Σικελίᾳ.

331 1465 372 1506 4.
408 1457 654 1519 Ἀννίβας
690 1458 742 1506 δὲ
779 1458 881 1506 ὅσα
906 1458 998 1519 μὲν
1022 1459 1178 1510 αὐτὸς
1203 1459 1290 1506 καὶ
1317 1459 1364 1506 οἱ
1388 1459 1497 1519 μετ᾽
1523 1459 1679 1508 αὐτὸν

261 1534 417 1583 ἄλλοι
458 1533 830 1597 Καρχηδονίων
866 1554 921 1582 τε
957 1533 1045 1581 καὶ
1080 1532 1348 1595 Ῥωμαίων
1393 1536 1677 1597 στρατηγοὶ

260 1609 377 1672 περὶ
414 1607 646 1672 Ἰβηρίαν
684 1608 930 1672 ἔπραξαν,
955 1609 987 1669 ἡ
1024 1607 1262 1671 Ἰβηρικὴ
1299 1607 1475 1672 γραφὴ
1515 1607 1676 1669 δηλοῖ·

260 1684 625 1746 ἐπιλεξάμενος
665 1684 718 1732 δὲ
762 1682 1105 1743 Κελτιβήρων
1138 1703 1191 1731 τε
1228 1683 1314 1730 καὶ
1353 1683 1569 1741 Λιβύων
1594 1684 1677 1734 καὶ

261 1752 442 1817 ἑτέρων
491 1753 645 1800 ἐθνῶν
695 1752 772 1799 ὅτι
823 1750 1119 1807 πλείστους,
1158 1750 1246 1800 καὶ
1283 1750 1348 1798 τὰ
1392 1752 1443 1799 ἐν
1477 1750 1678 1817 Ἰβηρίᾳ

261 1820 525 1885 παραδοὺς
565 1820 868 1885 Ἀσδρούβᾳ
907 1823 977 1884 τῷ
1018 1819 1243 1883 ἀδελφῷ,
1294 1818 1358 1866 τὰ
1412 1821 1677 1882 Πυρηναῖα

261 1892 351 1954 ὄρη
381 1888 634 1949 διέβαινεν
677 1890 725 1939 ἐς
765 1888 856 1949 τὴν
888 1887 1148 1949 Κελτικὴν
1175 1887 1265 1949 τὴν
1291 1890 1377 1935 νῦν
1402 1887 1678 1949 λεγομένην

264 1959 548 2009 Γαλατίαν,
579 1959 716 2016 ἄγων
742 1957 923 2016 πεζοὺς
956 1954 1346 2020 ἐνακισμυρίους
1374 1955 1461 2003 καὶ
1487 1955 1675 2006 ἱππέας

263 2030 310 2079 ἐς
337 2026 627 2093 δισχιλίους
657 2026 741 2074 ἐπὶ
782 2025 977 2088 μυρίοις
1004 2025 1092 2072 καὶ
1119 2024 1408 2087 ἐλέφαντας
1436 2024 1568 2072 ἑπτὰ
1595 2025 1677 2070 καὶ

262 2095 555 2157 τριάκοντα.
620 2096 876 2142 Γαλατῶν
902 2092 953 2140 δὲ
992 2093 1107 2145 τοὺς
1135 2092 1224 2155 μὲν
1253 2092 1543 2150 ὠνούμενος,
1563 2093 1677 2144 τοὺς

262 2164 313 2212 δὲ
350 2162 558 2215 πείθων,
598 2163 714 2215 τοὺς
752 2161 801 2210 δὲ
851 2162 940 2210 καὶ
977 2160 1295 2221 βιαζόμενος,
1335 2160 1539 2210 διώδευε
1589 2160 1678 2221 τὴν

260 2232 455 2296 χώραν.
527 2231 692 2279 ἐλθὼν
729 2229 782 2279 δὲ
812 2230 896 2278 ἐπὶ
922 2229 987 2278 τὰ
1015 2230 1249 2278 Ἄλπεια
1285 2229 1393 2291 ὄρη,
1420 2229 1506 2277 καὶ
1531 2228 1677 2290 μηδε-

261 2300 382 2362 μίαν
420 2300 547 2361 μήτε
585 2299 751 2347 δίοδον
787 2299 915 2360 μήτε
954 2298 1132 2347 ἄνοδον
1167 2296 1325 2360 εὑρών
1350 2296 1676 2360 (ἀπόκρημνα

261 2370 361 2432 γάρ
388 2370 530 2416 ἐστιν
558 2369 826 2432 ἰσχυρῶς),
853 2367 1098 2419 ἐπέβαινε
1134 2364 1384 2417 κἀκείνοις
1424 2365 1524 2414 ὑπὸ
1561 2364 1676 2413 τόλ-

263 2461 350 2515 308
