1747 2693
157 248 259 278 CAP.

201 288 214 316 I

155 1269 256 1299 CAP.

187 1310 217 1337 II

334 114 629 152 APPIAN'S
678 114 911 153 ROMAN
965 113 1268 162 HISTORY,
1317 111 1495 153 BOOK
1545 111 1634 153 VII

277 254 388 295 μης,
418 235 733 281 κακοπαθῶν
761 250 931 297 χιονος
960 254 1015 281 τε
1046 238 1253 295 πολλῆς
1281 234 1437 293 οὔσης
1464 234 1551 281 καὶ
1577 246 1686 297 κρύ-

278 322 379 355 ους,
407 302 496 359 τὴν
535 301 624 359 μὲν
659 303 790 360 ὕλην
817 301 1008 360 τέμνων
1047 323 1100 350 τε
1136 302 1225 350 καὶ
1262 301 1575 358 κατακαίων,
1602 302 1692 363 τὴν

278 369 330 416 δὲ
357 369 551 433 τέφραν
577 369 795 428 σβεννὺς
823 369 971 418 ὕδατι
996 369 1082 418 καὶ
1116 371 1233 432 ὄξει,
1261 370 1348 418 καὶ
1383 369 1473 432 τὴν
1500 369 1693 435 πέτραν

278 439 331 484 ἐκ
372 438 518 486 τοῦδε
555 438 818 502 ψαφαρὰν
854 439 1155 499 γιγνομένην
1194 439 1415 502 σφύραις
1463 439 1692 503 σιδηραῖς

279 506 497 568 θραύων,
524 506 611 555 καὶ
650 506 764 554 ὁδὸν
801 510 962 554 ποιῶν
1001 507 1027 565 ἣ
1069 507 1154 555 καὶ
1193 510 1278 555 νῦν
1314 508 1456 554 ἐστιν
1483 508 1567 555 ἐπὶ
1593 511 1692 554 τῶν

279 573 407 637 ὀρῶν
434 573 671 637 ἐντριβὴς
696 574 784 623 καὶ
809 578 1050 623 καλεῖται
1076 573 1238 628 δίοδος
1263 573 1522 634 Ἀννίβου.
1595 577 1692 622 τῶν

279 642 330 690 δὲ
357 646 561 705 τροφῶν
599 642 756 691 αὐτὸν
793 643 1176 691 ἐπιλειπουσῶν
1213 644 1452 703 ἠπείγετο
1487 644 1592 702 μέν,
1619 644 1691 691 ἔτι

277 711 547 758 λανθάνων
608 711 690 758 ὅτι
747 711 835 759 καὶ
894 711 1147 775 πάρεστιν
1198 712 1244 763 ἐς
1294 711 1385 770 τὴν
1442 710 1691 768 Ἰταλίαν,

279 780 405 842 ἕκτῳ
447 779 498 826 δὲ
535 779 684 841 μόλις
725 779 827 827 ἀπὸ
868 784 956 839 τῆς
998 781 1053 842 ἐξ
1089 779 1307 842 Ἰβήρων
1357 779 1692 831 ἀναστάσεως

275 850 410 906 μηνί,
451 848 732 900 πλείστους
772 848 1082 904 ἀποβαλών,
1120 848 1168 900 ἐς
1206 848 1261 896 τὸ
1300 848 1474 897 πεδίον
1503 848 1557 896 ἐκ
1596 852 1695 897 τῶν

277 916 405 979 ὀρῶν
441 917 735 975 κατέβαινε.

967 1110 1012 1153 ΙΙ

346 1253 399 1298 5.
422 1249 524 1294 Καὶ
545 1248 725 1310 μικρὸν
744 1246 1054 1300 ἀναπαύσας
1072 1247 1380 1311 προσέβαλε
1403 1247 1691 1315 Ταυρασίᾳ,

274 1315 426 1363 πόλει
448 1318 693 1377 Κελτικῇ·
742 1317 872 1363 κατὰ
894 1317 1080 1377 κράτος
1099 1317 1151 1364 δὲ
1172 1317 1333 1377 αὐτὴν
1355 1317 1557 1377 ἐξελών,
1578 1319 1692 1368 τοὺς

273 1385 361 1442 μὲν
416 1385 788 1448 αἰχμαλώτους
839 1386 1064 1447 ἔσφαξεν
1119 1388 1166 1437 ἐς
1221 1388 1555 1445 κατάπληξιν
1607 1389 1693 1445 τῆς

276 1453 439 1511 ἄλλης
464 1455 736 1513 Κελτικῆς,
760 1454 843 1500 ἐπὶ
867 1455 918 1499 δὲ
940 1456 1174 1514 ποταμὸν
1196 1456 1466 1516 Ἠριδανὸν
1496 1457 1581 1500 τὸν
1608 1457 1691 1501 νῦν

275 1520 450 1568 Πάδον
464 1520 739 1581 λεγόμενον
759 1521 936 1575 ἐλθών,
950 1520 1070 1568 ἔνθα
1087 1520 1336 1582 Ῥωμαῖοι
1351 1526 1568 1573 Κελτοῖς
1588 1526 1691 1573 τοῖς

272 1590 608 1651 καλουμένοις
650 1592 816 1641 Βοιοῖς
856 1590 1158 1651 ἐπολέμουν,
1201 1590 1703 1653 ἐστρατοπέδευσεν.

274 1658 307 1704 ὁ
361 1657 398 1704 δ᾽
464 1659 659 1704 ὕπατος
725 1658 747 1704 ὁ
800 1658 1063 1705 Ῥωμαίων
1117 1659 1352 1708 Πόπλιος
1407 1659 1688 1722 Κορνήλιος

273 1724 517 1778 Σκιπίων,
552 1725 924 1791 Καρχηδονίοις
975 1728 1025 1775 ἐν
1064 1724 1272 1791 Ἰβηρίᾳ
1298 1731 1555 1786 πολεμῶν,
1584 1728 1691 1775 ἐπεὶ

272 1799 361 1856 τῆς
405 1795 636 1855 ἐσβολῆς
677 1794 918 1854 Ἀννίβου
963 1799 1050 1856 τῆς
1096 1796 1141 1848 ἐς
1183 1795 1273 1856 τὴν
1312 1795 1546 1843 Ἰταλίαν
1574 1795 1688 1842 ἐπύ-

273 1863 403 1913 θετο,
457 1864 543 1910 τὸν
594 1862 821 1927 ἀδελφὸν
869 1862 955 1911 καὶ
1016 1862 1098 1911 ὅδε
1162 1865 1343 1912 Γναῖον
1408 1865 1689 1927 Κορνήλιον

274 1927 539 1979 Σκιπίωνα
579 1931 662 1979 ἐπὶ
701 1935 804 1981 τοῖς
843 1931 893 1979 ἐν
929 1929 1133 1997 Ἰβηρίᾳ
1170 1935 1448 1991 πράγμασι
1475 1939 1688 1979 καταλι-

272 1999 384 2046 πὼν
412 1999 717 2047 διέπλευσεν
756 2001 803 2049 ἐς
839 1999 1141 2063 Τυρρηνίαν,
1171 2000 1283 2049 ὅθεν
1313 1999 1494 2047 ὁδεύων
1524 2023 1575 2048 τε
1603 2003 1686 2048 καὶ

273 2068 579 2130 συμμάχους
621 2068 771 2119 ὅσους
813 2068 1017 2116 δύναιτο
1058 2069 1274 2132 ἀγείρων
1327 2069 1554 2133 ἔφθασεν
1605 2070 1687 2117 ἐπὶ

273 2136 359 2183 τὸν
425 2136 599 2183 Πάδον
658 2136 922 2194 Ἀννίβαν.
999 2137 1085 2184 καὶ
1146 2138 1393 2185 Μάλλιον
1454 2138 1542 2195 μὲν
1601 2138 1688 2185 καὶ

273 2204 517 2261 Ἀτίλιον,
572 2205 619 2251 οἳ
669 2209 771 2257 τοῖς
826 2207 992 2258 Βοιοῖς
1041 2205 1343 2264 ἐπολέμουν,
1395 2206 1442 2257 ἐς
1492 2204 1689 2266 Ῥώμην

273 2273 510 2335 ἔπεμψεν
537 2275 600 2325 ὡς
623 2273 679 2320 οὐ
708 2273 816 2320 δέον
844 2274 1028 2325 αὐτοὺς
1052 2274 1125 2321 ἔτι
1153 2278 1441 2337 στρατηγεῖ
1490 2275 1686 2322 ὑπάτου

273 2342 543 2398 παρόντος,
589 2342 742 2394 αὐτὸς
782 2342 835 2390 δὲ
875 2341 961 2390 τὸν
1005 2342 1229 2407 στρατὸν
1269 2343 1603 2407 παραλαβὼν
1641 2343 1685 2396 ἐς

274 2445 361 2487 310
