1747 2693
167 260 269 295 CAP.

199 300 230 327 II

344 124 639 164 APPIAN'S
692 125 922 165 ROMAN
975 125 1282 176 HISTORY,
1330 127 1507 167 BOOK
1560 127 1645 166 VII

287 247 461 308 μάχην
501 246 755 308 ἐξέτασσε
794 246 920 309 πρὸς
970 246 1232 306 Ἀννίβαν.
1306 251 1392 297 καὶ
1442 253 1704 308 γενομένης

288 317 610 385 ἀκροβολίας
648 343 702 370 τε
738 322 826 370 καὶ
864 322 1213 385 ἱππομαχίας,
1255 323 1300 369 οἱ
1336 323 1579 383 Ῥωμαῖοι
1623 344 1706 371 κυ-

287 396 568 446 κλωθέντες
597 396 694 444 ὑπὸ
725 400 823 444 τῶν
851 396 1063 457 Λιβύων
1088 397 1303 460 ἔφευγον
1331 398 1377 447 ἐς
1406 397 1462 445 τὸ
1491 397 1703 460 στρατό-

288 469 457 524 πεδον,
508 470 596 517 καὶ
646 470 825 523 νυκτὸς
876 471 1230 532 ἐπιγενομένης
1280 472 1327 523 ἐς
1378 472 1707 520 Πλακεντίαν

288 544 579 607 ἀνεχώρουν
629 546 887 608 ἀσφαλῶς
937 547 1338 610 τετειχισμένην,
1390 548 1477 594 τὸν
1534 548 1708 596 Πάδον

288 619 373 666 ἐπὶ
421 623 657 683 γεφυρῶν
706 620 1028 684 περάσαντές
1078 642 1131 669 τε
1181 619 1266 669 καὶ
1315 619 1571 675 λύσαντες
1621 622 1707 675 τὰς

289 695 531 757 γεφύρας.
606 695 694 743 τὸν
734 696 824 756 μὲν
866 696 951 744 οὖν
996 696 1233 753 ποταμὸν
1272 697 1359 743 καὶ
1396 697 1418 744 ὁ
1465 697 1705 750 Ἀννίβας

291 769 465 830 ζεύξας
491 769 665 831 ἐπέρα,
705 772 781 831 (6)
809 770 865 820 τὸ
895 771 935 818 δ᾽
957 769 1105 831 ἔργον
1131 769 1277 822 εὐθὺς
1305 769 1431 825 τόδε,
1455 775 1658 832 πρῶτον
1679 773 1705 832 ἢ

288 842 520 908 δεύτερον
564 845 647 893 ἐπὶ
700 849 760 908 τῇ
813 849 911 894 τῶν
962 845 1221 894 Ἀλπείων
1272 846 1399 909 ὀρῶν
1448 846 1706 905 διαβάσει,

288 918 433 982 παρὰ
472 924 577 972 τοῖς
617 920 854 968 ἐπέκεινα
892 923 1110 972 Κελτοῖς
1151 921 1296 983 ἐξῇρε
1338 921 1424 967 τὸν
1464 921 1707 972 Ἀννίβαν

289 996 352 1042 ὡς
381 995 585 1059 ἄμαχον
603 996 901 1059 στρατηγὸν
923 996 1008 1043 καὶ
1035 996 1167 1059 τύχῃ
1190 997 1410 1059 λαμπρᾷ
1431 996 1708 1058 χρώμενον.

287 1067 310 1114 ὁ
340 1068 407 1119 δέ,
436 1071 499 1121 ὡς
528 1070 577 1118 ἐν
602 1071 897 1128 βαρβάροις
925 1092 978 1118 τε
1004 1070 1090 1119 καὶ
1116 1071 1396 1129 τεθηπόσιν
1422 1072 1593 1127 αὐτόν,
1621 1072 1702 1118 καὶ

287 1143 346 1189 δι᾽
377 1144 530 1206 ἄμφω
577 1144 868 1206 δυναμένοις
911 1145 1241 1200 ἀπατᾶσθαι,
1271 1145 1362 1205 τὴν
1397 1145 1594 1206 ἐσθῆτα
1620 1148 1704 1192 καὶ

287 1217 380 1279 τὴν
409 1219 569 1280 κόμην
604 1220 867 1281 ἐνήλασσε
902 1224 1131 1283 συνεχῶς
1159 1221 1386 1268 ἐσκευασ
1389 1221 1563 1281 μέναις
1601 1221 1707 1268 ἐπι-

288 1292 461 1344 νοίαις·
516 1294 603 1343 καὶ
644 1294 802 1344 αὐτὸν
844 1294 893 1342 οἱ
933 1295 1127 1344 Κελτοὶ
1161 1296 1427 1356 περιιόντα
1478 1296 1541 1343 τὰ
1591 1296 1704 1356 ἔθνη

286 1369 593 1432 πρεσβύτην
632 1369 858 1433 ὁρῶντες,
898 1369 1009 1418 εἶτα
1051 1369 1172 1424 νέον,
1201 1369 1311 1416 εἶτα
1346 1369 1706 1430 μεσαιπόλιον,

285 1444 371 1490 καὶ
401 1448 632 1509 συνεχῶς
660 1445 828 1508 ἕτερον
850 1445 905 1506 ἐξ
931 1444 1118 1506 ἑτέρου,
1139 1444 1480 1504 θαυμάζοντες
1502 1444 1705 1494 ἐδόκουν

285 1519 542 1583 θειοτέρας
569 1521 771 1583 φύσεως
795 1524 999 1584 λαχεῖν.

355 1594 681 1657 Σεμπρώνιος
709 1594 748 1642 δ᾽
776 1594 799 1641 ὁ
829 1595 996 1657 ἕτερος
1033 1596 1243 1650 ὕπατος,
1273 1595 1323 1642 ἐν
1352 1592 1565 1663 Σικελίᾳ
1594 1596 1705 1644 τότε

288 1669 356 1718 ὢν
380 1669 465 1717 καὶ
491 1669 791 1733 πυθόμενος,
823 1669 1095 1718 διέπλευσε
1134 1670 1262 1733 πρὸς
1299 1670 1386 1718 τὸν
1424 1670 1702 1727 Σκιπίωνα,

288 1738 375 1785 καὶ
401 1740 799 1802 τεσσαράκοντα
827 1738 1067 1791 σταδίους
1088 1739 1246 1787 αὐτοῦ
1268 1738 1502 1803 διασχὼν
1523 1741 1703 1804 ἐστρα-

288 1807 610 1856 τοπέδευσεν.
685 1807 771 1855 καὶ
812 1812 901 1868 τῆς
941 1808 1187 1868 ἐπιούσης
1224 1807 1444 1866 ἔμελλον
1481 1807 1702 1862 ἅπαντες

288 1876 334 1925 ἐς
359 1876 535 1938 μάχην
562 1876 716 1939 ἥξειν.
791 1876 1023 1938 ποταμὸς
1051 1876 1092 1924 δ᾽
1121 1877 1182 1936 ἦν
1209 1877 1259 1925 ἐν
1295 1875 1435 1939 μέσῳ
1466 1877 1685 1938 Τρεβίας,

287 1944 341 1992 ὃν
380 1943 624 2006 Ῥωμαῖοι
667 1944 766 2008 πρὸ
820 1946 899 2001 ἕω,
950 1943 1211 2008 χειμερίου
1269 1966 1322 1992 τε
1373 1949 1461 2007 τῆς
1510 1952 1701 2009 τροπῆς

286 2013 443 2073 οὔσης
485 2013 572 2062 καὶ
615 2014 759 2060 ὑετοῦ
795 2014 881 2062 καὶ
921 2013 1119 2076 κρύους,
1159 2013 1352 2077 ἐπέρων
1391 2013 1696 2078 βρεχόμενοι

284 2082 437 2144 μέχρι
466 2085 565 2130 τῶν
590 2086 817 2145 μαστῶν.
889 2082 1132 2141 Ἀννίβας
1174 2082 1225 2130 δὲ
1265 2082 1349 2129 καὶ
1389 2082 1436 2134 ἐς
1465 2082 1700 2145 δευτέραν

286 2151 420 2213 ὥραν
448 2151 711 2198 ἀνέπαυσε
739 2151 831 2213 τὴν
857 2151 1123 2213 στρατιάν,
1152 2151 1234 2198 καὶ
1264 2149 1380 2199 τότε
1405 2152 1596 2213 ἐξῆγεν.

357 2223 403 2274 7.
443 2221 744 2283 Παράταξις
797 2219 836 2268 δ᾽
885 2220 946 2280 δ᾽
998 2219 1365 2283 ἑκατέρων...
1396 2221 1458 2266 τὰ
1510 2219 1692 2284 κέρατα

285 2291 543 2352 κατεῖχον,
565 2290 694 2352 ἀμφὶ
715 2290 805 2349 τὴν
833 2290 1087 2351 φάλαγγα
1108 2291 1208 2336 τῶν
1226 2291 1408 2348 πεζῶν.
1454 2287 1694 2348 Ἀννίβας

285 2355 336 2403 δὲ
380 2360 484 2408 τοῖς
527 2355 618 2419 μὲν
656 2356 908 2405 ἱππεῦσιν
949 2355 1195 2418 ἀντέταξε
1239 2357 1355 2408 τοὺς
1393 2355 1692 2422 ἐλέφαντας,

286 2461 371 2503 312
