1747 2693
152 270 252 300 CAP.

184 310 216 338 II

331 133 624 174 APPIAN'S
676 133 910 174 ROMAN
960 134 1267 185 HISTORY,
1315 135 1493 177 BOOK
1543 136 1632 176 VII

275 260 336 318 τῇ
377 255 428 304 δὲ
468 256 707 316 φάλαγγι
745 255 860 306 τοὺς
899 255 1094 314 πεζούς·
1136 256 1251 306 τοὺς
1291 256 1343 303 δὲ
1368 256 1557 307 ἱππέας
1585 256 1686 304 ἐκέ-

273 331 460 372 λευσεν
495 323 664 371 ὀπίσω
694 326 791 370 τῶν
819 323 1115 387 ἐλεφάντων
1142 323 1379 383 ἀτρεμεῖν
1405 325 1494 376 ἕως
1534 323 1685 378 αὐτός

276 413 325 439 τι
370 391 588 453 σημήνῃ.
681 390 961 453 γενομένων
1013 390 1051 439 δ᾽
1095 393 1146 440 ἐν
1181 393 1337 456 χερσὶ
1375 393 1601 448 πάντων,
1641 393 1685 441 οἱ

274 460 362 522 μὲν
390 458 656 521 Ῥωμαίων
685 459 836 508 ἵπποι
870 459 987 510 τοὺς
1025 460 1327 524 ἐλέφαντας,
1356 462 1414 509 οὐ
1449 462 1685 525 φέροντες

277 529 443 577 αὐτῶν
471 529 586 577 οὔτε
613 529 706 588 τὴν
743 529 872 591 ὄψιν
909 528 1024 576 οὔτε
1065 528 1155 590 τὴν
1182 528 1354 590 ὀδμήν,
1382 529 1612 591 ἔφευγον·
1643 529 1687 575 οἱ

276 597 326 644 δὲ
354 597 514 656 πεζοί,
542 597 727 657 καίπερ
758 595 856 644 ὑπὸ
884 599 974 644 τοῦ
1001 597 1181 657 κρύους
1220 599 1306 645 καὶ
1333 601 1423 645 τοῦ
1450 602 1686 657 ποταμοῦ

276 667 359 711 καὶ
413 670 502 726 τῆς
552 664 835 726 ἀγρυπνίας
886 666 1180 726 τετρυμένοι
1229 687 1284 712 τε
1333 667 1420 712 καὶ
1458 667 1682 726 μαλακοὶ

277 735 431 788 ὄντες,
478 734 609 792 ὅμως
655 733 754 780 ὑπὸ
797 732 991 793 τόλμης
1031 738 1137 785 τοῖς
1177 733 1365 795 θηρίοις
1417 733 1686 795 ἐπεπήδων

278 801 362 846 καὶ
404 804 716 864 ἐτίτρωσκον
766 801 915 857 αὐτά,
956 801 1041 850 καὶ
1091 805 1240 849 τινῶν
1290 801 1374 850 καὶ
1423 801 1487 849 τὰ
1537 807 1680 864 νεῦρα

278 869 593 930 ὑπέκοπτον,
608 870 692 917 καὶ
713 869 827 922 τοὺς
851 869 1031 928 πεζοὺς
1057 870 1314 919 ἐνέκλινον
1338 870 1447 929 ἤδη.
1500 871 1684 917 θεασά-

276 960 420 996 μενος
445 937 482 986 δ᾽
495 936 526 1006 ὁ
548 936 793 997 Ἀννίβας
817 938 1038 1000 ἐσήμηνε
1061 937 1151 1000 τὴν
1177 937 1334 986 ἵππον
1362 940 1684 985 κυκλοῦσθαι

278 1007 394 1057 τοὺς
456 1005 750 1069 πολεμίους.
858 1006 1248 1068 ἐσκεδασμένων
1310 1005 1347 1055 δ᾽
1410 1006 1526 1071 ἄρτι
1587 1011 1685 1055 τῶν

277 1076 577 1138 Ῥωμαϊκῶν
622 1075 822 1124 ἱππέων
868 1074 948 1122 διὰ
988 1074 1052 1122 τὰ
1090 1075 1240 1136 θηρία
1271 1077 1356 1124 καὶ
1396 1078 1495 1123 τῶν
1522 1078 1685 1135 πεζῶν

277 1142 444 1202 μόνων
472 1165 524 1190 τε
552 1144 710 1191 ὄντων
750 1142 834 1191 καὶ
862 1144 1299 1191 κακοπαθούντων
1340 1144 1424 1191 καὶ
1453 1142 1685 1190 δεδιότων

278 1212 370 1274 τὴν
420 1212 824 1274 περικύκλωσιν,
877 1212 1013 1273 φυγὴ
1055 1211 1388 1276 πανταχόθεν
1426 1213 1484 1273 ἦν
1535 1213 1583 1263 ἐς
1624 1212 1684 1260 τὰ

278 1282 627 1343 στρατόπεδα.
724 1282 809 1329 καὶ
852 1282 1166 1328 ἀπώλλυντο
1210 1281 1255 1327 οἱ
1301 1281 1390 1342 μὲν
1435 1280 1532 1328 ὑπὸ
1589 1284 1686 1327 τῶν

280 1348 479 1395 ἱππέων
542 1349 1063 1409 καταλαμβανόντων
1127 1348 1216 1397 ἅτε
1280 1348 1478 1409 πεζούς,
1531 1349 1575 1395 οἱ
1637 1348 1686 1397 δὲ

279 1416 377 1464 ὑπὸ
419 1421 509 1465 τοῦ
549 1420 787 1478 ποταμοῦ
825 1416 1229 1478 παραφέροντος·
1270 1421 1361 1465 τοῦ
1403 1416 1501 1477 γὰρ
1539 1416 1686 1478 ἡλίου

277 1485 368 1547 τὴν
408 1484 560 1551 χιόνα
595 1485 842 1547 τήξαντος
884 1485 906 1532 ὁ
945 1486 1176 1546 ποταμὸς
1214 1486 1364 1547 ἐρρύη
1401 1487 1574 1546 μέγας,
1602 1487 1686 1532 καὶ

280 1555 394 1602 οὔτε
421 1559 602 1615 στῆναι
636 1553 718 1601 διὰ
760 1554 816 1600 τὸ
857 1555 1021 1606 βάθος
1063 1555 1176 1601 οὔτε
1215 1559 1318 1603 νεῖν
1345 1556 1428 1601 διὰ
1455 1557 1518 1601 τὰ
1545 1557 1686 1602 ὅπλα

280 1623 535 1671 ἐδύναντο.
609 1620 840 1671 Σκιπίων
868 1621 919 1670 δὲ
947 1625 1118 1674 αὐτοῖς
1148 1623 1389 1684 ἑπόμενος
1410 1623 1497 1670 καὶ
1523 1644 1695 1685 παρα-

280 1695 454 1739 καλῶν
493 1690 673 1754 ὀλίγου
715 1691 805 1754 μὲν
851 1690 1027 1751 ἐδέησε
1068 1691 1276 1751 τρωθεὶς
1326 1691 1685 1754 διαφθαρῆναι,

277 1759 427 1819 μόλις
456 1760 493 1807 δ᾽
521 1761 569 1812 ἐς
598 1761 850 1821 Κρεμῶνα
879 1759 1098 1820 διεσώθη
1129 1759 1417 1822 φερόμενος.
1470 1758 1687 1808 ἐπίνειον

281 1829 329 1875 δὲ
368 1829 429 1887 ἦν
482 1849 529 1876 τι
578 1827 758 1892 βραχὺ
809 1829 1155 1883 Πλακεντίας,
1200 1829 1237 1893 ᾧ
1287 1827 1614 1888 προσβαλὼν
1665 1827 1686 1875 ὁ

279 1897 522 1956 Ἀννίβας
548 1897 794 1944 ἀπώλεσε
820 1897 1182 1957 τετρακοσίους
1203 1898 1286 1944 καὶ
1307 1894 1458 1947 αὐτὸς
1475 1895 1685 1959 ἐτρώθη.

279 1967 363 2012 καὶ
393 1964 497 2012 ἀπὸ
525 1964 671 2013 τοῦδε
710 1965 898 2015 πάντες
937 1963 1225 2030 ἐχείμαζον,
1254 1962 1486 2014 Σκιπίων
1511 1965 1601 2023 μὲν
1639 1965 1687 2011 ἐν

282 2036 515 2095 Κρεμῶνι
542 2034 629 2081 καὶ
658 2031 972 2099 Πλακεντίᾳ,
1002 2032 1246 2093 Αννίβας
1274 2032 1324 2081 δὲ
1351 2033 1469 2096 περὶ
1496 2032 1686 2079 Πάδον.

349 2108 393 2148 8.
434 2101 503 2148 Οἱ
556 2101 593 2148 δ᾽
647 2102 697 2149 ἐν
754 2101 900 2149 ἄστει
950 2101 1198 2160 Ῥωμαῖοι
1260 2100 1552 2160 πυθόμενοι,
1603 2102 1684 2148 καὶ

277 2169 447 2233 τρίτον
473 2169 568 2230 ἤδη
594 2171 866 2221 πταίοντες
894 2169 1011 2231 περὶ
1039 2170 1213 2218 Πάδον
1240 2170 1481 2230 (ἥττηντο
1503 2169 1602 2231 γὰρ
1629 2169 1684 2228 δὴ

279 2239 362 2286 καὶ
394 2239 493 2286 ὑπὸ
534 2241 697 2287 Βοιῶν
739 2237 839 2302 πρὸ
872 2237 1159 2300 Ἀννίβου),
1188 2238 1441 2299 στρατιάν
1475 2259 1528 2284 τε
1568 2237 1687 2297 παρ᾽

278 2308 446 2353 αὑτῶν
487 2306 656 2367 ἄλλην
692 2306 990 2367 κατέλεγον,
1020 2306 1115 2354 σὺν
1157 2311 1262 2358 τοῖς
1304 2306 1420 2353 οὖσι
1448 2305 1562 2367 περὶ
1602 2305 1686 2352 τὸν

279 2377 454 2424 Πάδον
517 2377 580 2428 ὡς
637 2374 763 2423 εἶναι
824 2374 1161 2435 τρισκαίδεκα
1233 2375 1374 2432 τέλη,
1438 2376 1524 2422 καὶ
1583 2378 1685 2425 τοῖς

277 2479 367 2519 314
