1747 2693
153 248 250 283 CAP.

186 288 217 315 II

331 112 624 153 APPIAN'S
678 112 907 153 ROMAN
964 112 1269 163 HISTORY,
1316 112 1492 153 BOOK
1538 110 1627 151 VII

273 234 568 298 συμμάχοις
597 233 770 297 ἑτέραν
793 234 1108 281 διπλασίονα
1130 233 1319 293 ταύτης
1342 233 1692 295 ἐπήγγελλον.

273 303 365 362 ἤδη
386 303 438 350 δὲ
460 303 633 355 αὐτοῖς
651 303 707 349 τὸ
725 303 871 353 τέλος
893 303 1000 364 εἶχε
1023 302 1204 362 πεζοὺς
1224 301 1682 367 πεντακισχιλίους

272 373 357 418 καὶ
388 371 578 420 ἱππέας
616 370 957 434 τριακοσίους.
1023 370 1108 419 καὶ
1134 370 1329 418 τούτων
1361 371 1476 423 τοὺς
1512 371 1603 431 μὲν
1639 371 1683 421 ἐς

269 439 503 501 Ἰβηρίαν
521 440 764 498 ἔπεμπον,
777 439 892 490 τοὺς
911 439 948 486 δ᾽
963 440 1010 490 ἐς
1029 439 1260 500 Σαρδόνα
1279 439 1516 499 κἀκείνην
1531 445 1683 487 πολε-

271 509 538 567 μουμένην,
568 507 683 559 τοὺς
712 507 749 555 δ᾽
779 509 826 559 ἐς
848 507 1103 556 Σικελίαν.
1180 507 1243 555 τὰ
1269 507 1467 554 πλέονα
1494 507 1534 554 δ᾽
1560 507 1683 570 ἦγον

272 578 357 624 ἐπὶ
374 578 462 623 τὸν
486 577 734 633 Ἀννίβαν
756 577 802 622 οἱ
818 576 946 634 μετὰ
966 576 1231 624 Σκιπίωνα
1253 576 1336 623 καὶ
1357 574 1682 638 Σεμπρώνιον

273 644 555 706 αἱρεθέντες
618 646 820 699 ὕπατοι,
885 642 1182 705 Σερουίλιός
1243 664 1296 691 τε
1360 646 1536 694 Γναῖος
1599 645 1694 694 καὶ

274 714 425 762 Γάιος
466 714 769 774 Φλαμίνιος.
843 712 910 760 ὧν
949 710 972 759 ὁ
1009 711 1099 774 μὲν
1144 710 1436 774 Σερουίλιος
1475 712 1560 760 ἐπὶ
1598 714 1683 759 τὸν

275 783 450 830 Πάδον
479 783 739 846 ἐπειχθεὶς
766 781 858 841 τὴν
886 782 1209 841 στρατηγίαν
1249 782 1514 845 ἐκδέχεται
1541 782 1683 845 παρὰ

272 854 363 897 τοῦ
390 850 675 901 Σκιπίωνος
714 849 760 911 (ὁ
803 850 854 897 δὲ
894 847 1123 899 Σκιπίων
1151 848 1445 899 ἀνθύπατος
1473 849 1683 913 αἱρεθεὶς

272 921 319 968 ἐς
346 917 583 978 Ἰβηρίαν
611 919 924 979 διέπλευσε),
955 916 1238 979 Φλαμίνιος
1279 917 1329 965 δὲ
1366 916 1680 980 τρισμυρίοις

272 1008 326 1033 τε
387 990 555 1049 πεζοῖς
614 990 698 1036 καὶ
761 988 1077 1049 τρισχιλίοις
1124 988 1341 1034 ἱππεῦσι
1407 985 1498 1047 τὴν
1546 985 1683 1038 ἐντὸς

271 1055 585 1103 Ἀπεννίνων
636 1056 764 1119 ὀρῶν
812 1054 1045 1103 Ἰταλίαν
1106 1054 1424 1114 ἐφύλασσεν,
1475 1056 1537 1114 ἣν
1598 1056 1680 1099 καὶ

270 1124 428 1185 μόνην
480 1125 540 1173 ἄν
599 1146 673 1175 τις
727 1124 860 1172 εἴποι
912 1123 1096 1186 κυρίως
1145 1121 1391 1171 Ἰταλίαν.
1467 1124 1531 1170 τὰ
1583 1122 1677 1185 γὰρ

274 1193 550 1241 Ἀπεννῖνα
576 1193 884 1257 κατέρχεται
906 1192 996 1251 μὲν
1019 1193 1074 1238 ἐκ
1094 1193 1267 1254 μέσων
1296 1194 1394 1238 τῶν
1421 1191 1681 1238 Ἀλπείων

272 1263 357 1310 ἐπὶ
399 1263 697 1312 θάλασσαν,
739 1261 851 1308 ἔστι
896 1260 934 1307 δ᾽
978 1261 1146 1308 αὐτῶν
1186 1260 1249 1306 τὰ
1289 1260 1379 1319 μὲν
1419 1261 1505 1309 ἐπὶ
1545 1260 1681 1323 δεξιὰ

271 1331 444 1378 πάντα
481 1332 718 1394 καθαρῶς
741 1330 963 1384 Ἰταλία,
991 1329 1053 1376 τὰ
1080 1329 1128 1376 δὲ
1158 1328 1243 1377 ἐπὶ
1284 1328 1472 1392 θάτερα
1512 1330 1561 1381 ἐς
1597 1328 1681 1377 τὸν

273 1398 448 1448 Ἰόνιον
475 1399 739 1463 φθάνοντα
780 1402 866 1446 νῦν
892 1396 983 1460 μέν
1008 1398 1121 1444 ἐστι
1149 1396 1234 1444 καὶ
1260 1400 1425 1446 ταῦτα
1462 1397 1680 1451 Ἰταλία,

273 1467 351 1516 ὅτι
391 1468 479 1515 καὶ
519 1467 774 1532 Τυρρηνία
819 1470 907 1515 νῦν
942 1466 1159 1521 Ἰταλία,
1197 1466 1397 1513 οἰκοῦσι
1437 1466 1476 1512 δ᾽
1516 1466 1683 1513 αὐτῶν

272 1536 336 1584 τὰ
375 1536 466 1598 μὲν
481 1536 757 1597 Ἕλληνες,
802 1534 934 1598 ἀμφὶ
975 1534 1066 1594 τὴν
1107 1533 1284 1583 Ἰόνιον
1324 1534 1502 1592 ἀκτήν,
1531 1535 1595 1582 τὰ
1632 1535 1680 1581 δὲ

272 1604 433 1653 λοιπὰ
480 1604 690 1658 Κελτοί,
732 1604 848 1652 ὅσοι
874 1607 934 1666 τῇ
960 1602 1131 1665 Ῥώμῃ
1173 1602 1229 1649 τὸ
1270 1606 1474 1666 πρῶτον
1515 1602 1681 1650 ἐπιθέ-

270 1696 410 1735 μενοι
462 1673 553 1734 τὴν
601 1673 757 1722 πόλιν
806 1673 1111 1735 ἐνέπρησαν.
1209 1672 1293 1718 ὅτε
1338 1671 1437 1735 γὰρ
1500 1671 1682 1721 αὐτοὺς

271 1744 558 1804 ἐξελαύνων
586 1743 857 1804 Κάμιλλος
874 1738 1046 1788 ἐδίωκε
1071 1740 1224 1804 μέχρι
1257 1743 1355 1787 τῶν
1369 1738 1683 1787 Ἀπεννίνων

272 1811 417 1877 ὀρῶν,
445 1811 554 1871 ἐμοὶ
595 1809 834 1858 δοκοῦσιν
874 1809 1192 1870 ὑπερβάντες
1233 1809 1381 1863 αὐτά,
1409 1808 1522 1856 ἀντὶ
1547 1808 1681 1870 ἠθῶν

272 1884 372 1927 τῶν
398 1880 553 1932 ἰδίων,
580 1879 722 1941 παρὰ
751 1879 838 1926 τὸν
865 1879 1041 1925 Ἰόνιον
1069 1878 1290 1936 οἰκῆσαι·
1318 1877 1404 1925 καὶ
1442 1876 1499 1925 τὸ
1536 1878 1681 1938 μέρος

271 1953 361 2008 τῆς
422 1952 594 2012 χώρας
657 1951 730 1995 ἔτι
794 1951 880 1995 νῦν
942 1949 1072 1993 οὕτω
1136 1949 1405 2000 καλοῦσιν,
1453 1944 1680 1993 Ἰταλίαν

272 2017 586 2076 Γαλατικήν.

340 2091 382 2133 9.
421 2086 667 2146 Ῥωμαῖοι
685 2084 774 2146 μὲν
796 2083 856 2145 δὴ
882 2083 1126 2145 μεγάλοις
1155 2085 1403 2145 στρατοῖς
1430 2083 1477 2132 ἐς
1502 2083 1678 2129 πολλὰ

269 2153 394 2216 ὁμοῦ
437 2153 690 2216 διῄρηντο·
744 2152 988 2209 Ἀννίβας
1034 2151 1085 2197 δὲ
1126 2149 1320 2199 τούτων
1360 2149 1677 2214 αἰσθόμενος,

267 2224 373 2283 ἅμα
413 2227 483 2285 τῷ
520 2223 621 2285 ἦρι,
649 2222 765 2273 τοὺς
804 2222 997 2272 ἄλλους
1036 2220 1213 2267 λαθὼν
1250 2219 1397 2283 ἐδῄου
1436 2218 1527 2280 τὴν
1553 2220 1676 2284 Τυρ-

264 2290 444 2352 ρηνίαν
481 2291 567 2339 καὶ
602 2289 918 2352 προύβαινεν
943 2289 990 2340 ἐς
1017 2288 1075 2337 τὸ
1098 2288 1247 2349 μέρος
1274 2287 1331 2336 τὸ
1358 2287 1441 2335 ἐπὶ
1466 2286 1677 2347 Ῥώμης.

266 2359 313 2406 οἱ
368 2359 419 2406 δὲ
479 2359 864 2417 πλησιάζοντος
926 2358 1084 2405 αὐτοῦ
1143 2356 1281 2404 πάνυ
1341 2356 1559 2412 ἔδεισαν,
1621 2357 1675 2403 οὐ

268 2452 353 2504 316
