1747 2693
149 227 250 262 CAP.

187 267 219 294 II

330 93 621 133 APPIAN'S
671 93 907 134 ROMAN
958 94 1265 147 HISTORY,
1311 95 1489 138 BOOK
1537 96 1626 138 VII

264 214 537 278 παρούσης
583 215 768 280 σφίσιν
812 216 1104 281 ἀξιομάχου
1145 217 1415 280 δυνάμεως.
1503 219 1683 282 ἐστρά-

269 311 413 336 τευον
441 289 492 336 δὲ
519 289 651 353 ὅμως
679 290 733 337 ἐκ
760 293 859 339 τῶν
899 290 1201 339 ὑπολοίπων
1240 291 1685 356 ὀκτακισχιλίους,

268 365 354 412 καὶ
385 365 660 427 Κεντήνιον
689 366 863 417 αὐτοῖς
892 365 1004 413 τινὰ
1032 369 1132 414 τῶν
1161 368 1424 428 ἐπιφανῶν
1456 367 1684 424 ἰδιωτῶν,

270 440 501 502 οὐδεμιᾶς
562 442 729 504 ἀρχῆς
778 444 1064 504 παρούσης,
1127 445 1426 503 ἐπέστησάν
1487 465 1540 492 τε
1600 447 1683 492 καὶ

268 517 557 578 ἐξέπεμπον
617 517 665 567 ἐς
724 515 1045 578 Ὀμβρικοὺς
1107 518 1154 567 ἐς
1216 519 1307 577 τὴν
1369 519 1686 579 Πλειστινην

268 589 470 652 λίμνην,
500 589 565 638 τὰ
592 590 747 638 στενὰ
785 591 1208 652 προληψόμενον,
1237 591 1264 652 ᾗ
1293 594 1686 652 συντομώτατόν

270 665 413 712 ἐστιν
440 663 525 713 ἐπὶ
552 663 643 727 τὴν
668 663 884 727 Ῥώμην.
941 666 992 714 ἐν
1019 666 1070 714 δὲ
1097 667 1260 730 τούτῳ
1287 668 1371 715 καὶ
1403 669 1687 731 Φλαμίνιος

270 739 293 786 ὁ
334 742 437 790 τοῖς
475 739 795 803 τρισμυρίοις
832 740 924 801 τὴν
952 740 1092 793 ἐντὸς
1119 739 1353 791 Ἰταλίαν
1379 744 1686 807 φυλάσσων,

269 815 574 876 αἰσθόμενος
636 820 725 876 τῆς
787 815 1017 877 σπουδῆς
1077 815 1338 875 Ἀννίβου,
1389 820 1687 878 μετέβαινεν

270 890 438 951 ὀξέως,
468 891 525 937 οὐ
554 890 889 939 διαναπαύων
918 891 1008 952 τὴν
1037 892 1305 954 στρατιάν.
1369 891 1465 941 δέει
1494 915 1548 943 τε
1572 896 1682 957 περὶ

268 970 357 1027 τῆς
384 964 599 1020 πόλεως,
620 966 707 1013 καὶ
733 966 887 1018 αὐτὸς
917 967 982 1014 ὢν
1009 968 1421 1028 ἀπειροπόλεμός
1448 990 1503 1016 τε
1529 971 1614 1018 καὶ
1642 971 1687 1021 ἐς

269 1040 360 1102 τὴν
412 1040 577 1104 ἀρχὴν
618 1041 724 1090 ἀπὸ
765 1041 1083 1104 δημοκοπίας
1135 1042 1397 1104 ᾑρημένος,
1448 1043 1685 1106 ἠπείγετο

267 1113 487 1181 Ἀννίβᾳ
514 1120 896 1177 συμπλεκῆναι.

345 1196 419 1239 10.
457 1190 518 1237 Ὁ
565 1191 614 1239 δὲ
657 1191 960 1255 αἰσθόμενος
1001 1193 1160 1239 αὐτοῦ
1200 1197 1288 1254 τῆς
1317 1213 1370 1241 τε
1410 1194 1565 1256 ὁρμῆς
1603 1196 1688 1243 καὶ

271 1264 522 1329 ἀπειρίας,
552 1266 664 1329 ὄρος
690 1264 781 1329 μέν
819 1287 868 1314 τι
903 1265 987 1314 καὶ
1013 1264 1197 1329 λίμνην
1225 1269 1561 1332 προυβάλετο
1588 1270 1688 1333 πρὸ

270 1341 471 1393 ἑαυτοῦ,
498 1340 694 1405 ψιλοὺς
740 1340 791 1388 δὲ
830 1341 919 1389 καὶ
958 1342 1150 1393 ἱππέας
1189 1344 1236 1393 ἐς
1272 1345 1525 1404 φάραγγα
1562 1346 1687 1393 ἀπο-

269 1415 480 1479 κρύψας
507 1415 960 1479 ἐστρατοπέδευεν.
1035 1416 1123 1465 καὶ
1149 1416 1308 1466 αὐτὸν
1348 1416 1369 1466 ὁ
1405 1419 1686 1482 Φλαμίνιος

270 1490 493 1539 κατιδὼν
544 1491 646 1554 ἅμα
695 1492 754 1554 ἕῳ
803 1490 1023 1554 σμικρὸν
1070 1492 1160 1554 μέν
1210 1513 1259 1540 τι
1310 1493 1562 1557 διέτριψε,
1603 1494 1687 1544 τὸν

271 1566 494 1630 στρατὸν
517 1566 797 1614 ἀναπαύων
814 1567 870 1629 ἐξ
887 1565 1178 1631 ὁδοιπορίας
1202 1567 1288 1616 καὶ
1310 1570 1686 1632 χαρακοποιού-

267 1662 427 1701 μενος,
453 1641 583 1702 μετὰ
623 1642 673 1689 δὲ
713 1645 863 1690 τοῦτο
903 1643 1081 1704 ἐξῆγεν
1110 1644 1256 1693 εὐθὺς
1283 1645 1368 1691 ἐπὶ
1397 1646 1488 1703 τὴν
1514 1646 1687 1711 μάχην

268 1717 421 1764 αὔους
465 1717 614 1766 ὄντας
662 1715 746 1764 ὑπ᾽
789 1716 1075 1779 ἀγρυπνίας
1119 1718 1203 1766 καὶ
1246 1716 1425 1767 κόπου.
1511 1725 1600 1779 τῆς
1650 1721 1684 1768 δ᾽

269 1791 469 1854 ἐνέδρας
496 1791 804 1851 ἐκφανείσης
845 1792 897 1840 ἐν
933 1793 1075 1856 μέσῳ
1101 1793 1319 1854 ληφθεὶς
1347 1797 1436 1841 τοῦ
1464 1815 1518 1843 τε
1545 1795 1684 1858 ὄρους

269 1867 355 1913 καὶ
383 1871 471 1928 τῆς
496 1865 680 1928 λίμνης
718 1869 804 1915 καὶ
842 1870 942 1914 τῶν
981 1869 1180 1931 ἐχθρῶν
1208 1870 1361 1920 αὐτός
1389 1889 1443 1917 τε
1469 1870 1686 1932 ἀνῃρέθη

269 1942 355 1989 καὶ
405 1941 501 1990 σὺν
551 1943 689 2006 αὐτῷ
741 1941 1014 2005 δισμύριοι.
1088 1943 1204 1995 τοὺς
1250 1942 1300 1990 δὲ
1348 1945 1565 1995 λοιποὺς
1614 1944 1686 1993 ἔτι

266 2016 492 2077 μυρίους,
544 2017 591 2069 ἔς
646 2038 761 2065 τινα
821 2017 996 2080 κώμην
1058 2018 1252 2083 ὀχυρὰν
1303 2018 1684 2079 συμφυγόντας,

270 2091 549 2154 Μαάρβαλ
576 2091 599 2139 ὁ
631 2091 1026 2154 ὑποστράτηγος
1043 2091 1302 2152 Ἀννίβου,
1323 2091 1575 2153 μεγίστην
1600 2097 1684 2142 καὶ

267 2167 349 2214 ὅδε
376 2167 460 2214 ἐπὶ
489 2168 783 2232 στρατηγίᾳ
808 2166 961 2230 δόξαν
988 2163 1136 2233 ἔχων,
1164 2168 1222 2215 οὐ
1256 2168 1526 2231 δυνάμενος
1552 2169 1698 2228 ἑλεῖν

267 2244 502 2306 εὐχερῶς,
530 2242 641 2289 οὐδὲ
671 2242 827 2305 ἀξιῶν
856 2242 1183 2303 ἀπεγνωκόσι
1208 2243 1491 2306 μάχεσθαι,
1512 2242 1684 2293 ἔπεισε

266 2316 329 2363 τὰ
369 2316 511 2364 ὅπλα
550 2316 860 2368 ἀποθέσθαι,
899 2317 1201 2370 συνθέμενος
1248 2317 1535 2367 ἀπολύσειν
1582 2318 1680 2382 ὅπῃ

269 2415 357 2470 318
