1747 2693
122 258 217 287 CAP.

161 299 193 326 II

300 121 594 163 APPIAN'S
645 122 879 163 ROMAN
928 123 1236 176 HISTORY,
1284 124 1460 165 BOOK
1510 125 1598 166 VII

242 243 455 291 θέλοιεν.
546 244 611 295 ὡς
659 245 708 292 δὲ
762 245 1025 300 ἀπέθεντο,
1076 246 1259 304 λαβὼν
1307 247 1428 307 ἦγεν
1476 247 1657 299 αὐτοὺς

241 317 369 379 πρὸς
395 317 483 365 τὸν
506 317 756 378 Ἀννίβαν
780 319 1014 381 γυμνούς.
1083 319 1105 368 ὁ
1135 320 1174 367 δ᾽
1203 321 1259 369 οὐ
1287 321 1506 381 φάμενος
1534 321 1658 370 εἶναι

243 392 414 454 κύριον
441 394 600 454 χωρὶς
646 394 803 442 αὑτοῦ
846 398 1008 442 ταῦτα
1048 394 1334 443 συνθέσθαι
1362 394 1448 443 τὸν
1477 396 1660 461 Μαάρ-

241 469 371 525 βαλ,
400 467 515 519 τοὺς
540 468 631 527 μὲν
657 469 711 516 ἐκ
739 472 838 516 τῶν
866 469 1157 535 συμμάχων
1196 472 1660 534 φιλανθρωπευσά-

242 563 387 600 μενος
425 541 687 591 ἀπέλυσεν
714 544 760 595 ἐς
788 542 851 591 τὰ
880 544 1090 600 ἑαυτῶν,
1118 543 1340 607 θηρεύων
1378 550 1440 609 τῇ
1479 552 1661 611 φιλαν-

245 617 448 681 θρωπίᾳ
485 616 576 667 τὰς
615 618 812 672 πόλεις,
840 618 957 666 ὅσοι
995 619 1048 666 δὲ
1074 619 1339 682 Ῥωμαίων
1376 620 1527 679 ἦσαν,
1556 620 1662 687 εἶχε

243 693 420 751 δήσας.
494 691 587 751 τὴν
614 692 663 740 δὲ
692 693 836 740 λείαν
863 696 968 744 τοῖς
996 698 1410 758 συστρατεύουσι
1445 699 1661 748 Κελτοῖς

704 767 792 815 καὶ
818 768 1002 815 τούσδε
1028 768 1362 831 θεραπεύσειε
1388 774 1458 833 τῷ
1486 770 1660 836 κέρδει,
244 765 575 822 ἀποδόμενος,
582 766 679 815 ἵνα

244 842 560 903 προύβαινεν
611 843 659 893 ἐς
708 843 764 890 τὸ
814 843 1056 903 πρόσθεν,
1086 844 1394 904 αἰσθομένου
1437 845 1528 904 μὲν
1570 845 1661 904 ἤδη

245 919 344 962 τῶν
409 916 720 978 γιγνομένων
785 920 876 965 τοῦ
940 920 1057 980 περὶ
1131 920 1309 967 Πάδον
1370 925 1664 982 στρατηγοῦ

245 985 561 1050 Σερουιλίου,
614 985 700 1034 καὶ
749 986 1194 1049 τετρακισμυρίοις
1248 987 1334 1035 ἐπὶ
1383 988 1663 1053 Τυρρηνίας

245 1054 589 1116 ἐπειγομένου,
616 1054 895 1114 Κεντηνίου
922 1055 971 1102 δὲ
998 1055 1092 1116 ἤδη
1120 1059 1224 1107 τοῖς
1253 1056 1662 1121 ὀκτακισχιλίοις

245 1121 310 1169 τὰ
336 1122 494 1169 στενὰ
518 1121 924 1186 προειληφότος.

321 1196 398 1239 11.
431 1189 677 1247 Ἀννίβας
711 1190 763 1238 δὲ
801 1189 975 1251 ἐπειδὴ
1015 1191 1105 1251 τήν
1145 1213 1199 1240 τε
1232 1192 1417 1253 λίμνην
1450 1193 1548 1242 εἶδε
1575 1193 1663 1253 τὴν

249 1258 566 1319 Πλειστίνην
606 1259 693 1307 καὶ
728 1259 787 1308 τὸ
821 1260 934 1322 ὄρος
975 1259 1032 1307 τὸ
1076 1260 1202 1324 ὑπὲρ
1241 1261 1419 1320 αὐτήν,
1455 1262 1542 1310 καὶ
1581 1261 1664 1310 τὸν

251 1328 526 1388 Κεντήνιον
568 1329 617 1377 ἐν
655 1328 797 1389 μέσῳ
842 1332 1133 1390 κρατοῦντα
1176 1334 1264 1387 τῆς
1315 1328 1498 1386 διόδου,
1550 1331 1665 1383 τοὺς

249 1398 497 1458 ἡγεμόνας
536 1400 634 1444 τῶν
670 1396 797 1445 ὁδῶν
836 1396 1074 1458 ἐξήταζεν
1113 1399 1157 1445 εἴ
1193 1419 1267 1449 τις
1305 1398 1380 1458 εἴη
1418 1398 1666 1462 περίοδος.

248 1465 486 1526 οὐδεμίαν
537 1465 590 1513 δὲ
638 1465 878 1528 φαμένων
929 1465 1058 1513 εἶναι
1120 1465 1317 1528 τρίβον,
1367 1465 1489 1514 ἀλλ᾽
1541 1467 1662 1517 ἀπό-

249 1555 446 1597 κρημνα
475 1533 649 1582 πάντα
698 1535 784 1581 καὶ
833 1533 1170 1596 φαραγγώδη,
1215 1533 1273 1583 δι᾽
1316 1535 1485 1584 αὐτῶν
1534 1536 1665 1599 ὅμως

247 1602 444 1664 ἔπεμπε
472 1602 588 1656 τοὺς
614 1603 809 1666 ψιλοὺς
838 1604 1035 1666 νύκτωρ
1061 1604 1119 1652 τὸ
1147 1605 1260 1666 ὄρος
1286 1606 1553 1664 περιιέναι,
1580 1606 1666 1653 καὶ

248 1673 531 1734 Μαάρβαλ
590 1669 699 1734 μετ᾽
758 1671 942 1719 αὐτῶν.
1050 1672 1423 1734 τεκμηράμενος
1486 1671 1523 1720 δ᾽
1585 1674 1666 1722 ὅτε

247 1739 482 1787 δύναιντο
544 1740 847 1803 περιελθεῖν,
913 1740 1219 1803 προσέβαλε
1282 1745 1351 1805 τῷ
1409 1741 1666 1806 Κεντηνίῳ

245 1808 381 1856 κατὰ
409 1808 660 1869 μέτωπον.
735 1808 823 1856 καὶ
863 1808 1200 1857 συνεστώτων
1236 1809 1503 1873 ἑκατέρων,
1531 1811 1665 1857 πάνυ

248 1876 521 1941 προθύμως
568 1876 590 1924 ὁ
634 1878 916 1940 Μαάρβαλ
953 1879 1007 1924 ἐκ
1046 1882 1271 1941 κορυφῆς
1299 1880 1489 1927 ἄνωθεν
1518 1880 1664 1942 ὤφθη

247 1966 302 1992 τε
327 1945 415 1993 καὶ
442 1945 722 2007 ἠλάλαξεν.
795 1944 1060 2007 Ῥωμαίων
1089 1945 1128 1992 δ᾽
1156 1946 1301 1999 εὐθὺς
1326 1946 1386 2007 ἦν
1414 1946 1550 2007 φυγὴ
1578 1949 1665 1994 καὶ

245 2013 398 2069 φόνος
433 2014 849 2074 κεκυκλωμένων,
887 2014 976 2062 καὶ
1014 2015 1301 2077 τρισχίλιοι
1339 2015 1429 2077 μὲν
1478 2015 1663 2063 ἔπεσον

247 2081 548 2129 ὀκτακόσιοι
601 2081 640 2129 δ᾽
692 2082 1016 2144 ἐλήφθησαν·
1080 2084 1126 2130 οἱ
1177 2084 1229 2130 δὲ
1278 2086 1455 2131 λοιποὶ
1515 2086 1661 2146 μόλις

247 2150 503 2215 διέφυγον.
555 2150 835 2210 πυθόμενοι
864 2150 915 2198 δὲ
942 2150 990 2197 οἱ
1016 2150 1064 2198 ἐν
1093 2150 1257 2207 ἄστει,
1285 2151 1373 2200 καὶ
1402 2150 1660 2203 δείσαντες

243 2219 312 2279 μὴ
352 2219 496 2273 εὐθὺς
536 2219 621 2267 ἐπὶ
660 2219 751 2278 τὴν
788 2218 943 2267 πόλιν
982 2218 1004 2268 ὁ
1042 2218 1288 2274 Ἀννίβας
1327 2220 1485 2274 ἔλθοι,
1515 2219 1570 2267 τό
1611 2242 1662 2265 τε

245 2292 416 2351 τεῖχος
445 2290 703 2351 ἐπλήρουν
720 2286 884 2335 λίθων
909 2288 996 2335 καὶ
1023 2288 1140 2341 τοὺς
1159 2288 1401 2349 γέροντας
1421 2289 1659 2348 ὥπλιζον,

243 2357 420 2403 ὅπλων
469 2357 557 2419 μὲν
607 2357 932 2421 ἀποροῦντες,
984 2355 1048 2404 τὰ
1097 2355 1147 2403 δὲ
1198 2357 1412 2422 λάφυρα
1461 2358 1514 2404 ἐκ
1565 2361 1659 2405 τῶν

246 2460 334 2502 320
