1747 2693
295 135 586 174 APPIAN'S
638 135 872 175 ROMAN
922 135 1228 188 HISTORY,
1264 136 1443 177 BOOK
1492 136 1581 177 VII

229 257 371 320 ἱερῶν
399 257 794 320 καταφέροντες,
829 257 860 305 ἃ
895 258 949 305 ἐκ
977 257 1218 319 πολέμων
1253 257 1431 307 ἄλλων
1457 257 1642 321 κόσμος

228 335 400 384 αὐτοῖς
439 334 740 398 περιέκειτο·
785 334 1063 398 δικτάτορά
1101 356 1171 392 τε,
1213 336 1274 387 ὡς
1322 338 1371 385 ἐν
1420 335 1646 400 κινδύνῳ,

228 414 432 472 Φάβιον
457 412 658 461 εἵλοντο
688 413 951 475 Μάξιμον.

301 774 374 820 12.
399 766 643 826 Ἀννίβας
672 766 738 823 δέ,
761 767 877 814 θεοῦ
899 767 1223 829 παράγοντος
1254 768 1423 824 αὐτόν,
1453 768 1535 817 ἐπὶ
1563 769 1647 816 τὸν

226 840 400 893 Ἰόνιον
442 846 586 895 αὖθις
627 846 844 907 ἐτράπη,
890 846 977 893 καὶ
1020 846 1112 905 τὴν
1161 847 1424 910 παράλιον
1465 847 1647 894 ὁδεύων

231 923 446 986 ἐπόρθει,
473 923 620 971 λείαν
649 944 701 970 τε
728 922 1041 986 περιήλαυνε
1069 924 1292 986 πολλήν.
1356 924 1645 990 Σερουίλιος

229 1002 266 1048 δ᾽
296 1002 491 1052 ὕπατος
520 1002 841 1064 ἀντιπαριὼν
880 1002 1020 1065 αὐτῷ
1050 1006 1270 1066 κατῇρεν
1299 1004 1345 1056 ἐς
1372 1002 1646 1067 Ἀρίμινον,

225 1080 438 1145 ἀπέχων
465 1079 708 1138 Ἀννίβου
735 1078 858 1141 μίαν
887 1080 1096 1144 ἡμέραν·
1138 1080 1258 1129 ἔνθα
1280 1081 1370 1139 τὴν
1399 1081 1647 1145 στρατιὰν

227 1162 434 1223 συνεῖχε
460 1159 544 1205 καὶ
576 1159 692 1211 τοὺς
720 1158 789 1206 ἔτι
821 1157 1006 1222 φίλους
1042 1160 1255 1207 Κελτῶν
1283 1160 1645 1223 ἀπεθάρρυνεν,

227 1239 315 1286 ἕως
378 1236 682 1301 ἀφικόμενος
746 1237 947 1294 Φάβιος
1010 1237 1250 1300 Μάξιμος
1314 1237 1336 1284 ὁ
1395 1237 1646 1301 δικτάτωρ

228 1310 519 1375 Σερουίλιον
544 1311 634 1374 μὲν
661 1312 708 1363 ἐς
734 1312 935 1373 Ῥώμην
960 1312 1188 1373 ἔπεμπεν
1216 1313 1278 1363 ὡς
1306 1313 1422 1360 οὔτε
1450 1313 1646 1359 ὕπατον

226 1387 342 1434 οὔτε
393 1386 691 1450 στρατηγὸν
740 1386 814 1434 ἔτι
865 1386 988 1434 ὄντα
1040 1386 1338 1450 δικτάτορος
1383 1387 1646 1450 ᾑρημένου,

226 1462 380 1511 αὐτὸς
409 1462 460 1509 δὲ
486 1464 554 1525 τῷ
839 1462 1257 1525 παρακολουθῶν
1282 1461 1329 1515 ἐς
1355 1465 1445 1525 μὲν
1470 1467 1647 1527 χεῖρας
591 1460 816 1530 Ἀννίβᾳ

226 1537 317 1584 οὐκ
355 1535 445 1600 ᾔει,
485 1535 746 1588 πολλάκις
787 1535 978 1584 ἐκείνου
1015 1536 1459 1600 προκαλουμένου,
1498 1545 1646 1586 πολι-

225 1616 391 1676 ορκεῖν
430 1611 468 1659 δ᾽
508 1612 687 1660 οὐδένα
727 1613 821 1668 εἴα,
861 1612 1305 1676 παραφυλάσσων
1338 1613 1424 1660 καὶ
1461 1612 1647 1663 ἐπικεί-

223 1708 382 1745 μενος.
459 1684 482 1734 ὁ
525 1686 591 1742 δέ,
633 1691 720 1748 τῆς
758 1686 934 1749 χώρας
985 1688 1390 1749 ἐξαναλωμένης,
1445 1692 1646 1753 τροφῶν

223 1761 419 1825 ἠπόρει,
459 1762 546 1811 καὶ
586 1761 747 1822 αὐτὴν
783 1762 927 1814 αὖθις
967 1762 1175 1826 περιιὼν
1211 1762 1431 1823 ἑκάστης
1459 1762 1644 1827 ἡμέρας

225 1837 492 1900 ἐξέτασσε,
533 1836 954 1900 προκαλούμενος
1006 1836 1053 1887 ἐς
1089 1837 1280 1900 μάχην.
1356 1838 1556 1894 Φάβιος
1607 1838 1645 1885 δ᾽

225 1914 282 1961 οὐ
311 1914 675 1965 συνεπλέκετο,
705 1911 1226 1973 καταγιγνώσκοντος
1267 1912 1427 1960 αὐτοῦ
1454 1915 1645 1960 Μινου-

225 1986 335 2034 κίου
372 1986 610 2052 Ῥούφου,
651 1986 702 2038 ὃς
744 1985 1010 2050 ἵππαρχος
1048 1988 1138 2049 μὲν
1176 1989 1235 2048 ἦν
1271 1990 1425 2050 αὐτῷ,
1455 1991 1645 2052 ἔγραφε

223 2063 263 2109 δ᾽
302 2063 349 2111 ἐς
387 2060 588 2124 Ῥώμην
627 2064 734 2113 τοῖς
774 2061 945 2124 φίλοις
985 2061 1049 2113 ὡς
1089 2061 1261 2120 ὀκνοίη
1302 2062 1504 2115 Φάβιος
1547 2063 1642 2111 ὑπὸ

223 2136 434 2185 δειλίας.
510 2133 879 2201 διαδραμόντος
920 2133 958 2182 δ᾽
999 2137 1046 2187 ἐς
1085 2133 1283 2193 Ῥώμην
1323 2137 1407 2185 ἐπὶ
1459 2136 1642 2190 θυσίας

223 2211 365 2261 τινὰς
415 2215 506 2260 τοῦ
556 2209 783 2265 Φαβίου,
835 2209 857 2258 ὁ
910 2209 1190 2263 Μινούκιος
1242 2210 1517 2273 ἡγούμενος
1554 2217 1644 2260 τοῦ

226 2290 456 2350 στρατοῦ
489 2285 784 2346 συνεπλέκη
824 2285 938 2332 τινὰ
974 2286 1150 2349 μάχην
1190 2287 1259 2349 τῷ
1300 2287 1531 2353 Ἀννίβᾳ,
1557 2288 1640 2335 καὶ

223 2361 374 2424 δόξας
423 2361 584 2410 πλέον
633 2361 768 2425 ἔχειν
818 2360 1136 2424 θρασύτερον
1187 2360 1233 2412 ἐς
1283 2360 1482 2423 Ῥώμην
1530 2361 1639 2411 ἐπέ-

903 642 972 684 III

223 2467 310 2509 322

109 277 213 306 CAP.

134 317 166 345 II

108 771 213 801 CAP.

135 813 182 840 III
