1747 2693
110 320 210 350 CAP.

128 360 181 388 III

293 181 586 220 APPIAN"S
638 180 870 219 ROMAN
921 179 1224 231 HISTORY,
1262 180 1439 222 BOOK
1489 180 1578 222 VII

230 311 421 350 στελλε
450 307 511 366 τῇ
537 305 726 364 βουλῇ,
751 302 836 351 τὸν
864 302 1067 362 Φάβιον
1094 303 1391 365 αἰτιώμενος
1419 305 1508 351 οὐκ
1541 305 1640 352 ἐθέ-

227 379 390 420 λοντα
417 376 641 431 νικῆσαι.
716 372 804 418 καὶ
843 372 870 429 ἡ
907 372 1095 429 βουλή,
1123 373 1572 428 ἐπανεληλυθότος
1597 374 1641 426 ἐς

229 439 286 488 τὸ
338 438 692 503 στρατόπεδον
743 438 834 498 ἤδη
874 442 962 485 τοῦ
1002 439 1227 498 Φαβίου,
1282 442 1395 487 ἴσον
1446 440 1639 505 ἰσχύειν

229 509 367 571 αὐτῷ
396 508 481 555 τὸν
511 507 780 571 ἵππαρχον
807 508 1075 567 ἀπέφηνεν.

415 576 483 621 Οἱ
514 578 604 638 μὲν
638 576 697 636 δὴ
728 576 1064 637 μερισάμενοι
1095 576 1186 637 τὴν
1227 576 1477 639 στρατιὰν
1511 584 1642 638 πλη-
299 582 375 625 13.

231 643 342 690 σίον
381 643 633 705 ἀλλήλων
669 643 1125 705 ἐστρατοπέδευον,
1176 644 1263 692 καὶ
1313 649 1401 705 τῆς
1443 645 1641 706 γνώμης

231 714 464 774 ἑκάτερος
503 713 706 776 εἴχοντο
745 716 832 772 τῆς
872 713 1073 767 ἑαυτοῦ,
1106 714 1307 772 Φάβιος
1345 714 1437 775 μὲν
1473 714 1644 777 ἐκτρύ-

229 800 340 844 χειν
366 779 614 838 Ἀννίβαν
653 784 722 843 τῷ
749 780 916 843 χρόνῳ
943 782 1029 828 καὶ
1059 781 1340 842 πειρᾶσθαι
1376 781 1532 842 μηδὲν
1560 784 1642 831 ὑπ᾽

231 850 388 895 αὐτοῦ
427 849 627 902 παθεῖν,
668 847 690 896 ὁ
732 848 782 895 δὲ
819 848 1097 900 Μινούκιος
1131 849 1278 911 μάχῃ
1307 848 1640 912 διακριθῆναι.

231 916 492 967 συνιόντος
521 917 573 964 δὲ
600 917 646 967 ἐς
673 918 849 979 μάχην
889 920 978 965 τοῦ
1017 919 1318 973 Μινουκίου,
1347 920 1549 974 Φάβιος
1587 921 1641 968 τὸ

229 985 424 1047 μέλλον
461 985 676 1033 ἔσεσθαι
715 988 949 1048 προορῶν
985 985 1036 1032 ἐν
1072 985 1211 1048 μέσῳ
1252 985 1342 1048 τὴν
1392 987 1642 1051 στρατιὰν

230 1055 555 1116 ἀτρεμοῦσαν
605 1054 795 1112 ἔστησε
851 1052 943 1111 τὴν
993 1054 1189 1108 ἑαυτοῦ,
1241 1056 1328 1103 καὶ
1379 1057 1495 1107 τοὺς
1555 1061 1644 1103 τοῦ

232 1121 517 1169 Μινουκίου
557 1122 846 1183 τραπέντας
885 1122 1232 1182 ἀνελάμβανε,
1262 1124 1376 1174 τοὺς
1415 1122 1454 1170 δ᾽
1482 1124 1642 1171 Ἀννί-

228 1193 329 1246 βου
390 1190 665 1242 διώκοντας
725 1190 1055 1254 ἀπεκρούετο.
1145 1191 1230 1239 καὶ
1294 1193 1495 1251 Φάβιος
1553 1193 1643 1256 μὲν

232 1259 326 1306 ὧδε
376 1259 467 1319 τὴν
529 1257 800 1321 συμφορὰν
859 1258 1171 1323 ἐπεκούφισε
1233 1264 1301 1323 τῷ
1362 1260 1640 1325 Μινουκίῳ,

231 1328 372 1374 οὐδὲν
410 1325 716 1389 ἐπιμηνίσας
767 1331 853 1387 τῆς
894 1326 1164 1386 διαβολῆς·
1212 1325 1234 1375 ὁ
1275 1328 1326 1375 δὲ
1366 1329 1640 1382 Μινούκιος

230 1397 391 1442 αὑτοῦ
431 1390 719 1458 καταγνους
769 1394 1009 1459 ἀπειρίαν
1059 1395 1278 1443 ἀπέθετο
1330 1398 1421 1457 τὴν
1460 1398 1640 1462 ἀρχήν,

229 1464 316 1511 καὶ
357 1464 412 1512 τὸ
452 1464 600 1527 μέρος
641 1467 732 1512 τοῦ
769 1467 999 1528 στρατοῦ
1035 1464 1304 1528 παρέδωκε
1339 1470 1407 1529 τῷ
1438 1466 1640 1531 Φαβίῳ,

230 1533 489 1593 ἡγουμένῳ
516 1532 645 1595 πρὸς
685 1531 843 1596 ἄνδρα
869 1533 1106 1596 τεχνίτην
1132 1534 1302 1596 μάχης
1342 1535 1429 1582 ἕνα
1465 1536 1642 1601 καιρὸν

228 1601 356 1649 εἶναι
383 1601 474 1661 τὴν
501 1601 746 1661 ἀνάγκην.
799 1601 855 1649 οὗ
882 1600 940 1661 δὴ
967 1600 1055 1649 καὶ
1080 1600 1103 1648 ὁ
1134 1600 1402 1660 Σεβαστὸς
1430 1603 1643 1669 ὕστερον

230 1674 491 1719 πολλάκις
532 1669 792 1731 ἐμέμνητο,
840 1669 928 1716 οὐκ
980 1669 1047 1717 ὢν
1096 1670 1307 1733 εὐχερὴς
1351 1671 1453 1720 οὐδ᾽
1499 1673 1640 1724 οὗτος

229 1738 276 1787 ἐς
302 1738 476 1802 μάχας
504 1741 709 1799 μᾶλλον
736 1736 902 1800 τόλμῃ
925 1737 952 1797 ἢ
978 1738 1132 1800 τέχνῃ
1161 1741 1411 1800 χρῆσθαι.
1443 1742 1639 1799 Φάβιος

227 1805 317 1867 μὲν
345 1806 431 1854 οὖν
457 1806 601 1858 αὖθις
631 1805 809 1867 ὁμοίως
839 1806 1109 1868 ἐφύλασσε
1145 1808 1230 1854 τὸν
1265 1808 1528 1865 Ἀννίβαν,
1555 1812 1640 1858 καὶ

230 1874 321 1935 τὴν
366 1874 542 1938 χώραν
584 1875 795 1937 πορθεῖν
842 1875 1080 1929 ἐκώλυεν,
1124 1876 1181 1922 οὐ
1219 1876 1640 1933 συμπλεκόμενος

231 1944 386 1989 αὐτοῦ
419 1947 487 2006 τῷ
530 1947 738 2006 στρατῷ
773 1942 948 1999 παντί,
978 1946 1081 1997 τοῖς
1113 1942 1152 1990 δ᾽
1181 1944 1639 2004 ἀποσκιδναμένοις

229 2011 395 2072 μόνοις
424 2012 784 2073 ἐπιτιθέμενος,
813 2013 900 2059 καὶ
927 2014 1108 2074 σαφῶς
1136 2013 1277 2066 εἰδὼς
1308 2014 1640 2075 ἀπορήσοντα

229 2083 433 2144 τροφῶν
459 2079 645 2128 αὐτίκα
674 2079 760 2127 τὸν
786 2079 1048 2136 Ἀννίβαν.

304 2155 374 2194 14.
414 2149 599 2210 Στενῆς
654 2148 705 2195 δὲ
766 2146 934 2195 διόδου
995 2149 1409 2209 πλησιαζούσης,
1467 2149 1490 2200 ὁ
1550 2152 1639 2214 μὲν

228 2215 473 2275 Ἀννίβας
520 2216 681 2275 αὐτὴν
731 2217 787 2263 οὐ
836 2215 1114 2276 προείδετο,
1167 2218 1367 2276 Φάβιος
1417 2218 1471 2266 δὲ
1517 2241 1638 2285 προ-

228 2284 446 2347 πέμψας
486 2284 942 2349 τετρακισχιλίους
970 2286 1250 2343 κατέλαβε,
1280 2288 1367 2335 καὶ
1393 2291 1497 2339 τοῖς
1533 2296 1637 2338 λοι-

226 2358 340 2402 ποῖς
369 2353 522 2403 αὐτὸς
548 2353 627 2400 ἐπὶ
671 2353 862 2416 θάτερα
892 2353 1326 2416 ἐστρατοπέδευεν
1351 2356 1435 2403 ἐπὶ
1470 2358 1637 2422 λόφου

226 2425 488 2484 καρτεροῦ.
565 2421 587 2469 ὁ
635 2421 684 2470 δὲ
730 2421 974 2474 Ἀννίβας
1015 2423 1077 2474 ὡς
1116 2421 1305 2485 ᾔσθετο
1334 2426 1551 2487 ληφθεὶς
1588 2427 1636 2475 ἐν

226 2524 322 2566 324
