1747 2693
108 298 213 335 CAP.

132 341 181 369 III

295 161 589 201 APPIAN'S
643 162 875 202 ROMAN
924 162 1230 213 HISTORY,
1267 163 1443 203 BOOK
1490 159 1588 208 VII

230 283 368 344 μέσῳ
398 282 607 340 Φαβίου
647 303 701 330 τε
738 282 824 331 καὶ
863 286 962 330 τῶν
1002 286 1192 331 στενῶν
1220 289 1647 345 φυλασσομένων,

234 352 397 399 ἔδεισε
445 352 536 413 μὲν
586 353 648 403 ὡς
701 351 757 398 οὔ
809 371 935 399 ποτε
983 350 1247 414 πρότερον·
1289 352 1344 399 οὐ
1393 351 1491 413 γὰρ
1543 351 1648 416 εἶχε

236 420 472 481 διέξοδον,
501 420 644 466 ἀλλὰ
671 419 844 468 πάντα
866 419 925 479 ἦν
953 418 1261 480 ἀπόκρημνα
1283 419 1369 467 καὶ
1390 419 1648 479 δύσβατα,

234 488 334 535 οὐδ᾽
395 488 583 548 ἤλπιζε
644 488 850 547 Φάβιον
909 487 939 548 ἢ
992 487 1107 538 τοὺς
1156 488 1241 535 ἐπὶ
1301 491 1398 534 τῶν
1460 491 1651 535 στενῶν

232 556 523 614 βιάσεσθαι
563 554 644 602 διὰ
684 555 775 615 τὴν
813 558 913 604 τῶν
938 553 1141 618 χωρίων
1173 554 1482 620 ὀχυρότητα.
1559 555 1651 603 ὧδε

234 623 274 670 δ᾽
301 624 435 690 ἔχων
462 623 680 689 ἀπορίας
710 623 827 676 τοὺς
858 623 951 686 μὲν
977 624 1345 689 αἰχμαλώτους
1383 624 1430 676 ἐς
1469 644 1652 672 πεντα-

233 691 530 758 κισχιλίους
579 692 727 745 ὄντας
787 691 1135 756 κατέσφαξεν,
1201 691 1280 739 ἵνα
1338 691 1407 753 μὴ
1470 691 1521 740 ἐν
1581 696 1649 756 τῷ

233 759 446 824 κινδύνῳ
488 759 858 824 νεωτερίσειαν,
900 761 1027 819 βοῦς
1066 759 1118 808 δὲ
1155 759 1281 812 ὅσας
1320 759 1457 824 εἶχεν
1494 761 1544 808 ἐν
1582 764 1650 824 τῷ

235 827 573 892 στρατοπέδῳ
620 827 778 890 (πολὺ
822 827 873 877 δὲ
915 828 1117 889 πλῆθος
1158 829 1256 891 ἦν̓),
1299 831 1403 879 τοῖς
1441 827 1651 892 κέρασιν

235 897 403 943 αὐτῶν
442 895 596 962 δᾷδας
636 896 924 961 περιέθηκε,
954 897 1040 944 καὶ
1080 895 1260 948 νυκτὸς
1298 895 1652 958 ἐπιγενομένης

235 964 325 1014 τὰς
367 965 521 1030 δᾷδας
562 965 766 1029 ἐξάψας
807 964 863 1013 τὸ
903 964 1091 1013 λοιπὸν
1128 966 1180 1014 ἐν
1205 966 1275 1028 τῷ
1317 964 1651 1028 στρατοπέδῳ

237 1038 338 1096 πῦρ
366 1033 574 1090 ἔσβεσε,
602 1034 690 1081 καὶ
718 1033 870 1095 σιγὴν
907 1034 1128 1092 βαθεῖαν
1153 1033 1290 1096 ἔχειν
1317 1036 1650 1092 παρήγγειλε,

235 1106 340 1152 τοῖς
367 1104 405 1149 δ᾽
436 1103 832 1163 εὐτολμοτάτοις
870 1105 969 1150 τῶν
996 1100 1118 1150 νέων
1144 1101 1384 1149 ἐκέλευσε
1412 1100 1501 1155 τὰς
1527 1104 1652 1156 βοῦς

235 1169 465 1217 ἐλαύνειν
492 1169 621 1232 μετὰ
659 1169 889 1230 σπουδῆς
927 1169 1027 1218 ἄνω
1064 1169 1191 1232 πρὸς
1229 1169 1292 1218 τὰ
1331 1168 1651 1232 ἀπόκρημνα,

236 1239 266 1285 ἃ
293 1239 354 1298 ἦν
379 1239 429 1287 ἐν
462 1239 605 1300 μέσῳ
631 1242 720 1286 τοῦ
749 1260 802 1288 τε
829 1237 1039 1296 Φαβίου
1078 1237 1166 1286 καὶ
1193 1240 1294 1287 τῶν
1322 1241 1528 1286 στενῶν.
1603 1237 1652 1286 αἱ

237 1305 275 1352 δ᾽
323 1306 420 1352 ὑπό
466 1327 520 1353 τε
560 1310 660 1354 τῶν
700 1306 1017 1355 ἐλαυνόντων
1058 1307 1396 1367 ἐπειγόμεναι,
1440 1307 1527 1353 καὶ
1566 1309 1654 1353 τοῦ

235 1374 397 1438 πυρὸς
423 1374 714 1426 ἐκκαίοντος
748 1374 921 1430 αὐτάς,
952 1374 1219 1436 ἀνεπήδων
1258 1374 1340 1423 ἐπὶ
1382 1374 1497 1428 τοὺς
1537 1395 1653 1438 κρη-

235 1442 386 1504 μνοὺς
426 1443 645 1505 ἀφειδῶς
683 1444 769 1491 καὶ
806 1444 1007 1499 βιαίως,
1046 1443 1159 1491 εἶτα
1206 1442 1530 1490 κατέπιπτον
1569 1443 1653 1491 καὶ

237 1511 382 1561 αὖθις
421 1511 702 1573 ἀνεπήδων.

309 1586 381 1627 15.
419 1578 662 1642 Ῥωμαῖοι
702 1579 752 1628 δὲ
791 1579 835 1628 οἱ
873 1579 1201 1642 ἑκατέρωθεν,
1230 1579 1441 1642 ὁρῶντες
1480 1579 1530 1628 ἐν
1566 1579 1653 1642 μὲν

236 1650 306 1713 τῷ
333 1647 574 1707 Ἀννίβου
604 1647 940 1712 στρατοπέδῳ
972 1648 1126 1710 σιγὴν
1164 1648 1251 1696 καὶ
1280 1648 1489 1707 σκότον,
1515 1651 1566 1697 ἐν
1603 1648 1648 1696 δὲ

236 1720 340 1767 τοῖς
367 1718 508 1781 ὄρεσι
535 1721 638 1780 πῦρ
666 1718 806 1765 πολὺ
832 1721 918 1764 καὶ
945 1718 1199 1771 ποικίλον,
1230 1717 1319 1763 οὐκ
1348 1717 1551 1782 ἔχοντες
1591 1718 1653 1767 ὡς

235 1786 287 1832 ἐν
314 1786 457 1832 νυκτὶ
497 1786 552 1832 τὸ
591 1785 887 1846 γιγνόμενον
927 1786 1157 1848 ἀκριβῶς
1185 1786 1475 1846 ἐπινοῆσαι,
1503 1783 1526 1834 ὁ
1565 1785 1651 1848 μὲν

236 1853 437 1912 Φάβιος
501 1855 699 1912 εἴκαζεν
763 1853 890 1901 εἶναί
961 1875 1009 1900 τι
1083 1856 1427 1916 στρατήγημα
1503 1858 1650 1899 τοῦτο

232 1920 494 1979 Ἀννίβου,
559 1923 644 1970 καὶ
707 1925 933 1969 συνεῖναι
994 1921 1061 1982 μὴ
1125 1921 1397 1983 δυνάμενος
1458 1920 1650 1983 ἀτρέμα

235 1994 444 2055 συνεῖχε
493 1989 583 2051 τὴν
633 1990 900 2054 στρατιάν,
953 1994 1044 2048 τὴν
1093 1990 1251 2039 νύκτα
1314 1990 1648 2052 ὑφορώμενος·

234 2057 282 2104 οἱ
329 2057 368 2104 δ᾽
413 2059 463 2105 ἐν
513 2063 616 2108 τοῖς
667 2062 865 2111 στενοῖς
916 2058 1203 2114 ὑπέλαβον,
1239 2058 1370 2118 ἅπερ
1408 2058 1590 2118 ἤθελεν
1628 2057 1649 2106 ὁ

233 2124 493 2185 Ἀννίβας,
535 2128 744 2189 φεύγειν
782 2126 936 2175 αὐτὸν
976 2128 1039 2179 ὡς
1079 2128 1129 2175 ἐν
1167 2127 1394 2189 ἀπόροις,
1431 2127 1530 2174 ἄνω
1571 2127 1651 2173 διὰ

233 2198 335 2243 τῶν
361 2198 596 2257 κρημνῶν
633 2194 956 2255 βιαζόμενον,
985 2196 1068 2243 καὶ
1110 2194 1410 2256 μετεπήδων
1437 2195 1522 2243 ἐπὶ
1561 2194 1651 2256 τὴν

235 2263 535 2317 φαντασίαν
574 2268 663 2312 τοῦ
702 2263 860 2322 πυρὸς
886 2263 1224 2314 καταθέοντες
1263 2265 1324 2313 ὡς
1353 2265 1456 2312 ἐκεῖ
1479 2263 1650 2326 ληψό-

233 2352 372 2385 μενοι
410 2331 498 2380 τὸν
536 2331 785 2391 Ἀννίβαν
824 2332 1243 2380 κακοπαθοῦντα.
1320 2330 1342 2379 ὁ
1372 2331 1423 2381 δὲ
1463 2333 1527 2383 ὡς
1552 2331 1648 2379 εἶδε

234 2400 571 2458 καταβάντας
610 2400 795 2452 αὐτοὺς
833 2402 889 2448 ἐκ
927 2403 1027 2449 τῶν
1063 2403 1271 2456 στενῶν,
1302 2400 1565 2464 διέδραμεν
1601 2401 1648 2450 ἐς

236 2491 321 2545 326
