1747 2693
135 289 241 320 CAP.

157 329 211 357 III

319 157 611 199 APPIAN'S
661 158 895 199 ROMAN
947 159 1252 211 HISTORY,
1288 159 1462 199 BOOK
1515 157 1603 198 VII

257 279 388 327 αὐτὰ
430 284 533 332 τοῖς
572 281 885 345 ταχυτάτοις
925 281 1042 330 ἄνευ
1082 279 1250 345 φωτὸς
1280 282 1408 343 μετὰ
1454 285 1667 342 σιωπῆς,

258 354 336 402 ἵνα
383 354 635 405 διαλάθοι,
677 355 1000 406 καταλαβὼν
1039 355 1088 405 δὲ
1128 355 1261 403 αὐτὰ
1299 355 1384 404 καὶ
1423 355 1671 417 κρατυνά-

254 451 400 493 μενος
427 430 648 492 ἐσήμηνε
688 434 747 493 τῇ
777 430 1055 493 σάλπιγγι·
1096 432 1185 479 καὶ
1225 430 1281 479 τὸ
1321 430 1672 495 στρατόπεδον

255 504 575 565 ἀντεβόησεν
617 505 773 568 αὐτῷ,
821 506 906 555 καὶ
957 510 1060 570 πῦρ
1105 505 1359 569 αἰφνίδιον
1409 504 1672 567 ἐξέφηναν.

254 578 499 642 Ῥωμαῖοι
535 579 625 642 μὲν
665 579 724 642 δὴ
766 579 881 628 τότε
920 581 1142 643 ᾔσθοντο
1183 584 1270 640 τῆς
1310 580 1527 638 ἀπάτης,
1562 579 1585 626 ὁ
1625 579 1673 627 δὲ

258 653 481 719 στρατὸς
508 653 531 702 ὁ
564 654 726 706 ἄλλος
752 653 996 713 Ἀννίβου
1035 654 1122 703 καὶ
1160 654 1206 702 οἱ
1244 653 1334 708 τὰς
1372 656 1499 712 βοῦς
1529 653 1676 702 ἐλαύ-

258 750 425 778 νοντες
452 728 537 777 ἐπὶ
564 729 627 776 τὰ
655 728 812 777 στενὰ
841 729 995 781 ἀδεῶς
1024 729 1307 793 διέδραμον.
1379 730 1465 778 καὶ
1492 728 1676 781 αὐτοὺς

260 803 571 866 συναγαγὼν
621 804 817 866 ἀπῇρεν
869 804 916 857 ἐς
966 804 1023 853 τὸ
1073 805 1270 867 πρόσω.
1329 805 1459 852 οὕτω
1501 805 1591 865 μὲν
1626 805 1678 865 ἐξ

261 879 495 926 ἀέλπτου
527 878 641 927 τότε
682 878 704 926 ὁ
743 878 990 939 Ἀννίβας
1022 878 1175 932 αὐτός
1204 901 1259 928 τε
1284 884 1464 941 περιῆν
1484 879 1572 926 καὶ
1595 878 1679 926 τὸν

261 952 493 1018 στρατὸν
510 952 802 1018 περιέσωζε,
824 954 907 1002 καὶ
937 956 983 1007 ἐς
1012 952 1266 1017 Γερωνίαν
1295 959 1382 1017 τῆς
1408 952 1680 1017 Ἰαπυγίας

261 1028 535 1093 ἐπειχθείς,
562 1031 593 1092 ἣ
630 1036 778 1078 σίτου
812 1029 1014 1092 πλήρης
1050 1030 1126 1090 ἦν,
1163 1031 1358 1093 ἐξεῖλεν
1382 1029 1561 1089 αὐτήν,
1594 1029 1679 1077 καὶ

261 1106 314 1153 ἐν
340 1104 582 1169 ἀφθόνοις
610 1105 767 1157 ἀδεῶς
794 1105 1077 1170 ἐχείμαζεν.

437 1180 499 1226 Ὁ
544 1180 597 1227 δὲ
642 1181 843 1240 Φάβιος
880 1180 968 1228 καὶ
1008 1180 1121 1229 τότε
1158 1185 1245 1241 τῆς
1282 1181 1441 1242 αὐτῆς
1481 1180 1682 1241 γνώμης
321 1185 400 1230 16.

263 1253 502 1320 ἐχόμενος
529 1254 717 1311 εἵπετο,
746 1254 833 1303 καὶ
861 1261 948 1318 τῆς
991 1254 1239 1319 Γερωνίας
1275 1255 1532 1321 ἀποσχὼν
1561 1255 1683 1304 δέκα

265 1329 509 1382 σταδίους
537 1330 962 1393 ἐστρατοπέδευε,
991 1330 1179 1391 λαβὼν
1205 1331 1255 1380 ἐν
1280 1330 1422 1393 μέσῳ
1450 1330 1685 1394 ποταμὸν

267 1405 512 1470 Αὔφιδον.
541 1404 806 1469 ληγόντων
833 1404 885 1452 δὲ
912 1405 1052 1470 αὐτῷ
1087 1409 1187 1454 τῶν
1213 1405 1268 1469 ἓξ
1299 1410 1471 1468 μηνῶν
1497 1404 1573 1470 ἐφ᾽
1604 1408 1685 1458 οὓς

264 1481 533 1545 αἱροῦνται
560 1481 806 1544 Ῥωμαῖοι
834 1485 949 1533 τοῦς
973 1481 1296 1544 δικτάτορας,
1322 1481 1368 1528 οἱ
1385 1482 1474 1544 μὲν
1498 1483 1686 1529 ὕπατοι

269 1556 561 1620 Σερουίλιός
590 1578 643 1604 τε
674 1556 763 1604 καὶ
802 1556 1032 1608 Ἀτίλιος
1062 1557 1146 1605 ἐπὶ
1175 1557 1264 1609 τὰς
1298 1557 1490 1605 ἑαυτῶν
1519 1557 1684 1624 ἀρχὰς

267 1634 578 1695 ἐπανῄεσαν,
608 1632 695 1680 καὶ
729 1632 890 1693 ἦλθον
931 1631 1015 1680 ἐπὶ
1055 1631 1113 1680 τὸ
1149 1630 1522 1690 στρατόπεδον,
1551 1633 1636 1679 καὶ
1665 1630 1685 1678 ὁ

268 1701 474 1760 Φάβιος
515 1702 561 1752 ἐς
607 1700 807 1763 Ῥώμην
850 1700 1021 1764 ἀπῄει,
1062 1700 1330 1763 γίγνονται
1376 1700 1427 1748 δέ
1467 1722 1596 1753 τινες
1640 1703 1687 1749 ἐν

268 1770 396 1833 τῷδε
442 1771 512 1833 τῷ
553 1772 768 1833 χειμῶνι
817 1767 1038 1835 Ἀννίβᾳ
1087 1768 1175 1818 καὶ
1224 1768 1496 1832 Ῥωμαίοις
1541 1772 1688 1833 ἀκρο-

267 1837 523 1899 βολισμοὶ
554 1841 788 1901 συνεχεῖς
817 1837 863 1888 ἐς
893 1837 1176 1900 ἀλλήλους·
1219 1837 1306 1887 καὶ
1334 1837 1397 1885 τὰ
1422 1838 1686 1901 Ῥωμαίων

268 1905 644 1969 ἐπικυδέστερα
672 1906 759 1954 καὶ
786 1905 1175 1967 εὐθαρσέστερα
1204 1908 1278 1964 ἦν.
1322 1905 1343 1954 ὁ
1373 1905 1413 1953 δ᾽
1440 1905 1686 1959 Ἀννίβας

267 1977 556 2022 ἐπέστελλε
605 1974 695 2037 μὲν
746 1974 820 2023 ἀεὶ
872 1974 935 2022 τὰ
984 1974 1257 2037 γιγνόμενα
1312 1974 1686 2038 Καρχηδονίοις

269 2042 641 2105 ὑπερεπαίρων,
671 2043 785 2091 τότε
824 2043 875 2090 δὲ
915 2044 1270 2091 ἀπολωλότων
1297 2047 1434 2107 αὐτῷ
1474 2048 1687 2092 πολλῶν

267 2111 463 2172 ἠπόρει,
508 2112 596 2160 καὶ
638 2111 891 2175 στρατιὰν
936 2111 1043 2176 ᾔτει
1083 2112 1172 2159 καὶ
1212 2112 1476 2176 χρήματα.
1551 2113 1597 2159 οἱ
1639 2112 1687 2160 δὲ

265 2183 445 2245 ἐχθροὶ
493 2183 666 2229 πάντα
718 2182 1135 2234 ἐπισκώπτοντες
1186 2181 1250 2228 τὰ
1296 2180 1555 2236 Ἀννίβου,
1602 2182 1686 2228 καὶ

267 2248 383 2296 τότε
424 2248 756 2313 ὑπεκρίνοντο
796 2250 1008 2312 ἀπορεῖν
1045 2250 1138 2302 ὅτι,
1171 2252 1271 2298 τῶν
1308 2251 1561 2298 νικώντων
1600 2251 1686 2298 οὐκ

268 2317 551 2366 αἰτούντων
606 2317 854 2380 χρήματα
917 2317 1061 2365 ἀλλὰ
1120 2317 1429 2380 πεμπόντων
1491 2318 1538 2369 ἐς
1599 2317 1687 2370 τὰς

269 2385 544 2447 πατρίδας,
590 2385 615 2434 ὁ
655 2385 905 2443 Ἀννίβας
947 2386 1128 2447 αἰτοίη,
1171 2386 1339 2448 λέγων
1384 2390 1542 2436 νικᾶν.
1616 2387 1688 2438 οἷς

278 2479 364 2531 328
