1747 2693
138 285 245 313 CAP.

165 325 217 353 III

323 152 618 193 APPIAN'S
667 153 902 193 ROMAN
955 154 1258 206 HISTORY,
1300 155 1473 196 BOOK
1524 155 1612 195 VII

260 274 307 321 οἱ
335 276 686 338 Καρχηδόνιοι
712 276 1008 329 πεισθέντες
1028 276 1143 324 οὔτε
1173 276 1424 337 στρατιὰν
1451 276 1674 337 ἔπεμπον

260 349 378 397 οὔτε
403 350 668 413 χρήματα.
743 352 829 399 καὶ
871 350 893 399 ὁ
920 350 1165 412 Ἀννίβας
1206 350 1350 400 ταῦτ᾽
1386 350 1676 415 ὀδυρόμενος

261 423 485 487 ἔγραφεν
511 427 559 477 ἐς
578 423 815 488 Ἰβηρίαν
836 425 1142 489 Ἀσδρούβᾳ
1170 429 1239 490 τῷ
1267 425 1492 490 ἀδελφῷ,
1516 447 1679 486 παρα-

261 504 441 547 καλῶν
468 500 623 547 αὐτὸν
650 500 938 564 ἀρχομένου
978 500 1154 565 θέρους
1183 501 1293 562 μεθ᾽
1322 501 1447 558 ὅσης
1475 500 1677 549 δύναιτο

261 577 512 637 στρατιᾶς
539 574 627 623 καὶ
653 576 936 637 χρημάτων
958 577 1211 634 ἐσβαλεῖν
1240 576 1287 627 ἐς
1316 574 1408 633 τὴν
1428 574 1679 631 Ἰταλίαν,

260 650 345 697 καὶ
386 650 596 713 πορθεῖν
635 651 792 712 αὐτῆς
833 651 894 697 τὰ
934 651 1188 708 ἐπέκεινα,
1221 651 1300 698 ἵνα
1341 651 1504 714 δῃῷτο
1533 654 1677 697 πᾶσα

260 723 346 771 καὶ
371 723 616 784 Ῥωμαῖοι
644 725 884 784 κάμνοιεν
912 723 996 774 ὑπ᾽
1026 726 1192 774 αὐτῶν
1221 726 1550 789 ἑκατέρωθεν.

331 803 404 846 17.
448 799 550 846 Καὶ
578 799 699 848 τάδε
723 799 815 862 μὲν
841 800 902 862 ἦν
920 800 1035 862 περὶ
1062 799 1328 859 Ἀννίβαν,
1357 799 1605 861 Ῥωμαῖοι
1633 801 1679 849 δὲ

259 876 329 937 τῷ
380 894 433 923 τε
492 874 695 937 μεγέθει
757 879 847 936 τῆς
912 876 1069 936 ἥττης
1122 881 1209 937 τῆς
1261 877 1549 938 Φλαμινίου
1598 878 1680 923 καὶ

262 948 541 1009 Κεντηνίου
594 954 996 1010 περιαλγοῦντες
1048 952 1110 1002 ὡς
1170 950 1356 1013 ἀνάξια
1404 953 1550 1016 σφῶν
1599 952 1678 1000 καὶ

260 1024 545 1088 παράλογα
583 1024 672 1073 καὶ
710 1024 873 1088 ἀθρόα
912 1024 1179 1080 παθόντες,
1209 1025 1296 1073 καὶ
1336 1026 1422 1074 τὸν
1459 1026 1683 1089 πόλεμον

259 1099 392 1148 ὅλως
432 1099 490 1147 οὐ
528 1099 766 1164 φέροντες
805 1099 945 1149 ἔνδον
983 1100 1107 1148 ὄντα
1148 1099 1271 1159 παρ᾽
1300 1101 1513 1158 ἑαυτοῖς,
1544 1101 1681 1147 ἄλλα

260 1195 314 1222 τε
341 1175 623 1236 κατέλεγον
650 1176 705 1222 ἐκ
722 1175 919 1236 Ῥώμης
943 1175 1066 1233 τέλη
1091 1179 1424 1236 στρατιωτῶν
1450 1175 1683 1241 τέσσαρα

258 1248 366 1312 μετ᾽
394 1249 546 1312 ὀργῆς
574 1249 659 1298 ἐπὶ
698 1250 785 1298 τὸν
809 1250 1078 1309 Ἀννίβαν,
1108 1251 1192 1300 καὶ
1233 1252 1349 1304 τοὺς
1376 1252 1681 1317 συμμάχους

259 1325 591 1390 πανταχόθεν
640 1326 845 1390 ἤγειρον
895 1327 942 1378 ἐς
991 1326 1283 1389 Ἰαπυγίαν.
1361 1327 1589 1379 ὑπάτους
1632 1348 1683 1375 τε

258 1400 525 1464 αἱροῦνται
552 1401 607 1447 ἐκ
645 1400 735 1460 μὲν
774 1400 922 1463 δόξης
964 1406 1248 1462 πολεμικῆς
1290 1400 1508 1449 Λεύκιον
1534 1400 1683 1462 Αἰμί-

257 1482 371 1522 λιον
398 1474 485 1523 τὸν
504 1474 785 1539 Ἰλλυριοῖς
805 1475 1199 1536 πολεμήσαντα,
1220 1476 1274 1524 ἐκ
1294 1475 1347 1524 δὲ
1367 1475 1680 1532 δημοκοπίας

259 1550 522 1614 Τερέντιον
562 1551 865 1614 Οὐάρρωνα,
893 1552 1073 1599 πολλὰ
1113 1552 1287 1602 αὐτοῖς
1327 1552 1382 1600 ἐκ
1418 1556 1506 1614 τῆς
1534 1552 1683 1614 συνή-

259 1625 378 1674 θους
443 1624 750 1687 δοξοκοπίας
815 1626 1247 1689 ὑπισχνούμενον.
1355 1626 1439 1675 καὶ
1501 1626 1682 1679 αὐτοὺς

258 1700 700 1762 παραπέμποντες
728 1700 956 1762 ἐξιόντας
993 1700 1189 1750 ἐδέοντο
1218 1704 1386 1765 κρῖναι
1414 1700 1501 1750 τὸν
1529 1700 1678 1750 πόλε-

259 1790 354 1832 μον
390 1768 553 1831 μάχῃ,
583 1768 671 1817 καὶ
708 1768 777 1831 μὴ
823 1769 914 1832 τὴν
956 1769 1112 1818 πόλιν
1141 1769 1408 1834 ἐκτρύχειν
1434 1769 1600 1834 χρόνῳ
1630 1793 1679 1813 τε

260 1837 349 1884 καὶ
378 1836 676 1901 στρατείαις
720 1838 967 1903 συνεχέσι
1007 1839 1092 1887 καὶ
1132 1840 1379 1902 ἐσφοραῖς
1420 1839 1506 1887 καὶ
1547 1845 1679 1903 λιμῷ

260 1906 348 1954 καὶ
375 1906 529 1971 ἀργίᾳ
557 1910 645 1967 τῆς
671 1911 765 1969 γῆς
792 1906 1085 1969 δῃουμένης.
1161 1906 1210 1955 οἱ
1235 1906 1286 1955 δὲ
1313 1906 1404 1967 τὴν
1432 1906 1680 1971 στρατιὰν

260 1974 353 2035 τὴν
403 1975 453 2022 ἐν
493 1974 738 2040 Ἰαπυγίᾳ
778 1974 1194 2039 προσλαβόντες,
1241 1975 1327 2024 καὶ
1370 1974 1427 2024 τὸ
1471 1974 1682 2038 σύμπαν

260 2043 463 2107 ἔχοντες
515 2044 695 2104 πεζοὺς
743 2044 832 2106 μὲν
886 2044 1326 2108 ἑπτακισμυρίους
1388 2045 1578 2096 ἱππέας
1641 2045 1678 2092 δ᾽

261 2111 668 2175 ἑξακισχιλίους,
723 2113 1160 2175 ἐστρατοπέδευον
1211 2114 1340 2175 ἀμφὶ
1392 2114 1533 2177 κώμῃ
1585 2114 1677 2162 τινὶ

259 2179 551 2243 καλουμένῃ
592 2181 833 2233 Κάνναις.
909 2181 995 2230 καὶ
1034 2179 1056 2229 ὁ
1083 2179 1326 2237 Ἀννίβας
1354 2182 1528 2232 αὐτοῖς
1567 2183 1679 2230 ἀντ-

261 2248 709 2311 εστρατοπέδευεν.
805 2249 961 2314 φύσει
1023 2249 1074 2297 δὲ
1138 2250 1202 2298 ὢν
1251 2250 1607 2313 φιλοπόλεμος
1657 2250 1678 2298 ὁ

257 2314 503 2374 Ἀννίβας
532 2317 616 2367 καὶ
646 2317 704 2366 οὔ
730 2316 857 2367 ποτε
885 2317 1052 2382 φέρων
1079 2319 1280 2382 ἀργίαν,
1303 2316 1419 2366 τότε
1443 2318 1676 2382 μάλιστα

261 2389 348 2446 τῆς
377 2385 597 2451 ἀπορίας
624 2387 782 2435 αὐτὸν
813 2387 1131 2454 ἐνοχλούσης
1171 2389 1422 2449 ἐξέτασσε
1449 2391 1676 2454 συνεχῶς

264 2490 354 2531 330
