1747 2693
141 280 244 314 CAP.

161 319 220 353 III

316 129 645 203 APPIAN'S
661 132 929 206 ROMAN
954 132 1280 209 HISTORY,
1293 125 1487 209 BOOK
1516 129 1638 209 VII

266 266 314 319 ἐς
337 267 529 333 μάχην,
559 266 731 321 δεδιὼς
756 267 825 329 μὴ
852 268 900 317 οἱ
924 267 1239 335 μισθοφόροι
1274 271 1579 333 μετάθοιντο
1604 270 1687 321 διὰ

265 344 357 408 τὴν
383 343 633 406 ἀμισθίαν
660 346 691 407 ἢ
718 345 1054 396 σκεδασθεῖεν
1080 347 1164 396 ἐπὶ
1192 347 1461 411 συλλογὴν
1481 348 1686 413 ἀγορᾶς.

264 423 350 472 καὶ
402 421 426 471 ὁ
474 422 567 485 μὲν
616 424 749 473 οὕτω
806 425 1153 488 προὐκαλεῖτο
1215 426 1331 479 τοὺς
1391 425 1685 491 πολεμίους.

270 506 342 548 18.
405 500 579 564 γνώμη
635 500 688 549 δὲ
749 505 849 551 τῶν
904 502 1116 551 ὑπάτων
1170 503 1245 563 ἦν,
1296 502 1542 567 Αἰμιλίου
1599 504 1689 569 μὲν

266 578 537 642 ὑπομένειν
575 578 924 646 ἐκτρύχοντας
960 579 1213 639 Ἀννίβαν
1252 583 1310 630 οὐ
1349 581 1689 647 δυνησόμενον

263 656 500 724 ἀντέχειν
551 659 635 707 ἐπὶ
685 659 825 708 πολὺ
877 657 960 708 διὰ
1009 657 1101 721 τὴν
1151 659 1391 725 ἀπορίαν,
1439 660 1567 722 μηδὲ
1607 661 1688 711 διὰ

261 734 435 801 χειρὸς
496 736 747 802 ἔρχεσθαι
812 737 1218 802 γεγυμνασμένῳ
1295 737 1541 802 πολέμοις
1600 740 1688 788 καὶ

261 814 525 880 εὐτυχίαις
575 814 721 880 ἀνδρὶ
769 816 854 865 καὶ
906 819 1131 881 στρατῷ,
1185 816 1452 878 Τερεντίου
1501 816 1558 874 δ᾽,
1604 818 1687 867 οἷα

262 891 574 955 δημοκόπου,
632 893 962 957 μνημονεύειν
1027 893 1095 942 ὧν
1158 893 1182 943 ὁ
1251 894 1405 958 δῆμος
1465 896 1690 958 ἐξιοῦσιν

264 970 577 1028 ἐνετέλλετο,
608 972 695 1020 καὶ
721 977 893 1037 κρῖναι
922 971 1014 1032 τὴν
1040 972 1216 1038 μάχην
1243 971 1411 1037 ὀξέως.
1487 973 1689 1023 τούτοιν

264 1047 487 1113 Αἰμιλίῳ
536 1048 629 1112 μὲν
666 1049 1005 1113 προσετίθετο
1050 1046 1345 1112 Σερουίλιος
1396 1049 1420 1099 ὁ
1469 1050 1690 1116 πέρυσιν

262 1127 459 1181 ὕπατος
488 1127 561 1176 ἔτι
580 1127 776 1191 παρών,
800 1128 1048 1193 Τερεντίῳ
1067 1128 1118 1177 δὲ
1136 1129 1252 1178 ὅσοι
1280 1150 1334 1178 τε
1360 1128 1464 1179 ἀπὸ
1489 1130 1688 1192 βουλῆς

262 1205 349 1254 καὶ
375 1209 475 1255 τῶν
501 1205 833 1270 καλουμένων
854 1206 1055 1256 ἱππέων
1076 1208 1294 1269 ἡγοῦντο
1313 1212 1401 1268 τῆς
1424 1212 1688 1272 στρατιᾶς.

261 1283 585 1351 ἀντεχόντων
635 1283 674 1332 δ᾽
726 1285 802 1334 ἔτι
851 1288 951 1334 τῶν
992 1284 1191 1349 ἑτέρων,
1233 1285 1256 1333 ὁ
1294 1284 1542 1345 Ἀννίβας
1585 1290 1688 1340 τοῖς

259 1366 674 1428 χορτολογοῦσιν
698 1363 869 1412 αὐτῶν
894 1363 924 1426 ἢ
963 1362 1317 1427 ξυλευομένοις
1345 1363 1688 1429 ἐπιτιθέμενος

261 1439 559 1505 ὑπεκρίνετο
617 1443 899 1503 ἡττᾶσθαι,
950 1442 1041 1491 καὶ
1090 1442 1207 1505 περὶ
1267 1443 1501 1510 ἐσχάτην
1561 1443 1687 1493 ποτὲ

257 1520 503 1585 φυλακὴν
541 1520 692 1570 ἐκίνει
732 1519 790 1570 τὸ
828 1521 1032 1582 πλῆθος
1072 1522 1135 1574 ὡς
1173 1520 1495 1584 ἀναζευγνύς.
1571 1520 1596 1571 ὁ
1634 1520 1687 1571 δὲ

258 1597 524 1662 Τερέντιος
563 1598 684 1647 ἰδὼν
725 1600 875 1663 ἐξῆγε
918 1600 1009 1661 τὴν
1049 1599 1307 1661 στρατιὰν
1349 1600 1412 1653 ὡς
1445 1599 1531 1649 ἐπὶ
1569 1599 1685 1666 φεύ-

258 1697 418 1738 γοντα
479 1675 565 1727 τὸν
613 1676 885 1738 Ἀννίβαν,
935 1677 1349 1742 ἀπαγορεύοντος
1412 1680 1550 1743 αὐτῷ
1598 1679 1686 1728 καὶ

257 1753 373 1804 τότε
405 1760 497 1805 τοῦ
522 1755 784 1819 Αἰμιλίου.
861 1759 925 1810 ὡς
969 1756 1021 1805 δὲ
1066 1758 1156 1806 οὐκ
1187 1756 1401 1813 ἔπειθεν,
1431 1755 1684 1819 οἰωνίζετο

257 1832 281 1883 ὁ
342 1833 580 1897 Αἰμίλιος
640 1833 718 1901 ἐφ᾽
781 1836 980 1893 ἑαυτοῦ,
1032 1836 1269 1901 καθάπερ
1318 1835 1549 1894 εἰώθασι,
1598 1836 1684 1885 καὶ

255 1911 477 1978 πέμψας
527 1912 752 1964 ὁδεύοντι
800 1915 897 1975 ἤδη
948 1919 1017 1980 τῷ
1067 1913 1316 1979 Τερεντίῳ
1361 1913 1450 1974 τὴν
1493 1913 1684 1978 ἡμέραν

256 1989 508 2041 ἀπαίσιον
548 1992 724 2055 ἔλεγεν
768 1993 911 2042 εἶναι.
988 1992 1012 2042 ὁ
1053 1991 1094 2041 δ᾽
1140 1991 1351 2057 ἐπανῄει
1382 1991 1487 2057 μέν,
1516 1992 1681 2043 αἰδού-

253 2091 402 2129 μενος
429 2071 623 2124 οἰωνοῖς
651 2073 953 2135 ἀπειθῆσαι,
982 2071 1072 2126 τὰς
1100 2071 1151 2121 δὲ
1178 2072 1339 2135 κόμας
1367 2074 1416 2120 ἐν
1443 2073 1566 2136 ὄψει
1593 2076 1681 2134 τῆς

256 2152 504 2211 στρατιᾶς
549 2148 785 2200 ἐτίλλετο
832 2150 917 2200 καὶ
959 2154 1211 2216 χαλεπῶς
1261 2150 1437 2217 ἔφερεν
1481 2152 1545 2204 ὡς
1588 2149 1680 2212 τὴν

254 2227 396 2289 νίκην
422 2228 741 2292 ἀφῃρνμένος
771 2231 870 2279 ὑπὸ
912 2228 1228 2290 ζηλοτυπίας
1267 2233 1359 2279 τοῦ
1396 2229 1675 2296 συνάρχου.

252 2306 337 2354 καὶ
365 2305 423 2356 τὸ
451 2309 653 2371 πλῆθος
681 2308 819 2374 αὐτῷ
847 2308 1242 2372 συνηγανάκτει.

253 2480 339 2524 332
