1747 2693
319 428 391 470 19.
452 420 682 480 Αννίβου
732 419 787 476 δ᾽,
845 421 957 468 ἐπεὶ
1006 424 1095 480 τῆς
1145 418 1326 482 πείρας
1377 420 1662 482 ἐξέπιπτεν,

245 496 433 546 αὐτίκα
474 498 520 549 ἐς
560 496 619 545 τὸ
657 494 1012 557 στρατόπεδον
1051 493 1427 545 ἐπανελθόντος
1463 495 1548 542 καὶ
1574 494 1664 554 τὴν

244 574 521 633 ὑπόκρισιν
564 571 896 634 ἐκφήναντος,
954 569 1067 617 οὐδὲ
1118 569 1255 617 τοῦτ᾽
1305 569 1544 617 ἐδίδασκε
1581 568 1665 618 τὸν

243 647 507 712 Τερέντιον
547 645 701 694 πάνθ᾽
742 647 977 693 ὑπονοεῖν
1018 644 1083 692 τὰ
1125 643 1389 702 Ἀννίβου,
1432 643 1551 691 ἀλλ᾽
1602 646 1665 696 ὡς

244 723 394 789 εἶχεν,
424 723 476 770 ἐν
502 725 606 772 τοῖς
632 721 817 773 ὅπλοις
855 722 902 773 ἐς
942 720 999 768 τὸ
1039 721 1355 782 στρατήγιον
1383 719 1665 782 ἐσδραμών,

243 797 511 863 παρόντων
539 797 614 845 ἔτι
640 800 739 844 τῶν
775 817 829 843 τε
867 795 970 844 ἀπὸ
1008 796 1209 855 βουλῆς
1245 796 1332 843 καὶ
1370 795 1667 860 ταξιάρχων

245 875 328 923 καὶ
355 872 666 938 χιλιάρχων,
695 870 875 934 ᾐτιᾶτο
904 870 1019 932 περὶ
1057 873 1156 917 τῶν
1195 870 1382 917 οἰωνῶν
1409 868 1495 918 τὸν
1520 869 1667 932 Αἰμί-

244 957 356 997 λιον
382 945 828 1012 προφασίσασθαι
856 945 943 994 καὶ
962 944 1104 1005 νίκην
1124 945 1351 1009 φανερὰν
1377 944 1667 1009 ἀφελέσθαι

245 1023 334 1084 τὴν
361 1023 532 1078 πόλιν,
562 1022 808 1069 ὀκνοῦντα
851 1020 949 1068 ὑπὸ
990 1019 1199 1074 δειλίας,
1227 1020 1257 1080 ἢ
1298 1019 1346 1067 οἱ
1379 1021 1668 1085 φθονοῦντα

246 1100 328 1147 διὰ
383 1096 716 1159 ζηλοτυπίαν.
815 1097 946 1144 οὕτω
999 1094 1037 1142 δ᾽
1090 1097 1252 1143 αὐτοῦ
1305 1098 1534 1153 βοῶντος
1584 1095 1667 1143 ὑπ᾽

245 1176 398 1240 ὀργῆς
424 1176 452 1234 ἡ
482 1172 706 1233 στρατιὰ
732 1173 1066 1233 περιεστῶσα
1094 1170 1184 1230 τὴν
1214 1170 1406 1232 σκηνὴν
1434 1169 1667 1233 ἐπήκουε,

243 2350 401 2414 βρίαν
426 2352 570 2414 εὖρον
593 2350 793 2412 ζοφώδη
814 2349 902 2398 τὸν
921 2352 1092 2414 χῶρον
1107 2349 1161 2410 ἐξ
1178 2347 1322 2400 ἔθους
1343 2346 1665 2406 ἐπιπνέοντα,

243 1251 330 1298 καὶ
368 1250 456 1297 τὸν
482 1247 726 1311 Αἰμίλιον
763 1245 1159 1309 ἐβλασφήμουν.
1236 1244 1258 1293 ὁ
1287 1245 1340 1292 δὲ
1377 1245 1557 1294 πολλὰ
1581 1246 1670 1307 μὲν

243 1326 355 1374 εἶπε
397 1328 502 1376 τοῖς
542 1323 684 1371 ἔνδον
730 1321 1063 1385 συμφέροντα
1101 1321 1283 1381 μάτην,
1313 1319 1562 1386 Τερεντίῳ
1602 1321 1667 1377 δέ,

245 1462 331 1511 καὶ
391 1466 480 1540 τῆς
541 1459 788 1519 ἐπιούσης
838 1458 1120 1520 ἐξέτασσεν
1170 1457 1325 1510 αὐτὸς
1374 1457 1666 1520 ἡγούμενος·

246 1599 332 1647 καὶ
372 1598 487 1646 τότε
528 1597 617 1657 μὲν
667 1597 757 1644 οὐκ
799 1596 1082 1657 ἐπεξῆλθεν
1132 1595 1213 1657 (οὐ
1260 1595 1362 1657 γάρ
1412 1617 1493 1642 πω
1542 1595 1668 1658 πρὸς

244 1668 421 1732 μάχην
461 1667 795 1726 διετέτακτο),
824 1668 886 1728 τῇ
928 1663 967 1710 δ᾽
1011 1662 1228 1728 ἐπιούσῃ
1272 1664 1583 1723 κατέβαινον
1623 1664 1669 1714 ἐς

243 1874 415 1922 αὐτῶν
441 1872 551 1937 εἶχε
576 1875 693 1924 τοὺς
727 1869 909 1930 πεζοὺς
954 1872 1003 1918 ἐν
1042 1869 1199 1930 μέσῳ,
1228 1868 1345 1921 τοὺς
1385 1868 1435 1916 δὲ
1474 1869 1669 1934 ψιλοὺς

244 1940 333 1990 καὶ
359 1940 553 1992 ἱππέας
581 1938 912 2004 ἑκατέρωθεν.
988 1937 1274 1998 στρατηγοὶ
1308 1936 1347 1983 δ᾽
1374 1938 1667 2002 ἐφειστήκε-

243 2032 342 2058 σαν
369 2013 441 2074 τῷ
464 2009 605 2071 μέσῳ
632 2007 723 2071 μὲν
742 2006 1000 2070 Αἰμίλιος,
1024 2009 1092 2070 τῷ
1120 2005 1173 2053 δὲ
1197 2008 1332 2070 λαιῷ
1359 2002 1666 2066 Σερουίλιος,

243 2077 507 2142 Τερέντιος
547 2077 599 2125 δὲ
644 2079 749 2129 τοῖς
793 2075 878 2124 ἐπὶ
921 2075 1078 2136 δεξιά,
1108 2072 1309 2139 χιλίους
1353 2074 1481 2137 ἀμφ᾽
1512 2074 1667 2123 αὑτὸν

242 2216 346 2279 ὅπῃ
395 2236 446 2262 τι
504 2212 704 2271 πονοίη.
776 2213 908 2260 οὕτω
969 2211 1060 2274 μὲν
1115 2211 1363 2272 ἐτάξαντο
1411 2211 1665 2274 Ῥωμαῖοι·

247 2290 322 2331 20.
361 2282 386 2333 ὁ
430 2281 473 2328 δ᾽
511 2281 759 2337 Ἀννίβας
797 2285 982 2346 πρῶτα
1026 2280 1131 2343 μέν,
1159 2278 1300 2330 εἰδὼς
1326 2279 1441 2342 περὶ
1474 2300 1666 2342 μεσημ-

246 1394 384 1456 πλὴν
413 1390 727 1457 Σερουιλίου,
758 1393 858 1438 τῶν
897 1389 1076 1437 ἄλλων
1115 1388 1491 1453 συντιθεμένων
1523 1389 1667 1453 εἶξεν.

245 1550 539 1595 παρεχώρει
566 1528 665 1589 γὰρ
694 1527 716 1575 ὁ
757 1526 1035 1590 Τερέντιος.
1108 1524 1358 1585 Ἀννίβας
1397 1525 1435 1573 δ᾽
1464 1525 1667 1589 ᾔσθετο,

243 1736 302 1785 τὸ
322 1734 496 1784 πεδίον
1037 1731 1126 1795 μὲν
1149 1733 1197 1784 ἐς
1216 1730 1333 1795 τρία
1355 1731 1667 1794 τεταγμένοι,
515 1734 762 1798 ἑκάτεροι,
772 1734 1019 1795 Ῥωμαῖοι

243 1804 426 1869 μικρὸν
453 1803 542 1852 ἀπ᾽
570 1802 821 1865 ἀλλήλων
848 1801 1135 1855 διεστῶτες,
1162 1800 1248 1847 καὶ
1273 1800 1421 1866 μέρος
1449 1801 1671 1849 ἕκαστον

244 2149 461 2198 ἕκαστος
506 2145 638 2210 ἔχων
689 2144 882 2196 ἱππέας
931 2143 1337 2205 ἐπειλεγμένους,
1382 2144 1669 2207 ἐπικουρεῖν

307 120 602 162 APPIAN'S
652 121 885 163 ROMAN
936 120 1245 174 HISTORY,
1280 119 1458 162 BOOK
1507 118 1597 161 VII

926 295 993 339 IV

249 2457 337 2497 334

123 433 220 465 CAP.

147 474 190 503 IV
