1747 2693
108 262 216 301 CAP.

137 305 188 342 IV

290 109 619 206 APPIAN'S
635 109 896 193 ROMAN
916 106 1258 196 HISTORY,
1267 106 1461 200 BOOK
1500 112 1603 180 VII

236 258 543 322 προύλαβεν
583 257 684 323 ὅπῃ
726 256 861 305 κατὰ
900 256 1063 305 νώτου
1105 256 1163 306 τὸ
1202 262 1404 321 πνεῦμα
1448 259 1661 322 ἔμελλεν

237 334 381 395 ἕξειν·
423 332 604 381 ἔπειτα
648 332 696 385 ἐς
736 333 848 395 ὄρος
885 329 1180 397 περίφυτον
1209 332 1295 381 καὶ
1323 335 1661 397 φαραγγῶδες

238 406 431 460 ἱππέας
458 405 834 472 προενήδρευσε
859 406 948 456 καὶ
982 405 1194 471 ψιλούς,
1223 407 1297 460 οἷς
1325 409 1511 473 εἴρητο,
1539 409 1662 458 ὅταν

237 481 294 531 αἱ
317 481 591 547 φάλαγγες
617 481 779 544 ἔργων
818 480 1041 548 ἔχωνται
1078 480 1166 530 καὶ
1203 480 1261 531 τὸ
1298 486 1500 546 πνεῦμα
1527 482 1661 549 ἐπίῃ,

235 555 458 607 κατόπιν
504 554 779 619 γίγνεσθαι
839 558 940 605 τῶν
1000 554 1278 620 πολεμίων.
1377 556 1562 622 ἄνδρας
1610 580 1664 608 τε

236 630 611 684 πεντακοσίους
639 630 975 694 Κελτίβηρας
997 630 1082 680 ἐπὶ
1100 635 1204 684 τοῖς
1224 636 1438 697 μακροῖς
1460 631 1664 700 ξίφεσιν

233 707 334 757 ὑπὸ
352 711 457 760 τοῖς
472 710 694 774 χιτῶσιν
710 706 853 755 ἄλλα
866 705 998 771 ξίφη
1015 707 1322 774 βραχύτερα
1339 708 1662 773 περιέζωσεν,

231 783 306 835 οἷς
356 781 572 845 ἔμελλεν
621 780 776 834 αὐτὸς
825 780 911 830 ὅτε
961 780 1063 829 δέοι
1112 782 1348 848 χρῆσθαι
1398 787 1661 847 σημανεῖν.

233 856 525 921 σύμπασαν
550 856 603 906 δὲ
629 856 721 919 τὴν
745 855 998 921 στρατιὰν
1014 854 1253 910 κἀκεῖνος
1269 858 1316 910 ἐς
1343 856 1462 922 τρία
1489 857 1663 924 διῄρει,

233 932 320 981 καὶ
337 932 453 986 τοὺς
473 931 663 985 ἱππέας
684 935 789 985 τοῖς
811 931 1037 994 κέρασιν
1350 934 1405 981 ἐκ
1421 934 1664 996 μεγάλων
1039 922 1342 1006 ἐπέτασσεν

233 1008 618 1068 διαστημάτων,
684 1007 726 1056 εἰ
799 1006 1034 1057 δύναιντο
1548 1010 1663 1063 τοὺς
1098 1002 1500 1068 κυκλώσασθαι

233 1082 529 1143 πολεμίους.
605 1082 867 1143 ἐπέστησε
917 1082 970 1131 δὲ
1006 1084 1076 1147 τῷ
1114 1082 1204 1143 μὲν
1244 1082 1391 1148 δεξιῷ
1425 1084 1663 1147 Μάγωνα

234 1158 322 1209 τὸν
348 1156 590 1223 ἀδελφόν,
611 1160 681 1223 τῷ
709 1157 759 1207 δὲ
789 1158 941 1221 ἑτέρῳ
970 1157 1058 1207 τὸν
1086 1158 1398 1222 ἀδελφιδοῦν
1409 1158 1660 1210 Ἄννωνα·

233 1234 292 1284 τὸ
319 1234 370 1283 δὲ
400 1234 560 1293 μέσον
598 1232 751 1287 αὐτὸς
789 1232 899 1300 εἶχε
938 1232 1073 1282 κατὰ
1112 1232 1265 1295 δόξαν
1303 1233 1549 1295 Αἰμιλίου
1575 1240 1663 1298 τῆς

233 1308 514 1373 ἐμπειρίας.
603 1307 860 1375 δισχίλιοί
897 1329 954 1357 τε
992 1308 1167 1361 ἱππεῖς
1206 1307 1471 1359 ἐπίλεκτοι
1509 1311 1662 1375 παρέ-

233 1385 350 1434 θεον
391 1384 547 1448 αὐτῷ,
584 1383 672 1433 καὶ
717 1383 1001 1444 Μαάρβαλ
1042 1381 1242 1449 ἑτέρους
1286 1383 1421 1451 ἔχων
1458 1384 1664 1451 χιλίους

233 1459 507 1525 ἐφήδρευεν
556 1459 660 1521 ὅπῃ
711 1479 759 1507 τι
821 1457 1134 1519 πονούμενον
1185 1458 1297 1508 ἴδοι.
1396 1459 1483 1509 καὶ
1543 1460 1664 1510 τάδε

233 1535 493 1601 πράσσων
541 1534 589 1586 ἐς
640 1532 878 1597 δευτέραν
925 1533 1224 1597 παρέτεινεν
1271 1531 1422 1597 ὥραν,
1473 1533 1555 1583 ἵνα
1605 1536 1663 1586 τὸ

232 1614 438 1670 πνεῦμα
465 1610 666 1658 θᾶσσον
692 1607 918 1658 ἐπέλθοι.

305 1684 379 1727 21.
422 1676 712 1741 Γενομένων
750 1676 802 1726 δὲ
838 1676 1049 1726 πάντων
1091 1679 1350 1742 εὐτρεπῶν
1389 1678 1659 1744 ἑκατέροις,

232 1747 281 1796 οἱ
315 1747 602 1809 στρατηγοὶ
640 1744 831 1795 διέθεον
871 1750 1299 1810 παρακαλοῦντες
1335 1746 1535 1803 αὐτούς,
1576 1750 1661 1797 καὶ

234 1814 625 1878 ὑπεμίμνησκον
673 1813 721 1863 οἱ
766 1813 858 1878 μὲν
899 1813 1087 1877 γονέων
1123 1835 1179 1863 τε
1216 1815 1302 1863 καὶ
1339 1814 1539 1865 παίδων
1576 1818 1661 1866 καὶ

231 1887 489 1948 γυναικῶν
538 1883 627 1932 καὶ
675 1887 767 1944 τῆς
813 1882 1255 1945 προγεγενημένης
1289 1883 1474 1945 ἥττης,
1508 1886 1573 1938 ὡς
1611 1886 1663 1934 ἐν

232 1952 353 2016 τῇδε
390 1956 451 2016 τῇ
489 1952 634 2019 μάχῃ
671 1951 791 2017 περὶ
829 1950 1088 2016 σωτηρίας
1125 1952 1540 2016 κριθησομένους,
1570 1952 1593 2001 ὁ
1622 1954 1661 2002 δ᾽

232 2019 481 2079 Ἀννίβας
521 2024 622 2070 τῶν
662 2042 717 2069 τε
767 2018 1157 2084 προγεγονότων
1201 2020 1287 2069 ἐπὶ
1337 2021 1512 2070 τοῖσδε
1556 2027 1661 2075 τοῖς

233 2089 454 2155 ἀνδράσι
481 2088 913 2154 κατορθωμάτων,
940 2089 1027 2138 καὶ
1055 2090 1120 2141 ὡς
1148 2088 1370 2157 αἰσχρὸν
1397 2090 1659 2150 ἡττᾶσθαι

234 2161 337 2209 τῶν
362 2156 674 2219 ἡττημένων.
749 2157 861 2207 ἐπεὶ
889 2157 929 2205 δ᾽
956 2156 1017 2205 αἵ
1036 2178 1090 2206 τε
1129 2158 1425 2222 σάλπιγγες
1449 2157 1660 2223 ἤχησαν

235 2227 322 2278 καὶ
361 2226 415 2275 αἱ
452 2226 724 2290 φαλάγγες
762 2224 1008 2287 ἐβόησαν,
1048 2229 1255 2287 πρῶτον
1290 2225 1381 2289 μὲν
1420 2228 1588 2276 αὐτῶν
1614 2228 1662 2277 οἱ

236 2294 445 2357 τοξόται
483 2295 570 2344 καὶ
614 2293 961 2359 σφενδονῆται
998 2293 1087 2343 καὶ
1122 2293 1401 2354 λιθοβόλοι
1439 2296 1658 2358 προδρα-

233 2363 410 2425 μόντες
457 2364 506 2417 ἐς
543 2363 601 2413 τὸ
637 2365 797 2424 μέσον
835 2362 1087 2424 ἀλλήλων
1124 2368 1403 2430 κατῆρχον,
1439 2363 1569 2427 μετὰ
1608 2364 1659 2414 δὲ

222 2448 338 2529 336
