<?xml version="1.0" encoding="UTF-8"?>
<PcGts xmlns="http://schema.primaresearch.org/PAGE/gts/pagecontent/2013-07-15" xmlns:xsi="http://www.w3.org/2001/XMLSchema-instance" xsi:schemaLocation="http://schema.primaresearch.org/PAGE/gts/pagecontent/2013-07-15 http://schema.primaresearch.org/PAGE/gts/pagecontent/2013-07-15/pagecontent.xsd">
	<Metadata>
	<Creator></Creator>
	<Created>2014-06-13T02:09:12</Created>
	<LastChange>2014-06-14T20:39:55</LastChange></Metadata>
	<Page imageFilename="0354.jpg" imageWidth="1747" imageHeight="2693">
	<TextRegion id="r345" type="paragraph">
	<Coords points="88,247 88,339 198,339 198,247"/>
	<TextLine id="r346">
	<Coords points="94,254 94,297 188,297 188,254"/>
	<Word id="r348">
	<Coords points="97,258 97,295 186,295 186,258"/>
	<TextEquiv>
	<Unicode>CAP</Unicode></TextEquiv></Word>
	<TextEquiv>
	<Unicode>CAP</Unicode></TextEquiv></TextLine>
	<TextLine id="r347">
	<Coords points="123,299 123,335 185,335 185,299"/>
	<Word id="r349">
	<Coords points="125,299 125,333 176,333 176,299"/>
	<TextEquiv>
	<Unicode>IV</Unicode></TextEquiv></Word>
	<TextEquiv>
	<Unicode>IV</Unicode></TextEquiv></TextLine></TextRegion>
	<TextRegion id="r1" type="paragraph">
	<Coords points="204,212 229,61 1667,61 1665,226 1691,2476 174,2622 83,2431 201,345 202,270 205,221"/>
	<TextLine id="r337">
	<Coords points="264,90 264,183 1619,183 1619,90"/>
	<Word id="r339">
	<Coords points="270,103 270,183 596,183 596,103"/>
	<TextEquiv>
	<Unicode>APPIAN'S</Unicode></TextEquiv></Word>
	<Word id="r340">
	<Coords points="619,103 619,180 880,180 880,103"/>
	<TextEquiv>
	<Unicode>ROMAN</Unicode></TextEquiv></Word>
	<Word id="r341">
	<Coords points="906,103 906,183 1232,183 1232,103"/>
	<TextEquiv>
	<Unicode>HISTORY,</Unicode></TextEquiv></Word>
	<Word id="r342">
	<Coords points="1248,103 1248,183 1445,183 1445,103"/>
	<TextEquiv>
	<Unicode>BOOK</Unicode></TextEquiv></Word>
	<Word id="r343">
	<Coords points="1470,103 1470,177 1596,177 1596,103"/>
	<TextEquiv>
	<Unicode>VII</Unicode></TextEquiv></Word>
	<TextEquiv>
	<Unicode>APPIAN'S ROMAN HISTORY, BOOK VII</Unicode></TextEquiv></TextLine>
	<TextLine id="r2">
	<Coords points="1243,243 1323,243 1323,244 1324,244 1324,245 1325,245 1325,265 1509,265 1509,260 1510,260 1510,251 1511,251 1511,250 1512,250 1512,249 1546,249 1546,247 1547,247 1547,246 1548,246 1548,244 1549,244 1549,243 1553,243 1553,265 1635,265 1635,266 1637,266 1637,267 1638,267 1638,268 1639,268 1639,269 1641,269 1641,273 1640,273 1640,274 1637,274 1637,290 1636,290 1636,293 1635,293 1635,294 1634,294 1634,295 1631,295 1631,296 1629,296 1629,295 1628,295 1628,292 1509,292 1509,293 1507,293 1507,294 1506,294 1506,299 1505,299 1505,306 1504,306 1504,308 1503,308 1503,309 1501,309 1501,308 1500,308 1500,299 1375,299 1375,300 1374,300 1374,303 1373,303 1373,305 1372,305 1372,306 1326,306 1326,307 1324,307 1324,303 1323,303 1323,292 1217,292 1217,293 1214,293 1214,292 1040,292 1040,293 947,293 947,301 946,301 946,303 945,303 945,307 894,307 894,308 893,308 893,309 891,309 891,310 888,310 888,311 887,311 887,310 885,310 885,309 862,309 862,308 861,308 861,297 743,297 743,300 742,300 742,303 741,303 741,305 740,305 740,306 739,306 739,307 703,307 703,308 701,308 701,307 700,307 700,293 562,293 562,294 554,294 554,295 553,295 553,298 552,298 552,304 551,304 551,309 550,309 550,310 549,310 549,309 548,309 548,295 425,295 425,296 423,296 423,297 420,297 420,298 419,298 419,299 417,299 417,298 416,298 416,295 229,295 229,293 228,293 228,279 222,279 222,278 221,278 221,276 220,276 220,274 221,274 221,272 222,272 222,270 224,270 224,269 298,269 298,259 299,259 299,257 300,257 300,255 301,255 301,253 302,253 302,251 303,251 303,249 304,249 304,247 306,247 306,246 309,246 309,247 310,247 310,267 501,267 501,248 502,248 502,247 503,247 503,246 506,246 506,245 508,245 508,246 509,246 509,247 607,247 607,254 620,254 620,255 623,255 623,256 625,256 625,257 626,257 626,258 627,258 627,259 628,259 628,261 629,261 629,262 630,262 630,263 631,263 631,267 847,267 847,248 848,248 848,246 928,246 928,245 929,245 929,244 932,244 932,247 933,247 933,265 1103,265 1103,248 1104,248 1104,246 1107,246 1107,245 1243,245"/>
	<Word id="r73">
	<Coords points="309,246 309,247 310,247 310,267 423,267 423,268 425,268 425,269 428,269 428,270 429,270 429,271 430,271 430,272 431,272 431,276 429,276 429,277 427,277 427,293 426,293 426,295 425,295 425,296 423,296 423,297 420,297 420,298 419,298 419,299 417,299 417,298 416,298 416,295 229,295 229,293 228,293 228,279 222,279 222,278 221,278 221,276 220,276 220,274 221,274 221,272 222,272 222,270 224,270 224,269 298,269 298,259 299,259 299,257 300,257 300,255 301,255 301,253 302,253 302,251 303,251 303,249 304,249 304,247 306,247 306,246"/>
	<TextEquiv>
	<Unicode>τούτους</Unicode></TextEquiv></Word>
	<Word id="r74">
	<Coords points="508,245 508,246 509,246 509,247 510,247 510,249 509,249 509,250 508,250 508,285 507,285 507,288 506,288 506,290 505,290 505,291 504,291 504,292 503,292 503,293 501,293 501,294 500,294 500,295 498,295 498,294 497,294 497,293 462,293 462,292 460,292 460,291 459,291 459,290 458,290 458,288 457,288 457,285 458,285 458,280 459,280 459,278 460,278 460,277 461,277 461,275 462,275 462,273 463,273 463,272 464,272 464,271 465,271 465,270 466,270 466,269 469,269 469,268 482,268 482,267 501,267 501,248 502,248 502,247 503,247 503,246 506,246 506,245"/>
	<TextEquiv>
	<Unicode>αἱ</Unicode></TextEquiv></Word>
	<Word id="r75">
	<Coords points="607,247 607,254 620,254 620,255 623,255 623,256 625,256 625,257 626,257 626,258 627,258 627,259 628,259 628,261 629,261 629,262 630,262 630,263 631,263 631,267 798,267 798,268 801,268 801,269 803,269 803,270 804,270 804,271 805,271 805,272 806,272 806,275 804,275 804,276 801,276 801,293 800,293 800,294 799,294 799,295 798,295 798,296 796,296 796,297 743,297 743,300 742,300 742,303 741,303 741,305 740,305 740,306 739,306 739,307 703,307 703,308 701,308 701,307 700,307 700,293 562,293 562,294 554,294 554,295 553,295 553,298 552,298 552,304 551,304 551,309 550,309 550,310 549,310 549,309 548,309 548,293 546,293 546,292 544,292 544,291 542,291 542,290 541,290 541,289 540,289 540,287 539,287 539,286 538,286 538,284 537,284 537,277 538,277 538,276 539,276 539,274 540,274 540,273 541,273 541,272 542,272 542,271 544,271 544,270 545,270 545,269 547,269 547,268 551,268 551,267 555,267 555,266 556,266 556,265 557,265 557,253 558,253 558,251 561,251 561,250 603,250 603,248 605,248 605,247"/>
	<TextEquiv>
	<Unicode>φάλαγγες</Unicode></TextEquiv></Word>
	<Word id="r76">
	<Coords points="932,244 932,247 933,247 933,265 1015,265 1015,266 1032,266 1032,267 1062,267 1062,268 1063,268 1063,274 1062,274 1062,276 1061,276 1061,277 1059,277 1059,281 1058,281 1058,282 1057,282 1057,283 1056,283 1056,284 1055,284 1055,285 1054,285 1054,286 1053,286 1053,287 1051,287 1051,288 1050,288 1050,289 1049,289 1049,290 1047,290 1047,291 1044,291 1044,292 1040,292 1040,293 947,293 947,301 946,301 946,303 945,303 945,307 894,307 894,308 893,308 893,309 891,309 891,310 888,310 888,311 887,311 887,310 885,310 885,309 862,309 862,308 861,308 861,293 845,293 845,292 843,292 843,291 841,291 841,290 840,290 840,289 838,289 838,287 837,287 837,285 836,285 836,281 835,281 835,280 836,280 836,278 837,278 837,275 838,275 838,274 839,274 839,272 840,272 840,271 841,271 841,270 842,270 842,269 843,269 843,268 846,268 846,267 847,267 847,248 848,248 848,246 928,246 928,245 929,245 929,244"/>
	<TextEquiv>
	<Unicode>ἐχώρουν</Unicode></TextEquiv></Word>
	<Word id="r77">
	<Coords points="1166,245 1166,246 1167,246 1167,248 1168,248 1168,250 1169,250 1169,253 1170,253 1170,256 1171,256 1171,259 1172,259 1172,281 1176,281 1176,282 1177,282 1177,284 1176,284 1176,285 1175,285 1175,287 1174,287 1174,289 1173,289 1173,290 1171,290 1171,291 1169,291 1169,292 1100,292 1100,291 1097,291 1097,290 1095,290 1095,289 1093,289 1093,287 1092,287 1092,283 1091,283 1091,278 1092,278 1092,276 1093,276 1093,273 1094,273 1094,272 1095,272 1095,271 1096,271 1096,269 1098,269 1098,268 1099,268 1099,267 1102,267 1102,266 1103,266 1103,248 1104,248 1104,246 1107,246 1107,245"/>
	<TextEquiv>
	<Unicode>ἐπὶ</Unicode></TextEquiv></Word>
	<Word id="r78">
	<Coords points="1246,243 1246,244 1247,244 1247,245 1248,245 1248,247 1249,247 1249,250 1250,250 1250,251 1251,251 1251,254 1252,254 1252,255 1253,255 1253,257 1254,257 1254,258 1255,258 1255,267 1256,267 1256,268 1257,268 1257,269 1258,269 1258,270 1259,270 1259,273 1260,273 1260,281 1259,281 1259,284 1258,284 1258,285 1257,285 1257,287 1255,287 1255,289 1253,289 1253,290 1252,290 1252,291 1250,291 1250,292 1217,292 1217,293 1214,293 1214,291 1213,291 1213,277 1206,277 1206,275 1205,275 1205,269 1206,269 1206,268 1208,268 1208,267 1243,267 1243,243"/>
	<TextEquiv>
	<Unicode>τὸ</Unicode></TextEquiv></Word>
	<Word id="r79">
	<Coords points="1323,243 1323,244 1324,244 1324,245 1325,245 1325,265 1443,265 1443,266 1445,266 1445,268 1446,268 1446,283 1458,283 1458,284 1459,284 1459,286 1460,286 1460,293 1459,293 1459,295 1458,295 1458,296 1457,296 1457,297 1455,297 1455,298 1453,298 1453,299 1375,299 1375,300 1374,300 1374,303 1373,303 1373,305 1372,305 1372,306 1326,306 1326,307 1324,307 1324,303 1323,303 1323,292 1308,292 1308,291 1305,291 1305,290 1304,290 1304,289 1303,289 1303,288 1302,288 1302,286 1301,286 1301,282 1300,282 1300,277 1301,277 1301,275 1302,275 1302,273 1303,273 1303,272 1304,272 1304,271 1305,271 1305,258 1306,258 1306,247 1307,247 1307,246 1319,246 1319,245 1320,245 1320,244 1321,244 1321,243"/>
	<TextEquiv>
	<Unicode>ἔργον,</Unicode></TextEquiv></Word>
	<Word id="r80">
	<Coords points="1553,243 1553,265 1635,265 1635,266 1637,266 1637,267 1638,267 1638,268 1639,268 1639,269 1641,269 1641,273 1640,273 1640,274 1637,274 1637,290 1636,290 1636,293 1635,293 1635,294 1634,294 1634,295 1631,295 1631,296 1629,296 1629,295 1628,295 1628,292 1509,292 1509,293 1507,293 1507,294 1506,294 1506,299 1505,299 1505,306 1504,306 1504,308 1503,308 1503,309 1501,309 1501,308 1500,308 1500,290 1497,290 1497,289 1496,289 1496,288 1495,288 1495,287 1494,287 1494,286 1493,286 1493,285 1492,285 1492,284 1491,284 1491,281 1490,281 1490,280 1491,280 1491,273 1492,273 1492,272 1493,272 1493,271 1494,271 1494,269 1495,269 1495,268 1497,268 1497,267 1499,267 1499,266 1501,266 1501,265 1509,265 1509,260 1510,260 1510,251 1511,251 1511,250 1512,250 1512,249 1546,249 1546,247 1547,247 1547,246 1548,246 1548,244 1549,244 1549,243"/>
	<TextEquiv>
	<Unicode>φόνος</Unicode></TextEquiv></Word>
	<TextEquiv>
	<Unicode>τούτους αἱ φάλαγγες ἐχώρουν ἐπὶ τὸ ἔργον, φόνος</Unicode></TextEquiv></TextLine>
	<TextLine id="r4">
	<Coords points="1538,311 1543,311 1543,333 1642,333 1642,334 1643,334 1643,338 1642,338 1642,341 1641,341 1641,344 1640,344 1640,346 1639,346 1639,347 1638,347 1638,348 1637,348 1637,349 1636,349 1636,350 1635,350 1635,352 1634,352 1634,353 1632,353 1632,354 1631,354 1631,355 1629,355 1629,356 1627,356 1627,357 1625,357 1625,358 1623,358 1623,359 1602,359 1602,360 1489,360 1489,363 1488,363 1488,365 1487,365 1487,371 1486,371 1486,373 1485,373 1485,374 1483,374 1483,373 1482,373 1482,372 1438,372 1438,371 1433,371 1433,370 1432,370 1432,360 1318,360 1318,365 1317,365 1317,370 1316,370 1316,372 1315,372 1315,373 1313,373 1313,372 1311,372 1311,371 1310,371 1310,360 1198,360 1198,362 1197,362 1197,363 1194,363 1194,364 1191,364 1191,365 1103,365 1103,369 1102,369 1102,370 1101,370 1101,371 1100,371 1100,360 1042,360 1042,359 911,359 911,361 910,361 910,362 909,362 909,363 908,363 908,364 905,364 905,365 902,365 902,364 901,364 901,361 666,361 666,364 665,364 665,367 664,367 664,370 663,370 663,374 662,374 662,375 658,375 658,374 657,374 657,366 578,366 578,362 461,362 461,363 446,363 446,362 322,362 322,363 305,363 305,364 230,364 230,363 229,363 229,361 228,361 228,347 221,347 221,346 220,346 220,343 221,343 221,340 222,340 222,339 223,339 223,338 228,338 228,337 266,337 266,336 373,336 373,317 374,317 374,316 376,316 376,317 377,317 377,318 378,318 378,320 379,320 379,322 380,322 380,325 381,325 381,327 382,327 382,329 383,329 383,336 494,336 494,326 495,326 495,324 496,324 496,320 497,320 497,317 498,317 498,315 500,315 500,314 503,314 503,336 649,336 649,322 650,322 650,320 651,320 651,318 652,318 652,317 653,317 653,316 654,316 654,315 656,315 656,314 662,314 662,315 664,315 664,316 665,316 665,317 666,317 666,318 667,318 667,320 668,320 668,335 822,335 822,321 823,321 823,320 873,320 873,313 875,313 875,312 875,313 877,313 877,316 878,316 878,318 879,318 879,320 880,320 880,322 881,322 881,325 882,325 882,328 883,328 883,333 989,333 989,315 990,315 990,314 1091,314 1091,313 1092,313 1092,312 1096,312 1096,333 1279,333 1279,314 1280,314 1280,313 1282,313 1282,312 1282,313 1285,313 1285,314 1286,314 1286,315 1287,315 1287,317 1288,317 1288,333 1433,333 1433,319 1434,319 1434,317 1435,317 1435,316 1436,316 1436,315 1437,315 1437,314 1537,314 1537,312 1538,312"/>
	<Word id="r81">
	<Coords points="271,336 271,337 273,337 273,339 272,339 272,348 271,348 271,360 270,360 270,362 269,362 269,363 265,363 265,364 230,364 230,363 229,363 229,361 228,361 228,347 221,347 221,346 220,346 220,343 221,343 221,340 222,340 222,339 223,339 223,338 228,338 228,337 266,337 266,336"/>
	<TextEquiv>
	<Unicode>τε</Unicode></TextEquiv></Word>
	<Word id="r82">
	<Coords points="376,316 376,317 377,317 377,318 378,318 378,320 379,320 379,322 380,322 380,325 381,325 381,327 382,327 382,329 383,329 383,352 387,352 387,353 388,353 388,354 387,354 387,356 386,356 386,357 385,357 385,358 384,358 384,359 383,359 383,361 381,361 381,362 322,362 322,363 305,363 305,364 303,364 303,363 302,363 302,360 303,360 303,356 304,356 304,354 305,354 305,352 306,352 306,348 307,348 307,344 308,344 308,340 309,340 309,339 310,339 310,338 311,338 311,337 327,337 327,336 373,336 373,317 374,317 374,316"/>
	<TextEquiv>
	<Unicode>καὶ</Unicode></TextEquiv></Word>
	<Word id="r83">
	<Coords points="503,314 503,336 586,336 586,337 588,337 588,338 589,338 589,339 590,339 590,340 591,340 591,344 587,344 587,361 586,361 586,362 585,362 585,364 584,364 584,365 582,365 582,366 578,366 578,362 461,362 461,363 446,363 446,362 444,362 444,348 439,348 439,347 438,347 438,341 439,341 439,340 440,340 440,338 442,338 442,337 472,337 472,336 494,336 494,326 495,326 495,324 496,324 496,320 497,320 497,317 498,317 498,315 500,315 500,314"/>
	<TextEquiv>
	<Unicode>πόνος</Unicode></TextEquiv></Word>
	<Word id="r84">
	<Coords points="662,314 662,315 664,315 664,316 665,316 665,317 666,317 666,318 667,318 667,320 668,320 668,335 700,335 700,336 701,336 701,338 702,338 701,338 701,342 700,342 700,344 699,344 699,346 698,346 698,348 697,348 697,349 696,349 696,350 695,350 695,351 694,351 694,353 693,353 693,354 692,354 692,355 691,355 691,356 689,356 689,357 687,357 687,358 686,358 686,359 683,359 683,360 681,360 681,361 666,361 666,364 665,364 665,367 664,367 664,370 663,370 663,374 662,374 662,375 658,375 658,374 657,374 657,360 645,360 645,345 641,345 641,344 640,344 641,344 641,341 642,341 642,339 643,339 643,338 644,338 644,337 647,337 647,336 649,336 649,322 650,322 650,320 651,320 651,318 652,318 652,317 653,317 653,316 654,316 654,315 656,315 656,314"/>
	<TextEquiv>
	<Unicode>ἦν</Unicode></TextEquiv></Word>
	<Word id="r85">
	<Coords points="875,313 877,313 877,316 878,316 878,318 879,318 879,320 880,320 880,322 881,322 881,325 882,325 882,328 883,328 883,333 906,333 906,334 910,334 910,335 913,335 913,336 914,336 914,337 915,337 915,338 916,338 916,343 912,343 912,359 911,359 911,361 910,361 910,362 909,362 909,363 908,363 908,364 905,364 905,365 902,365 902,364 901,364 901,361 760,361 760,359 759,359 759,347 753,347 753,346 752,346 752,341 753,341 753,338 754,338 754,337 756,337 756,336 763,336 763,335 822,335 822,321 823,321 823,320 873,320 873,313 875,313 875,312"/>
	<TextEquiv>
	<Unicode>πολὺς</Unicode></TextEquiv></Word>
	<Word id="r86">
	<Coords points="1092,312 1096,312 1096,333 1197,333 1197,334 1199,334 1199,335 1201,335 1201,336 1202,336 1202,337 1203,337 1203,338 1204,338 1204,340 1205,340 1205,341 1204,341 1204,342 1203,342 1203,343 1200,343 1200,358 1199,358 1199,360 1198,360 1198,362 1197,362 1197,363 1194,363 1194,364 1191,364 1191,365 1103,365 1103,369 1102,369 1102,370 1101,370 1101,371 1100,371 1100,360 1042,360 1042,359 983,359 983,358 981,358 981,357 980,357 980,356 978,356 978,355 977,355 977,354 976,354 976,351 975,351 975,345 976,345 976,343 977,343 977,341 978,341 978,340 979,340 979,339 981,339 981,338 983,338 983,336 988,336 988,335 989,335 989,315 990,315 990,314 1091,314 1091,313 1092,313"/>
	<TextEquiv>
	<Unicode>ἐκθύμως</Unicode></TextEquiv></Word>
	<Word id="r88">
	<Coords points="1543,311 1543,333 1642,333 1642,334 1643,334 1643,338 1642,338 1642,341 1641,341 1641,344 1640,344 1640,346 1639,346 1639,347 1638,347 1638,348 1637,348 1637,349 1636,349 1636,350 1635,350 1635,352 1634,352 1634,353 1632,353 1632,354 1631,354 1631,355 1629,355 1629,356 1627,356 1627,357 1625,357 1625,358 1623,358 1623,359 1602,359 1602,360 1489,360 1489,363 1488,363 1488,365 1487,365 1487,371 1486,371 1486,373 1485,373 1485,374 1483,374 1483,373 1482,373 1482,372 1438,372 1438,371 1433,371 1433,370 1432,370 1432,360 1318,360 1318,365 1317,365 1317,370 1316,370 1316,372 1315,372 1315,373 1313,373 1313,372 1311,372 1311,371 1310,371 1310,360 1272,360 1272,359 1266,359 1266,358 1265,358 1265,356 1264,356 1264,353 1263,353 1263,350 1264,350 1264,347 1265,347 1265,345 1266,345 1266,344 1267,344 1267,342 1268,342 1268,340 1270,340 1270,338 1272,338 1272,337 1273,337 1273,336 1275,336 1275,335 1279,335 1279,314 1280,314 1280,313 1282,313 1282,312 1282,313 1285,313 1285,314 1286,314 1286,315 1287,315 1287,317 1288,317 1288,333 1433,333 1433,319 1434,319 1434,317 1435,317 1435,316 1436,316 1436,315 1437,315 1437,314 1537,314 1537,312 1538,312 1538,311"/>
	<TextEquiv>
	<Unicode>ἀγωνιζομένων</Unicode></TextEquiv></Word>
	<TextEquiv>
	<Unicode>τε καὶ πόνος ἦν πολὺς ἐκθύμως ἀγωνιζομένων</Unicode></TextEquiv></TextLine>
	<TextLine id="r58">
	<Coords points="1194,379 1194,380 1254,380 1254,381 1255,381 1255,382 1257,382 1257,383 1385,383 1385,382 1386,382 1386,381 1387,381 1387,380 1388,380 1388,379 1388,380 1390,380 1390,381 1424,381 1424,382 1426,382 1426,383 1428,383 1428,384 1430,384 1430,386 1431,386 1431,388 1432,388 1432,390 1433,390 1433,401 1600,401 1600,391 1601,391 1601,388 1602,388 1602,387 1603,387 1603,386 1604,386 1604,385 1606,385 1606,384 1610,384 1610,385 1614,385 1614,386 1615,386 1615,387 1616,387 1616,392 1617,392 1617,402 1636,402 1636,403 1638,403 1638,404 1640,404 1640,405 1641,405 1641,409 1640,409 1640,410 1637,410 1637,428 1636,428 1636,429 1635,429 1635,430 1634,430 1634,431 1631,431 1631,432 1630,432 1630,427 1489,427 1489,428 1488,428 1488,429 1486,429 1486,430 1485,430 1485,431 1397,431 1397,435 1396,435 1396,438 1395,438 1395,439 1394,439 1394,438 1393,438 1393,437 1392,437 1392,428 1103,428 1103,429 1039,429 1039,433 1038,433 1038,436 1037,436 1037,438 1036,438 1036,440 1035,440 1035,441 1033,441 1033,428 919,428 919,429 823,429 823,434 822,434 822,438 821,438 821,439 804,439 804,440 802,440 802,441 802,440 801,440 801,429 677,429 677,443 676,443 676,444 675,444 675,445 674,445 674,446 668,446 668,445 667,445 667,443 666,443 666,430 447,430 447,431 375,431 375,435 374,435 374,442 373,442 373,445 372,445 372,446 370,446 370,445 369,445 369,431 247,431 247,432 227,432 227,431 224,431 224,429 222,429 222,428 221,428 221,426 220,426 220,422 219,422 219,418 220,418 220,416 221,416 221,413 222,413 222,411 223,411 223,410 224,410 224,409 225,409 225,408 226,408 226,407 228,407 228,389 229,389 229,386 230,386 230,385 232,385 232,384 235,384 235,383 236,383 236,384 238,384 238,385 239,385 239,405 357,405 357,396 358,396 358,393 359,393 359,391 360,391 360,388 361,388 361,384 363,384 363,382 367,382 367,404 572,404 572,403 573,403 573,383 575,383 575,382 577,382 577,383 680,383 680,382 682,382 682,381 688,381 688,382 690,382 690,383 692,383 692,384 693,384 693,385 694,385 694,386 695,386 695,403 900,403 900,396 901,396 901,392 902,392 902,389 903,389 903,388 904,388 904,384 905,384 905,382 906,382 906,381 907,381 907,380 910,380 910,381 911,381 911,402 1080,402 1080,381 1081,381 1081,380 1083,380 1083,381 1084,381 1084,382 1085,382 1085,384 1187,384 1187,382 1188,382 1188,381 1189,381 1189,380 1190,380 1190,379"/>
	<Word id="r267">
	<Coords points="367,382 367,404 468,404 468,405 469,405 469,421 481,421 481,422 483,422 483,428 482,428 482,429 481,429 481,430 447,430 447,431 375,431 375,435 374,435 374,442 373,442 373,445 372,445 372,446 370,446 370,445 369,445 369,431 247,431 247,432 227,432 227,431 224,431 224,429 222,429 222,428 221,428 221,426 220,426 220,422 219,422 219,418 220,418 220,416 221,416 221,413 222,413 222,411 223,411 223,410 224,410 224,409 225,409 225,408 226,408 226,407 228,407 228,389 229,389 229,386 230,386 230,385 232,385 232,384 235,384 235,383 236,383 236,384 238,384 238,385 239,385 239,405 357,405 357,396 358,396 358,393 359,393 359,391 360,391 360,388 361,388 361,384 363,384 363,382"/>
	<TextEquiv>
	<Unicode>ἑκατέρων.</Unicode></TextEquiv></Word>
	<Word id="r268">
	<Coords points="577,382 577,383 579,383 579,384 580,384 580,385 581,385 581,386 582,386 582,404 608,404 608,405 609,405 609,410 608,410 608,412 607,412 607,416 606,416 606,417 605,417 605,419 604,419 604,420 603,420 603,421 602,421 602,422 601,422 601,423 599,423 599,424 598,424 598,425 597,425 597,426 596,426 596,427 594,427 594,428 591,428 591,429 588,429 588,430 568,430 568,429 566,429 566,428 564,428 564,427 563,427 563,426 562,426 562,425 561,425 561,423 560,423 560,417 561,417 561,412 562,412 562,410 563,410 563,409 564,409 564,408 565,408 565,407 566,407 566,406 567,406 567,405 569,405 569,404 572,404 572,403 573,403 573,383 575,383 575,382"/>
	<TextEquiv>
	<Unicode>ἐν</Unicode></TextEquiv></Word>
	<Word id="r269">
	<Coords points="688,381 688,382 690,382 690,383 692,383 692,384 693,384 693,385 694,385 694,386 695,386 695,410 696,410 696,412 697,412 697,418 696,418 696,420 695,420 695,422 694,422 694,423 693,423 693,424 692,424 692,425 690,425 690,426 689,426 689,427 686,427 686,428 677,428 677,443 676,443 676,444 675,444 675,445 674,445 674,446 668,446 668,445 667,445 667,443 666,443 666,428 665,428 665,427 663,427 663,426 662,426 662,425 661,425 661,421 660,421 660,418 659,418 659,417 660,417 660,413 661,413 661,411 662,411 662,409 663,409 663,408 664,408 664,406 666,406 666,405 669,405 669,404 676,404 676,388 677,388 677,386 678,386 678,384 680,384 680,382 682,382 682,381"/>
	<TextEquiv>
	<Unicode>ᾧ</Unicode></TextEquiv></Word>
	<Word id="r270">
	<Coords points="910,380 910,381 911,381 911,402 981,402 981,417 984,417 984,418 985,418 985,421 983,421 983,423 982,423 982,424 981,424 981,425 979,425 979,426 978,426 978,427 956,427 956,428 919,428 919,429 823,429 823,434 822,434 822,438 821,438 821,439 804,439 804,440 802,440 802,441 802,440 801,440 801,429 755,429 755,428 752,428 752,427 750,427 750,426 749,426 749,425 748,425 748,424 747,424 747,421 746,421 746,416 747,416 747,414 748,414 748,413 749,413 749,411 750,411 750,409 751,409 751,408 752,408 752,407 753,407 753,406 754,406 754,405 759,405 759,404 768,404 768,403 900,403 900,396 901,396 901,392 902,392 902,389 903,389 903,388 904,388 904,384 905,384 905,382 906,382 906,381 907,381 907,380"/>
	<TextEquiv>
	<Unicode>σημαίνει</Unicode></TextEquiv></Word>
	<Word id="r271">
	<Coords points="1083,380 1083,381 1084,381 1084,382 1085,382 1085,384 1086,384 1086,386 1087,386 1087,389 1088,389 1088,390 1089,390 1089,396 1090,396 1090,402 1123,402 1123,403 1124,403 1124,409 1123,409 1123,411 1122,411 1122,413 1121,413 1121,415 1120,415 1120,416 1119,416 1119,418 1118,418 1118,419 1117,419 1117,420 1116,420 1116,421 1115,421 1115,422 1114,422 1114,424 1111,424 1111,425 1109,425 1109,426 1108,426 1108,427 1106,427 1106,428 1103,428 1103,429 1039,429 1039,433 1038,433 1038,436 1037,436 1037,438 1036,438 1036,440 1035,440 1035,441 1033,441 1033,434 1034,434 1034,432 1035,432 1035,429 1036,429 1036,426 1037,426 1037,422 1038,422 1038,419 1039,419 1039,416 1040,416 1040,412 1041,412 1041,409 1042,409 1042,407 1043,407 1043,404 1044,404 1044,402 1080,402 1080,381 1081,381 1081,380"/>
	<TextEquiv>
	<Unicode>μὲν</Unicode></TextEquiv></Word>
	<Word id="r272">
	<Coords points="1194,379 1194,380 1195,380 1195,408 1196,408 1196,410 1197,410 1197,414 1196,414 1196,419 1195,419 1195,422 1194,422 1194,423 1193,423 1193,424 1192,424 1192,425 1190,425 1190,426 1189,426 1189,427 1188,427 1188,428 1181,428 1181,427 1179,427 1179,426 1178,426 1178,425 1177,425 1177,424 1176,424 1176,421 1175,421 1175,419 1174,419 1174,416 1175,416 1175,410 1176,410 1176,409 1177,409 1177,407 1178,407 1178,406 1179,406 1179,405 1180,405 1180,404 1181,404 1181,403 1184,403 1184,402 1186,402 1186,384 1187,384 1187,382 1188,382 1188,381 1189,381 1189,380 1190,380 1190,379"/>
	<TextEquiv>
	<Unicode>ὁ</Unicode></TextEquiv></Word>
	<Word id="r273">
	<Coords points="1388,380 1390,380 1390,381 1424,381 1424,382 1426,382 1426,383 1428,383 1428,384 1430,384 1430,386 1431,386 1431,388 1432,388 1432,390 1433,390 1433,401 1489,401 1489,402 1490,402 1490,403 1492,403 1492,404 1493,404 1493,405 1494,405 1494,406 1495,406 1495,408 1493,408 1493,409 1489,409 1489,428 1488,428 1488,429 1486,429 1486,430 1485,430 1485,431 1397,431 1397,435 1396,435 1396,438 1395,438 1395,439 1394,439 1394,438 1393,438 1393,437 1392,437 1392,428 1266,428 1266,427 1264,427 1264,394 1250,394 1250,385 1249,385 1249,384 1248,384 1248,383 1249,383 1249,381 1250,381 1250,380 1254,380 1254,381 1255,381 1255,382 1257,382 1257,383 1385,383 1385,382 1386,382 1386,381 1387,381 1387,380 1388,380 1388,379"/>
	<TextEquiv>
	<Unicode>Ἀννίβας</Unicode></TextEquiv></Word>
	<Word id="r274">
	<Coords points="1610,384 1610,385 1614,385 1614,386 1615,386 1615,387 1616,387 1616,392 1617,392 1617,402 1636,402 1636,403 1638,403 1638,404 1640,404 1640,405 1641,405 1641,409 1640,409 1640,410 1637,410 1637,428 1636,428 1636,429 1635,429 1635,430 1634,430 1634,431 1631,431 1631,432 1630,432 1630,427 1547,427 1547,426 1546,426 1546,409 1538,409 1538,408 1537,408 1538,408 1538,405 1539,405 1539,403 1540,403 1540,402 1582,402 1582,401 1600,401 1600,391 1601,391 1601,388 1602,388 1602,387 1603,387 1603,386 1604,386 1604,385 1606,385 1606,384"/>
	<TextEquiv>
	<Unicode>τοῖς</Unicode></TextEquiv></Word>
	<TextEquiv>
	<Unicode>ἑκατέρων. ἐν ᾧ σημαίνει μὲν ὁ Ἀννίβας τοῖς</Unicode></TextEquiv></TextLine>
	<TextLine id="r11">
	<Coords points="1563,445 1567,445 1567,446 1569,446 1569,447 1604,447 1604,448 1632,448 1632,449 1633,449 1633,451 1634,451 1634,453 1635,453 1635,456 1636,456 1636,458 1637,458 1637,460 1638,460 1638,462 1639,462 1639,470 1640,470 1640,471 1641,471 1641,473 1640,473 1640,482 1639,482 1639,494 1637,494 1637,495 1604,495 1604,496 1604,495 1489,495 1489,497 1488,497 1488,498 1487,498 1487,500 1485,500 1485,501 1483,501 1483,502 1481,502 1481,503 1380,503 1380,506 1379,506 1379,510 1378,510 1378,511 1337,511 1337,512 1335,512 1335,513 1334,513 1334,514 1331,514 1331,515 1303,515 1303,514 1302,514 1302,496 1163,496 1163,497 984,497 984,500 983,500 983,506 982,506 982,510 981,510 981,512 979,512 979,511 978,511 978,497 714,497 714,498 677,498 677,497 554,497 554,498 536,498 536,499 535,499 535,498 399,498 399,499 250,499 250,500 247,500 247,499 222,499 222,498 221,498 221,497 220,497 220,495 219,495 219,491 220,491 220,487 221,487 221,484 222,484 222,480 223,480 223,477 224,477 224,474 226,474 226,473 227,473 227,454 228,454 228,452 229,452 229,451 235,451 235,453 236,453 236,472 360,472 360,460 361,460 361,458 362,458 362,457 364,457 364,456 365,456 365,455 371,455 371,456 374,456 374,457 375,457 375,459 376,459 376,460 377,460 377,471 566,471 566,458 567,458 567,457 643,457 643,455 644,455 644,454 646,454 646,453 722,453 722,452 723,452 723,451 725,451 725,450 731,450 731,451 732,451 732,452 733,452 733,455 734,455 734,458 735,458 735,470 861,470 861,450 862,450 862,448 865,448 865,449 866,449 866,450 867,450 867,452 970,452 970,450 971,450 971,448 973,448 973,447 975,447 975,448 977,448 977,469 1194,469 1194,457 1195,457 1195,455 1196,455 1196,454 1197,454 1197,453 1198,453 1198,452 1200,452 1200,451 1290,451 1290,450 1291,450 1291,449 1367,449 1367,450 1369,450 1369,451 1432,451 1432,452 1434,452 1434,453 1435,453 1435,454 1436,454 1436,455 1437,455 1437,469 1557,469 1557,468 1559,468 1559,448 1560,448 1560,447 1561,447 1561,446 1563,446"/>
	<Word id="r89">
	<Coords points="235,451 235,453 236,453 236,472 360,472 360,460 361,460 361,458 362,458 362,457 364,457 364,456 365,456 365,455 371,455 371,456 374,456 374,457 375,457 375,459 376,459 376,460 377,460 377,471 436,471 436,472 437,472 437,488 440,488 440,491 439,491 439,493 438,493 438,494 437,494 437,495 436,495 436,496 435,496 435,497 434,497 434,498 399,498 399,499 250,499 250,500 247,500 247,499 222,499 222,498 221,498 221,497 220,497 220,495 219,495 219,491 220,491 220,487 221,487 221,484 222,484 222,480 223,480 223,477 224,477 224,474 226,474 226,473 227,473 227,454 228,454 228,452 229,452 229,451"/>
	<TextEquiv>
	<Unicode>ἱππεῦσι</Unicode></TextEquiv></Word>
	<Word id="r90">
	<Coords points="731,450 731,451 732,451 732,452 733,452 733,455 734,455 734,458 735,458 735,470 788,470 788,485 791,485 791,486 792,486 792,488 791,488 791,490 790,490 790,492 789,492 789,493 788,493 788,494 786,494 786,495 784,495 784,496 782,496 782,497 714,497 714,498 677,498 677,497 554,497 554,498 536,498 536,499 535,499 535,498 469,498 469,497 468,497 468,495 469,495 469,491 470,491 470,489 471,489 471,487 472,487 472,483 473,483 473,480 474,480 474,476 475,476 475,474 476,474 476,473 477,473 477,472 492,472 492,471 566,471 566,458 567,458 567,457 643,457 643,455 644,455 644,454 646,454 646,453 722,453 722,452 723,452 723,451 725,451 725,450"/>
	<TextEquiv>
	<Unicode>κυκλοῦσθαι</Unicode></TextEquiv></Word>
	<Word id="r91">
	<Coords points="865,448 865,449 866,449 866,450 867,450 867,452 868,452 868,454 869,454 869,457 870,457 870,459 871,459 871,462 872,462 872,464 873,464 873,471 878,471 878,472 879,472 879,486 882,486 882,490 881,490 881,491 880,491 880,492 879,492 879,494 878,494 878,495 877,495 877,496 860,496 860,497 856,497 856,496 828,496 828,495 827,495 827,479 819,479 819,474 820,474 820,473 821,473 821,472 823,472 823,471 861,471 861,450 862,450 862,448"/>
	<TextEquiv>
	<Unicode>τὰ</Unicode></TextEquiv></Word>
	<Word id="r92">
	<Coords points="975,447 975,448 977,448 977,469 1107,469 1107,470 1108,470 1108,485 1111,485 1111,486 1113,486 1113,487 1112,487 1112,489 1111,489 1111,491 1110,491 1110,492 1109,492 1109,493 1108,493 1108,495 1105,495 1105,496 1060,496 1060,497 984,497 984,500 983,500 983,506 982,506 982,510 981,510 981,512 979,512 979,511 978,511 978,497 922,497 922,496 921,496 921,493 922,493 922,491 923,491 923,488 924,488 924,486 925,486 925,481 926,481 926,477 927,477 927,476 928,476 928,473 929,473 929,472 930,472 930,471 946,471 946,470 965,470 965,462 966,462 966,459 967,459 967,457 968,457 968,454 969,454 969,452 970,452 970,450 971,450 971,448 973,448 973,447"/>
	<TextEquiv>
	<Unicode>κέρατα</Unicode></TextEquiv></Word>
	<Word id="r93">
	<Coords points="1205,451 1205,452 1207,452 1207,453 1209,453 1209,454 1210,454 1210,455 1211,455 1211,457 1212,457 1212,470 1249,470 1249,472 1250,472 1250,475 1249,475 1249,476 1247,476 1247,482 1246,482 1246,484 1245,484 1245,485 1244,485 1244,486 1243,486 1243,487 1242,487 1242,488 1241,488 1241,489 1234,489 1234,494 1232,494 1232,495 1230,495 1230,496 1163,496 1163,497 1161,497 1161,496 1160,496 1160,495 1159,495 1159,479 1151,479 1151,478 1150,478 1150,475 1151,475 1151,472 1152,472 1152,471 1153,471 1153,470 1194,470 1194,457 1195,457 1195,455 1196,455 1196,454 1197,454 1197,453 1198,453 1198,452 1200,452 1200,451"/>
	<TextEquiv>
	<Unicode>τῶν</Unicode></TextEquiv></Word>
	<Word id="r94">
	<Coords points="1367,449 1367,450 1369,450 1369,451 1432,451 1432,452 1434,452 1434,453 1435,453 1435,454 1436,454 1436,455 1437,455 1437,469 1475,469 1475,470 1476,470 1476,487 1488,487 1488,488 1489,488 1489,490 1490,490 1490,494 1489,494 1489,497 1488,497 1488,498 1487,498 1487,500 1485,500 1485,501 1483,501 1483,502 1481,502 1481,503 1380,503 1380,506 1379,506 1379,510 1378,510 1378,511 1337,511 1337,512 1335,512 1335,513 1334,513 1334,514 1331,514 1331,515 1303,515 1303,514 1302,514 1302,495 1290,495 1290,494 1282,494 1282,493 1280,493 1280,492 1279,492 1279,491 1278,491 1278,489 1277,489 1277,480 1278,480 1278,477 1280,477 1280,475 1281,475 1281,473 1283,473 1283,472 1285,472 1285,471 1286,471 1286,470 1288,470 1288,469 1289,469 1289,451 1290,451 1290,450 1291,450 1291,449"/>
	<TextEquiv>
	<Unicode>ἐχθρῶν,</Unicode></TextEquiv></Word>
	<Word id="r95">
	<Coords points="1567,445 1567,446 1569,446 1569,449 1568,449 1568,450 1567,450 1567,451 1566,451 1566,460 1565,460 1565,488 1564,488 1564,490 1563,490 1563,491 1562,491 1562,492 1561,492 1561,493 1560,493 1560,494 1557,494 1557,495 1527,495 1527,494 1525,494 1525,493 1523,493 1523,492 1522,492 1522,491 1521,491 1521,489 1520,489 1520,487 1519,487 1519,484 1520,484 1520,480 1521,480 1521,477 1522,477 1522,475 1523,475 1523,474 1524,474 1524,473 1525,473 1525,472 1526,472 1526,471 1528,471 1528,470 1530,470 1530,469 1557,469 1557,468 1559,468 1559,448 1560,448 1560,447 1561,447 1561,446 1563,446 1563,445"/>
	<TextEquiv>
	<Unicode>οἱ</Unicode></TextEquiv></Word>
	<Word id="r96">
	<Coords points="1604,447 1604,448 1632,448 1632,449 1633,449 1633,451 1634,451 1634,453 1635,453 1635,456 1636,456 1636,458 1637,458 1637,460 1638,460 1638,462 1639,462 1639,470 1640,470 1640,471 1641,471 1641,473 1640,473 1640,482 1639,482 1639,494 1637,494 1637,495 1604,495 1604,496 1604,495 1599,495 1599,494 1597,494 1597,493 1596,493 1596,492 1595,492 1595,491 1594,491 1594,489 1593,489 1593,480 1594,480 1594,478 1595,478 1595,476 1596,476 1596,475 1597,475 1597,474 1598,474 1598,450 1599,450 1599,449 1600,449 1600,448 1603,448 1603,447"/>
	<TextEquiv>
	<Unicode>δὲ</Unicode></TextEquiv></Word>
	<TextEquiv>
	<Unicode>ἱππεῦσι κυκλοῦσθαι τὰ κέρατα τῶν ἐχθρῶν, οἱ δὲ</Unicode></TextEquiv></TextLine>
	<TextLine id="r14">
	<Coords points="1575,515 1575,538 1643,538 1643,539 1644,539 1644,540 1645,540 1645,543 1644,543 1644,546 1643,546 1643,548 1642,548 1642,550 1641,550 1641,552 1640,552 1640,553 1639,553 1639,555 1637,555 1637,556 1636,556 1636,557 1635,557 1635,558 1634,558 1634,559 1631,559 1631,560 1630,560 1630,561 1629,561 1629,562 1628,562 1628,563 1625,563 1625,564 1523,564 1523,568 1522,568 1522,573 1521,573 1521,576 1519,576 1519,577 1518,577 1518,576 1517,576 1517,564 1390,564 1390,563 1247,563 1247,564 1182,564 1182,565 1119,565 1119,566 1118,566 1118,567 1117,567 1117,575 1116,575 1116,579 1115,579 1115,580 1113,580 1113,565 998,565 998,571 997,571 997,574 996,574 996,576 995,576 995,578 993,578 993,579 991,579 991,578 990,578 990,576 989,576 989,564 843,564 843,566 842,566 842,567 841,567 841,568 840,568 840,569 837,569 837,570 834,570 834,569 833,569 833,566 540,566 540,567 465,567 465,571 464,571 464,575 463,575 463,579 462,579 462,581 459,581 459,580 458,580 458,566 301,566 301,567 298,567 298,568 229,568 229,567 228,567 228,566 227,566 227,551 219,551 219,547 218,547 219,547 219,544 220,544 220,543 222,543 222,542 223,542 223,541 263,541 263,528 264,528 264,526 265,526 265,524 267,524 267,523 271,523 271,522 359,522 359,521 360,521 360,520 362,520 362,519 365,519 365,521 401,521 401,522 405,522 405,523 407,523 407,524 408,524 408,525 409,525 409,526 410,526 410,528 411,528 411,530 412,530 412,540 513,540 513,539 539,539 539,533 540,533 540,530 541,530 541,528 542,528 542,525 543,525 543,523 544,523 544,521 545,521 545,518 547,518 547,517 551,517 551,539 677,539 677,522 678,522 678,520 679,520 679,519 680,519 680,518 682,518 682,517 685,517 685,518 687,518 687,539 792,539 792,538 805,538 805,528 806,528 806,526 807,526 807,525 808,525 808,523 809,523 809,522 811,522 811,521 903,521 903,517 909,517 909,518 910,518 910,520 911,520 911,524 924,524 924,525 929,525 929,526 930,526 930,527 931,527 931,528 932,528 932,529 933,529 933,530 934,530 934,531 1036,531 1036,526 1037,526 1037,525 1038,525 1038,522 1039,522 1039,520 1040,520 1040,519 1041,519 1041,518 1042,518 1042,517 1043,517 1043,516 1046,516 1046,538 1248,538 1248,537 1278,537 1278,525 1280,525 1280,523 1281,523 1281,522 1282,522 1282,520 1283,520 1283,519 1289,519 1289,520 1291,520 1291,521 1293,521 1293,522 1294,522 1294,523 1295,523 1295,537 1454,537 1454,524 1456,524 1456,523 1460,523 1460,524 1463,524 1463,525 1566,525 1566,522 1567,522 1567,520 1568,520 1568,518 1569,518 1569,516 1570,516 1570,515"/>
	<Word id="r105">
	<Coords points="274,522 274,523 276,523 276,524 278,524 278,525 279,525 279,528 280,528 280,529 281,529 281,541 318,541 318,542 319,542 319,548 318,548 318,552 317,552 317,553 316,553 316,554 315,554 315,555 314,555 314,556 313,556 313,558 312,558 312,559 311,559 311,560 309,560 309,562 308,562 308,563 306,563 306,564 305,564 305,565 303,565 303,566 301,566 301,567 298,567 298,568 229,568 229,567 228,567 228,566 227,566 227,551 219,551 219,547 218,547 219,547 219,544 220,544 220,543 222,543 222,542 223,542 223,541 263,541 263,528 264,528 264,526 265,526 265,524 267,524 267,523 271,523 271,522"/>
	<TextEquiv>
	<Unicode>τῶν</Unicode></TextEquiv></Word>
	<Word id="r106">
	<Coords points="547,517 551,517 551,539 621,539 621,540 622,540 622,545 621,545 621,549 620,549 620,551 619,551 619,552 618,552 618,553 617,553 617,555 616,555 616,556 615,556 615,557 614,557 614,558 613,558 613,559 612,559 612,560 611,560 611,561 609,561 609,562 608,562 608,563 605,563 605,564 603,564 603,565 601,565 601,566 540,566 540,567 465,567 465,571 464,571 464,575 463,575 463,579 462,579 462,581 459,581 459,580 458,580 458,566 376,566 376,535 360,535 360,534 359,534 359,533 358,533 358,532 357,532 357,531 356,531 356,524 357,524 357,523 358,523 358,522 359,522 359,521 360,521 360,520 362,520 362,519 365,519 365,521 401,521 401,522 405,522 405,523 407,523 407,524 408,524 408,525 409,525 409,526 410,526 410,528 411,528 411,530 412,530 412,540 513,540 513,539 539,539 539,533 540,533 540,530 541,530 541,528 542,528 542,525 543,525 543,523 544,523 544,521 545,521 545,518 547,518"/>
	<TextEquiv>
	<Unicode>Ῥωμαίων</Unicode></TextEquiv></Word>
	<Word id="r108">
	<Coords points="685,517 685,518 687,518 687,539 792,539 792,538 805,538 805,528 806,528 806,526 807,526 807,525 808,525 808,523 809,523 809,522 811,522 811,521 817,521 817,522 819,522 819,523 820,523 820,524 821,524 821,525 822,525 822,528 823,528 823,538 840,538 840,539 844,539 844,540 846,540 846,541 847,541 847,543 848,543 848,544 849,544 849,545 848,545 848,547 847,547 847,548 844,548 844,564 843,564 843,566 842,566 842,567 841,567 841,568 840,568 840,569 837,569 837,570 834,570 834,569 833,569 833,566 673,566 673,565 672,565 672,564 671,564 671,563 670,563 670,558 671,558 671,554 672,554 672,550 673,550 673,548 674,548 674,544 675,544 675,541 676,541 676,540 677,540 677,522 678,522 678,520 679,520 679,519 680,519 680,518 682,518 682,517"/>
	<TextEquiv>
	<Unicode>ἱππεῖς</Unicode></TextEquiv></Word>
	<Word id="r109">
	<Coords points="1046,516 1046,538 1185,538 1185,539 1187,539 1187,555 1190,555 1190,558 1189,558 1189,559 1188,559 1188,560 1187,560 1187,562 1186,562 1186,563 1185,563 1185,564 1182,564 1182,565 1119,565 1119,566 1118,566 1118,567 1117,567 1117,575 1116,575 1116,579 1115,579 1115,580 1113,580 1113,565 998,565 998,571 997,571 997,574 996,574 996,576 995,576 995,578 993,578 993,579 991,579 991,578 990,578 990,576 989,576 989,564 899,564 899,563 896,563 896,562 895,562 895,561 894,561 894,558 893,558 893,557 892,557 892,552 893,552 893,547 894,547 894,545 895,545 895,544 896,544 896,543 897,543 897,542 898,542 898,541 899,541 899,540 901,540 901,539 903,539 903,517 909,517 909,518 910,518 910,520 911,520 911,524 924,524 924,525 929,525 929,526 930,526 930,527 931,527 931,528 932,528 932,529 933,529 933,530 934,530 934,531 1036,531 1036,526 1037,526 1037,525 1038,525 1038,522 1039,522 1039,520 1040,520 1040,519 1041,519 1041,518 1042,518 1042,517 1043,517 1043,516"/>
	<TextEquiv>
	<Unicode>ὀλιγώτεροι</Unicode></TextEquiv></Word>
	<Word id="r110">
	<Coords points="1289,519 1289,520 1291,520 1291,521 1293,521 1293,522 1294,522 1294,523 1295,523 1295,537 1319,537 1319,538 1334,538 1334,540 1335,540 1335,542 1334,542 1334,545 1333,545 1333,547 1332,547 1332,549 1331,549 1331,550 1330,550 1330,551 1329,551 1329,552 1328,552 1328,553 1327,553 1327,555 1326,555 1326,556 1325,556 1325,557 1324,557 1324,558 1322,558 1322,559 1321,559 1321,560 1320,560 1320,561 1318,561 1318,562 1315,562 1315,563 1247,563 1247,564 1243,564 1243,562 1242,562 1242,547 1235,547 1235,546 1234,546 1234,542 1235,542 1235,540 1236,540 1236,539 1239,539 1239,538 1248,538 1248,537 1278,537 1278,525 1280,525 1280,523 1281,523 1281,522 1282,522 1282,520 1283,520 1283,519"/>
	<TextEquiv>
	<Unicode>τῶν</Unicode></TextEquiv></Word>
	<Word id="r111">
	<Coords points="1575,515 1575,538 1643,538 1643,539 1644,539 1644,540 1645,540 1645,543 1644,543 1644,546 1643,546 1643,548 1642,548 1642,550 1641,550 1641,552 1640,552 1640,553 1639,553 1639,555 1637,555 1637,556 1636,556 1636,557 1635,557 1635,558 1634,558 1634,559 1631,559 1631,560 1630,560 1630,561 1629,561 1629,562 1628,562 1628,563 1625,563 1625,564 1523,564 1523,568 1522,568 1522,573 1521,573 1521,576 1519,576 1519,577 1518,577 1518,576 1517,576 1517,564 1390,564 1390,563 1389,563 1389,549 1383,549 1383,547 1382,547 1382,545 1383,545 1383,541 1384,541 1384,539 1386,539 1386,538 1395,538 1395,537 1454,537 1454,524 1456,524 1456,523 1460,523 1460,524 1463,524 1463,525 1566,525 1566,522 1567,522 1567,520 1568,520 1568,518 1569,518 1569,516 1570,516 1570,515"/>
	<TextEquiv>
	<Unicode>πολεμίων</Unicode></TextEquiv></Word>
	<TextEquiv>
	<Unicode>τῶν Ῥωμαίων ἱππεῖς ὀλιγώτεροι τῶν πολεμίων</Unicode></TextEquiv></TextLine>
	<TextLine id="r60">
	<Coords points="1285,583 1285,584 1287,584 1287,586 1410,586 1410,585 1414,585 1414,586 1415,586 1415,587 1416,587 1416,588 1417,588 1417,589 1418,589 1418,605 1519,605 1519,596 1520,596 1520,595 1521,595 1521,592 1522,592 1522,590 1523,590 1523,588 1524,588 1524,585 1525,585 1525,584 1526,584 1526,583 1530,583 1530,606 1588,606 1588,607 1621,607 1621,608 1623,608 1623,616 1641,616 1641,617 1643,617 1643,618 1644,618 1644,621 1643,621 1643,622 1616,622 1616,623 1615,623 1615,625 1613,625 1613,626 1612,626 1612,627 1611,627 1611,628 1609,628 1609,629 1607,629 1607,630 1606,630 1606,631 1604,631 1604,632 1602,632 1602,633 1519,633 1519,632 1313,632 1313,639 1312,639 1312,641 1311,641 1311,642 1310,642 1310,643 1309,643 1309,644 1306,644 1306,645 1303,645 1303,646 1303,645 1300,645 1300,644 1299,644 1299,643 1298,643 1298,633 1297,633 1297,632 1165,632 1165,633 1148,633 1148,634 1147,634 1147,640 1146,640 1146,644 1145,644 1145,645 1142,645 1142,644 1141,644 1141,633 1057,633 1057,632 952,632 952,633 951,633 951,635 950,635 950,637 949,637 949,638 948,638 948,639 946,639 946,640 942,640 942,637 923,637 923,633 815,633 815,634 811,634 811,635 808,635 808,634 666,634 666,640 665,640 665,644 664,644 664,645 663,645 663,647 662,647 662,648 583,648 583,650 580,650 580,649 579,649 579,636 487,636 487,635 352,635 352,636 351,636 351,637 350,637 350,638 348,638 348,639 346,639 346,640 344,640 344,641 343,641 343,640 342,640 342,637 250,637 250,636 227,636 227,635 223,635 223,634 222,634 222,633 220,633 220,631 219,631 219,627 218,627 218,622 219,622 219,619 220,619 220,617 221,617 221,616 222,616 222,614 224,614 224,612 226,612 226,592 227,592 227,591 240,591 240,589 241,589 241,588 244,588 244,590 245,590 245,608 401,608 401,588 404,588 404,587 405,587 405,588 407,588 407,590 409,590 409,592 410,592 410,608 595,608 595,607 620,607 620,596 621,596 621,594 622,594 622,593 623,593 623,592 625,592 625,591 627,591 627,590 630,590 630,591 631,591 631,592 635,592 635,593 636,593 636,594 637,594 637,596 638,596 638,607 811,607 811,588 812,588 812,587 814,587 814,586 815,586 815,587 818,587 818,588 819,588 819,589 906,589 906,590 908,590 908,591 909,591 909,592 910,592 910,593 911,593 911,606 1053,606 1053,587 1054,587 1054,586 1056,586 1056,585 1136,585 1136,584 1138,584 1138,585 1140,585 1140,587 1141,587 1141,589 1142,589 1142,592 1143,592 1143,594 1144,594 1144,596 1145,596 1145,606 1276,606 1276,597 1277,597 1277,594 1278,594 1278,592 1279,592 1279,590 1280,590 1280,588 1281,588 1281,586 1282,586 1282,584 1284,584 1284,583"/>
	<Word id="r275">
	<Coords points="244,588 244,590 245,590 245,608 327,608 327,609 352,609 352,610 353,610 353,611 355,611 355,612 356,612 356,613 357,613 357,615 358,615 358,616 357,616 357,617 356,617 356,618 353,618 353,634 352,634 352,636 351,636 351,637 350,637 350,638 348,638 348,639 346,639 346,640 344,640 344,641 343,641 343,640 342,640 342,637 250,637 250,636 227,636 227,635 223,635 223,634 222,634 222,633 220,633 220,631 219,631 219,627 218,627 218,622 219,622 219,619 220,619 220,617 221,617 221,616 222,616 222,614 224,614 224,612 226,612 226,592 227,592 227,591 240,591 240,589 241,589 241,588"/>
	<TextEquiv>
	<Unicode>ὄντες</Unicode></TextEquiv></Word>
	<Word id="r276">
	<Coords points="405,587 405,588 407,588 407,590 409,590 409,592 410,592 410,608 595,608 595,607 620,607 620,596 621,596 621,594 622,594 622,593 623,593 623,592 625,592 625,591 627,591 627,590 630,590 630,591 631,591 631,592 635,592 635,593 636,593 636,594 637,594 637,596 638,596 638,607 676,607 676,608 736,608 736,610 737,610 737,612 736,612 736,615 735,615 735,618 734,618 734,620 733,620 733,621 732,621 732,623 731,623 731,624 730,624 730,625 729,625 729,626 728,626 728,627 727,627 727,628 725,628 725,629 724,629 724,630 722,630 722,631 721,631 721,632 719,632 719,633 716,633 716,634 666,634 666,640 665,640 665,644 664,644 664,645 663,645 663,647 662,647 662,648 583,648 583,650 580,650 580,649 579,649 579,636 487,636 487,635 390,635 390,634 389,634 389,633 388,633 388,632 387,632 387,631 386,631 386,623 387,623 387,620 388,620 388,618 389,618 389,617 390,617 390,616 392,616 392,614 393,614 393,613 394,613 394,612 395,612 395,611 396,611 396,610 401,610 401,588 404,588 404,587"/>
	<TextEquiv>
	<Unicode>ἀντιπαρῆγον</Unicode></TextEquiv></Word>
	<Word id="r277">
	<Coords points="815,586 815,587 818,587 818,588 819,588 819,589 906,589 906,590 908,590 908,591 909,591 909,592 910,592 910,593 911,593 911,606 929,606 929,607 932,607 932,608 933,608 933,609 935,609 935,610 936,610 936,611 937,611 937,624 949,624 949,625 951,625 951,627 952,627 952,633 951,633 951,635 950,635 950,637 949,637 949,638 948,638 948,639 946,639 946,640 942,640 942,637 923,637 923,633 815,633 815,634 811,634 811,635 808,635 808,634 805,634 805,633 770,633 770,632 768,632 768,631 766,631 766,629 765,629 765,627 764,627 764,620 765,620 765,618 766,618 766,617 767,617 767,615 768,615 768,613 769,613 769,612 771,612 771,611 772,611 772,609 773,609 773,608 776,608 776,607 811,607 811,588 812,588 812,587 814,587 814,586"/>
	<TextEquiv>
	<Unicode>αὐτοῖς,</Unicode></TextEquiv></Word>
	<Word id="r278">
	<Coords points="1056,586 1058,586 1058,589 1059,589 1059,591 1060,591 1060,594 1061,594 1061,595 1062,595 1062,597 1063,597 1063,600 1064,600 1064,621 1067,621 1067,622 1068,622 1068,624 1067,624 1067,626 1066,626 1066,627 1065,627 1065,628 1064,628 1064,630 1063,630 1063,631 1062,631 1062,632 1060,632 1060,633 1057,633 1057,632 981,632 981,629 982,629 982,627 983,627 983,626 984,626 984,621 985,621 985,618 986,618 986,614 987,614 987,611 988,611 988,608 989,608 989,607 1004,607 1004,606 1053,606 1053,587 1054,587 1054,586 1056,586 1056,585"/>
	<TextEquiv>
	<Unicode>καὶ</Unicode></TextEquiv></Word>
	<Word id="r279">
	<Coords points="1138,584 1138,585 1140,585 1140,587 1141,587 1141,589 1142,589 1142,592 1143,592 1143,594 1144,594 1144,596 1145,596 1145,607 1185,607 1185,608 1186,608 1186,613 1185,613 1185,617 1183,617 1183,619 1182,619 1182,621 1181,621 1181,622 1180,622 1180,623 1179,623 1179,625 1177,625 1177,626 1176,626 1176,627 1175,627 1175,628 1174,628 1174,629 1173,629 1173,630 1170,630 1170,631 1167,631 1167,632 1165,632 1165,633 1148,633 1148,634 1147,634 1147,640 1146,640 1146,644 1145,644 1145,645 1142,645 1142,644 1141,644 1141,633 1104,633 1104,632 1103,632 1103,617 1095,617 1095,616 1094,616 1094,611 1095,611 1095,610 1096,610 1096,609 1097,609 1097,608 1098,608 1098,607 1135,607 1135,586 1136,586 1136,584"/>
	<TextEquiv>
	<Unicode>τὴν</Unicode></TextEquiv></Word>
	<Word id="r280">
	<Coords points="1285,583 1285,584 1287,584 1287,586 1308,586 1308,590 1320,590 1320,591 1321,591 1321,606 1368,606 1368,607 1369,607 1369,614 1368,614 1368,616 1367,616 1367,617 1366,617 1366,619 1365,619 1365,621 1364,621 1364,622 1363,622 1363,623 1362,623 1362,624 1361,624 1361,625 1360,625 1360,626 1359,626 1359,627 1357,627 1357,628 1356,628 1356,629 1353,629 1353,630 1352,630 1352,631 1349,631 1349,632 1313,632 1313,639 1312,639 1312,641 1311,641 1311,642 1310,642 1310,643 1309,643 1309,644 1306,644 1306,645 1303,645 1303,646 1303,645 1300,645 1300,644 1299,644 1299,643 1298,643 1298,633 1297,633 1297,632 1235,632 1235,631 1234,631 1234,630 1233,630 1233,615 1226,615 1226,614 1225,614 1225,610 1226,610 1226,608 1227,608 1227,607 1229,607 1229,606 1276,606 1276,597 1277,597 1277,594 1278,594 1278,592 1279,592 1279,590 1280,590 1280,588 1281,588 1281,586 1282,586 1282,584 1284,584 1284,583"/>
	<TextEquiv>
	<Unicode>τάξιν</Unicode></TextEquiv></Word>
	<Word id="r281">
	<Coords points="1530,583 1530,606 1588,606 1588,607 1621,607 1621,608 1623,608 1623,616 1641,616 1641,617 1643,617 1643,618 1644,618 1644,621 1643,621 1643,622 1616,622 1616,623 1615,623 1615,625 1613,625 1613,626 1612,626 1612,627 1611,627 1611,628 1609,628 1609,629 1607,629 1607,630 1606,630 1606,631 1604,631 1604,632 1602,632 1602,633 1519,633 1519,632 1404,632 1404,631 1402,631 1402,630 1400,630 1400,629 1399,629 1399,628 1398,628 1398,627 1397,627 1397,625 1396,625 1396,619 1397,619 1397,615 1398,615 1398,613 1399,613 1399,612 1400,612 1400,610 1402,610 1402,609 1403,609 1403,608 1405,608 1405,607 1406,607 1406,606 1409,606 1409,586 1410,586 1410,585 1414,585 1414,586 1415,586 1415,587 1416,587 1416,588 1417,588 1417,589 1418,589 1418,605 1519,605 1519,596 1520,596 1520,595 1521,595 1521,592 1522,592 1522,590 1523,590 1523,588 1524,588 1524,585 1525,585 1525,584 1526,584 1526,583"/>
	<TextEquiv>
	<Unicode>ἐκτείναν-</Unicode></TextEquiv></Word>
	<TextEquiv>
	<Unicode>ὄντες ἀντιπαρῆγον αὐτοῖς, καὶ τὴν τάξιν ἐκτείναν-</Unicode></TextEquiv></TextLine>
	<TextLine id="r18">
	<Coords points="1287,651 1288,651 1288,652 1289,652 1289,653 1290,653 1290,655 1291,655 1291,657 1292,657 1292,659 1293,659 1293,661 1294,661 1294,662 1295,662 1295,667 1296,667 1296,673 1399,673 1399,672 1452,672 1452,668 1453,668 1453,666 1454,666 1454,664 1455,664 1455,662 1456,662 1456,661 1457,661 1457,660 1458,660 1458,659 1460,659 1460,657 1461,657 1461,656 1462,656 1462,655 1463,655 1463,654 1466,654 1466,653 1563,653 1563,652 1565,652 1565,651 1566,651 1566,652 1567,652 1567,654 1568,654 1568,673 1621,673 1621,674 1623,674 1623,675 1625,675 1625,676 1627,676 1627,677 1628,677 1628,679 1629,679 1629,692 1641,692 1641,693 1642,693 1642,694 1643,694 1643,695 1644,695 1644,698 1645,698 1645,699 1644,699 1644,701 1643,701 1643,704 1642,704 1642,705 1641,705 1641,706 1640,706 1640,707 1639,707 1639,708 1634,708 1634,705 1516,705 1516,709 1515,709 1515,711 1514,711 1514,714 1510,714 1510,701 1389,701 1389,706 1388,706 1388,709 1387,709 1387,714 1386,714 1386,715 1383,715 1383,701 1164,701 1164,702 1163,702 1163,703 1162,703 1162,704 1161,704 1161,705 1159,705 1159,706 1072,706 1072,709 1071,709 1071,714 1070,714 1070,715 1069,715 1069,716 1066,716 1066,715 1065,715 1065,701 917,701 917,702 878,702 878,705 877,705 877,707 876,707 876,709 875,709 875,710 874,710 874,711 872,711 872,712 868,712 868,713 862,713 862,702 747,702 747,707 746,707 746,711 745,711 745,713 744,713 744,714 743,714 743,715 741,715 741,716 709,716 709,715 708,715 708,702 582,702 582,703 388,703 388,704 293,704 293,705 292,705 292,706 290,706 290,707 287,707 287,708 287,707 285,707 285,705 230,705 230,704 228,704 228,703 227,703 227,687 219,687 219,685 218,685 218,683 219,683 219,680 220,680 220,679 221,679 221,678 223,678 223,677 267,677 267,676 351,676 351,659 352,659 352,658 353,658 353,657 411,657 411,656 413,656 413,657 414,657 414,658 415,658 415,660 416,660 416,661 417,661 417,662 465,662 465,663 469,663 469,664 472,664 472,665 473,665 473,666 474,666 474,667 475,667 475,668 476,668 476,670 477,670 477,671 478,671 478,673 479,673 479,675 480,675 480,676 608,676 608,654 609,654 609,653 611,653 611,654 612,654 612,655 714,655 714,656 716,656 716,657 717,657 717,658 718,658 718,659 719,659 719,674 841,674 841,668 842,668 842,666 843,666 843,663 844,663 844,661 845,661 845,658 846,658 846,655 847,655 847,654 848,654 848,653 852,653 852,654 853,654 853,655 869,655 869,656 871,656 871,660 885,660 885,661 886,661 886,662 887,662 887,675 1044,675 1044,659 1045,659 1045,658 1046,658 1046,657 1047,657 1047,656 1058,656 1058,655 1059,655 1059,653 1063,653 1063,675 1213,675 1213,659 1214,659 1214,656 1215,656 1215,655 1216,655 1216,654 1218,654 1218,653 1285,653 1285,652 1287,652"/>
	<Word id="r112">
	<Coords points="290,676 290,677 295,677 295,678 297,678 297,679 298,679 298,680 299,680 299,682 300,682 300,683 301,683 300,683 300,685 299,685 299,686 298,686 298,687 295,687 295,703 294,703 294,704 293,704 293,705 292,705 292,706 290,706 290,707 287,707 287,708 287,707 285,707 285,705 230,705 230,704 228,704 228,703 227,703 227,687 219,687 219,685 218,685 218,683 219,683 219,680 220,680 220,679 221,679 221,678 223,678 223,677 267,677 267,676"/>
	<TextEquiv>
	<Unicode>τες</Unicode></TextEquiv></Word>
	<Word id="r113">
	<Coords points="413,656 413,657 414,657 414,658 415,658 415,660 416,660 416,661 417,661 417,664 418,664 418,666 419,666 419,669 420,669 420,671 421,671 421,692 424,692 424,693 425,693 425,695 424,695 424,697 423,697 423,699 422,699 422,700 421,700 421,701 420,701 420,702 419,702 419,703 388,703 388,704 371,704 371,703 348,703 348,702 344,702 344,701 343,701 343,700 342,700 342,699 341,699 341,698 340,698 340,697 339,697 339,695 338,695 338,692 339,692 339,688 340,688 340,685 341,685 341,683 342,683 342,682 343,682 343,681 344,681 344,680 346,680 346,679 347,679 347,678 349,678 349,677 351,677 351,659 352,659 352,658 353,658 353,657 411,657 411,656"/>
	<TextEquiv>
	<Unicode>ἐπὶ</Unicode></TextEquiv></Word>
	<Word id="r114">
	<Coords points="611,653 611,654 612,654 612,655 613,655 613,657 615,657 615,660 616,660 616,661 617,661 617,664 618,664 618,666 619,666 619,667 620,667 620,675 655,675 655,676 657,676 657,683 656,683 656,685 655,685 655,687 654,687 654,688 653,688 653,689 652,689 652,690 651,690 651,692 650,692 650,693 649,693 649,694 648,694 648,695 647,695 647,696 645,696 645,697 644,697 644,698 643,698 643,699 641,699 641,700 640,700 640,701 637,701 637,702 582,702 582,703 509,703 509,702 465,702 465,701 464,701 464,666 463,666 463,665 462,665 462,664 461,664 462,664 462,663 464,663 464,662 465,662 465,663 469,663 469,664 472,664 472,665 473,665 473,666 474,666 474,667 475,667 475,668 476,668 476,670 477,670 477,671 478,671 478,673 479,673 479,675 480,675 480,676 608,676 608,654 609,654 609,653"/>
	<TextEquiv>
	<Unicode>λεπτὸν</Unicode></TextEquiv></Word>
	<Word id="r115">
	<Coords points="852,653 852,654 853,654 853,655 869,655 869,656 871,656 871,660 885,660 885,661 886,661 886,662 887,662 887,675 989,675 989,676 994,676 994,677 996,677 996,678 997,678 997,680 998,680 998,682 999,682 999,690 998,690 998,692 997,692 997,694 996,694 996,696 994,696 994,697 993,697 993,698 992,698 992,699 991,699 991,700 956,700 956,701 917,701 917,702 878,702 878,705 877,705 877,707 876,707 876,709 875,709 875,710 874,710 874,711 872,711 872,712 868,712 868,713 862,713 862,702 747,702 747,707 746,707 746,711 745,711 745,713 744,713 744,714 743,714 743,715 741,715 741,716 709,716 709,715 708,715 708,701 697,701 697,687 693,687 693,684 694,684 694,682 695,682 695,681 696,681 696,680 697,680 697,679 698,679 698,678 700,678 700,677 708,677 708,658 709,658 709,656 711,656 711,655 714,655 714,656 716,656 716,657 717,657 717,658 718,658 718,659 719,659 719,674 841,674 841,668 842,668 842,666 843,666 843,663 844,663 844,661 845,661 845,658 846,658 846,655 847,655 847,654 848,654 848,653"/>
	<TextEquiv>
	<Unicode>ἠγωνίζοντο</Unicode></TextEquiv></Word>
	<Word id="r116">
	<Coords points="1063,653 1063,675 1164,675 1164,676 1166,676 1166,677 1167,677 1167,678 1168,678 1168,679 1169,679 1169,682 1170,682 1170,683 1169,683 1169,684 1165,684 1165,700 1164,700 1164,702 1163,702 1163,703 1162,703 1162,704 1161,704 1161,705 1159,705 1159,706 1072,706 1072,709 1071,709 1071,714 1070,714 1070,715 1069,715 1069,716 1066,716 1066,715 1065,715 1065,701 1048,701 1048,700 1045,700 1045,699 1042,699 1042,698 1040,698 1040,696 1039,696 1039,695 1038,695 1038,692 1037,692 1037,688 1038,688 1038,684 1039,684 1039,681 1040,681 1040,679 1041,679 1041,678 1042,678 1042,677 1044,677 1044,659 1045,659 1045,658 1046,658 1046,657 1047,657 1047,656 1058,656 1058,655 1059,655 1059,653"/>
	<TextEquiv>
	<Unicode>ὅμως</Unicode></TextEquiv></Word>
	<Word id="r117">
	<Coords points="1288,651 1288,652 1289,652 1289,653 1290,653 1290,655 1291,655 1291,657 1292,657 1292,659 1293,659 1293,661 1294,661 1294,662 1295,662 1295,667 1296,667 1296,675 1298,675 1298,676 1300,676 1300,678 1301,678 1301,680 1302,680 1302,681 1303,681 1303,686 1302,686 1302,691 1301,691 1301,693 1300,693 1300,695 1299,695 1299,696 1298,696 1298,697 1297,697 1297,698 1296,698 1296,699 1294,699 1294,700 1260,700 1260,701 1242,701 1242,700 1212,700 1212,699 1210,699 1210,698 1208,698 1208,697 1207,697 1207,694 1206,694 1206,678 1205,678 1205,677 1204,677 1205,677 1205,676 1206,676 1206,675 1213,675 1213,659 1214,659 1214,656 1215,656 1215,655 1216,655 1216,654 1218,654 1218,653 1285,653 1285,652 1287,652 1287,651"/>
	<TextEquiv>
	<Unicode>ὑπὸ</Unicode></TextEquiv></Word>
	<Word id="r118">
	<Coords points="1566,651 1566,652 1567,652 1567,654 1568,654 1568,673 1621,673 1621,674 1623,674 1623,675 1625,675 1625,676 1627,676 1627,677 1628,677 1628,679 1629,679 1629,692 1641,692 1641,693 1642,693 1642,694 1643,694 1643,695 1644,695 1644,698 1645,698 1645,699 1644,699 1644,701 1643,701 1643,704 1642,704 1642,705 1641,705 1641,706 1640,706 1640,707 1639,707 1639,708 1634,708 1634,705 1516,705 1516,709 1515,709 1515,711 1514,711 1514,714 1510,714 1510,701 1389,701 1389,706 1388,706 1388,709 1387,709 1387,714 1386,714 1386,715 1383,715 1383,701 1348,701 1348,685 1341,685 1341,680 1342,680 1342,678 1343,678 1343,677 1344,677 1344,676 1346,676 1346,675 1373,675 1373,674 1397,674 1397,673 1399,673 1399,672 1452,672 1452,668 1453,668 1453,666 1454,666 1454,664 1455,664 1455,662 1456,662 1456,661 1457,661 1457,660 1458,660 1458,659 1460,659 1460,657 1461,657 1461,656 1462,656 1462,655 1463,655 1463,654 1466,654 1466,653 1563,653 1563,652 1565,652 1565,651"/>
	<TextEquiv>
	<Unicode>προθυμίας,</Unicode></TextEquiv></Word>
	<TextEquiv>
	<Unicode>τες ἐπὶ λεπτὸν ἠγωνίζοντο ὅμως ὑπὸ προθυμίας,</Unicode></TextEquiv></TextLine>
	<TextLine id="r19">
	<Coords points="1400,721 1404,721 1404,722 1405,722 1405,724 1407,724 1407,728 1510,728 1510,726 1511,726 1511,725 1512,725 1512,723 1513,723 1513,722 1514,722 1514,721 1516,721 1516,722 1517,722 1517,723 1518,723 1518,743 1626,743 1626,745 1627,745 1627,746 1628,746 1628,760 1641,760 1641,761 1642,761 1642,762 1643,762 1643,764 1644,764 1644,766 1643,766 1643,768 1642,768 1642,769 1622,769 1622,773 1621,773 1621,776 1620,776 1620,777 1619,777 1619,778 1618,778 1618,779 1607,779 1607,783 1604,783 1604,784 1604,783 1602,783 1602,779 1601,779 1601,769 1571,769 1571,768 1389,768 1389,769 1331,769 1331,772 1330,772 1330,775 1329,775 1329,778 1327,778 1327,779 1319,779 1319,782 1317,782 1317,783 1316,783 1316,784 1312,784 1312,783 1311,783 1311,781 1310,781 1310,769 1107,769 1107,770 1106,770 1106,771 1105,771 1105,772 1103,772 1103,773 1101,773 1101,774 1100,774 1100,770 970,770 970,781 969,781 969,783 968,783 968,784 967,784 967,785 966,785 966,786 965,786 965,787 964,787 964,788 933,788 933,770 613,770 613,771 339,771 339,775 338,775 338,779 337,779 337,783 336,783 336,786 334,786 334,787 332,787 332,786 331,786 331,772 221,772 221,771 220,771 220,767 221,767 221,764 222,764 222,760 223,760 223,758 224,758 224,755 225,755 225,751 226,751 226,748 227,748 227,747 228,747 228,746 231,746 231,745 280,745 280,744 292,744 292,725 293,725 293,724 295,724 295,725 398,725 398,724 400,724 400,723 402,723 402,724 403,724 403,732 516,732 516,731 517,731 517,730 518,730 518,729 520,729 520,728 521,728 521,726 522,726 522,725 526,725 526,724 539,724 539,723 617,723 617,722 690,722 690,721 693,721 693,722 694,722 694,723 695,723 695,726 696,726 696,728 697,728 697,729 835,729 835,721 932,721 932,722 933,722 933,724 934,724 934,742 1165,742 1165,724 1166,724 1166,723 1168,723 1168,722 1228,722 1228,724 1395,724 1395,723 1396,723 1396,722 1397,722 1397,721 1400,721 1400,720"/>
	<Word id="r119">
	<Coords points="295,724 295,725 297,725 297,727 298,727 298,729 299,729 299,732 300,732 300,733 301,733 301,735 302,735 302,739 303,739 303,760 306,760 306,761 307,761 307,763 306,763 306,765 305,765 305,767 304,767 304,768 303,768 303,769 302,769 302,770 301,770 301,771 297,771 297,772 221,772 221,771 220,771 220,767 221,767 221,764 222,764 222,760 223,760 223,758 224,758 224,755 225,755 225,751 226,751 226,748 227,748 227,747 228,747 228,746 231,746 231,745 280,745 280,744 292,744 292,725 293,725 293,724"/>
	<TextEquiv>
	<Unicode>καὶ</Unicode></TextEquiv></Word>
	<Word id="r120">
	<Coords points="402,723 402,724 403,724 403,732 516,732 516,731 517,731 517,730 518,730 518,729 520,729 520,728 521,728 521,726 522,726 522,725 526,725 526,724 539,724 539,723 545,723 545,724 546,724 546,726 547,726 547,728 548,728 548,732 547,732 547,734 546,734 546,735 545,735 545,737 544,737 544,738 534,738 534,740 533,740 533,748 532,748 532,750 531,750 531,752 530,752 530,754 529,754 529,756 528,756 528,758 527,758 527,761 526,761 526,762 525,762 525,764 524,764 524,765 523,765 523,767 522,767 522,768 520,768 520,769 519,769 519,770 517,770 517,771 339,771 339,775 338,775 338,779 337,779 337,783 336,783 336,786 334,786 334,787 332,787 332,786 331,786 331,781 332,781 332,779 333,779 333,777 334,777 334,774 335,774 335,771 336,771 336,766 337,766 337,762 338,762 338,758 339,758 339,755 340,755 340,751 341,751 341,748 342,748 342,746 360,746 360,745 391,745 391,736 392,736 392,733 393,733 393,732 394,732 394,729 395,729 395,727 396,727 396,726 397,726 397,725 398,725 398,724 400,724 400,723"/>
	<TextEquiv>
	<Unicode>μάλισθ᾽</Unicode></TextEquiv></Word>
	<Word id="r121">
	<Coords points="622,722 622,723 623,723 623,726 622,726 622,727 621,727 621,760 620,760 620,763 619,763 619,766 618,766 618,767 617,767 617,768 616,768 616,769 614,769 614,770 613,770 613,771 583,771 583,770 581,770 581,769 580,769 580,768 579,768 579,767 578,767 578,765 577,765 577,760 576,760 576,759 577,759 577,756 578,756 578,753 579,753 579,751 580,751 580,750 581,750 581,748 582,748 582,747 584,747 584,746 585,746 585,745 612,745 612,744 613,744 613,725 614,725 614,724 616,724 616,723 617,723 617,722"/>
	<TextEquiv>
	<Unicode>οἱ</Unicode></TextEquiv></Word>
	<Word id="r122">
	<Coords points="693,721 693,722 694,722 694,723 695,723 695,726 696,726 696,728 697,728 697,731 698,731 698,732 699,732 699,734 700,734 700,736 701,736 701,745 702,745 702,746 703,746 703,747 705,747 705,748 706,748 706,759 705,759 705,761 704,761 704,762 703,762 703,765 702,765 702,766 701,766 701,767 700,767 700,768 698,768 698,769 695,769 695,770 658,770 658,768 657,768 657,753 649,753 649,748 650,748 650,746 651,746 651,745 653,745 653,744 689,744 689,722 690,722 690,721"/>
	<TextEquiv>
	<Unicode>τὸ</Unicode></TextEquiv></Word>
	<Word id="r123">
	<Coords points="837,721 837,722 839,722 839,724 840,724 840,725 841,725 841,728 842,728 842,729 843,729 843,732 844,732 844,743 881,743 881,744 883,744 883,747 882,747 882,751 881,751 881,754 880,754 880,755 879,755 879,757 878,757 878,758 877,758 877,760 876,760 876,761 875,761 875,762 874,762 874,763 872,763 872,764 871,764 871,765 870,765 870,766 868,766 868,767 866,767 866,768 865,768 865,769 861,769 861,770 777,770 777,769 736,769 736,733 735,733 735,732 733,732 733,730 734,730 734,729 835,729 835,721"/>
	<TextEquiv>
	<Unicode>λαιὸν</Unicode></TextEquiv></Word>
	<Word id="r124">
	<Coords points="932,721 932,722 933,722 933,724 934,724 934,742 1081,742 1081,743 1084,743 1084,744 1103,744 1103,745 1108,745 1108,746 1109,746 1109,747 1110,747 1110,748 1112,748 1112,752 1108,752 1108,768 1107,768 1107,770 1106,770 1106,771 1105,771 1105,772 1103,772 1103,773 1101,773 1101,774 1100,774 1100,770 970,770 970,781 969,781 969,783 968,783 968,784 967,784 967,785 966,785 966,786 965,786 965,787 964,787 964,788 933,788 933,770 917,770 917,769 914,769 914,768 913,768 913,767 912,767 912,766 911,766 911,764 910,764 910,762 909,762 909,754 910,754 910,752 911,752 911,750 912,750 912,749 913,749 913,736 914,736 914,726 915,726 915,724 917,724 917,723 929,723 929,722 930,722 930,721"/>
	<TextEquiv>
	<Unicode>ἔχοντες</Unicode></TextEquiv></Word>
	<Word id="r125">
	<Coords points="1228,722 1228,724 1229,724 1229,727 1230,727 1230,729 1231,729 1231,732 1232,732 1232,733 1233,733 1233,736 1234,736 1234,758 1238,758 1238,759 1239,759 1239,760 1238,760 1238,761 1237,761 1237,763 1236,763 1236,764 1235,764 1235,766 1234,766 1234,767 1233,767 1233,768 1231,768 1231,769 1186,769 1186,768 1159,768 1159,767 1157,767 1157,766 1156,766 1156,765 1155,765 1155,764 1154,764 1154,762 1153,762 1153,757 1152,757 1152,756 1153,756 1153,754 1154,754 1154,750 1155,750 1155,749 1156,749 1156,747 1157,747 1157,746 1158,746 1158,745 1160,745 1160,744 1163,744 1163,743 1165,743 1165,724 1166,724 1166,723 1168,723 1168,722"/>
	<TextEquiv>
	<Unicode>ἐπὶ</Unicode></TextEquiv></Word>
	<Word id="r126">
	<Coords points="1328,724 1328,725 1332,725 1332,726 1333,726 1333,727 1334,727 1334,729 1335,729 1335,744 1337,744 1337,747 1338,747 1338,748 1337,748 1337,751 1336,751 1336,757 1335,757 1335,760 1334,760 1334,762 1333,762 1333,766 1332,766 1332,768 1331,768 1331,772 1330,772 1330,775 1329,775 1329,778 1327,778 1327,779 1319,779 1319,782 1317,782 1317,783 1316,783 1316,784 1312,784 1312,783 1311,783 1311,781 1310,781 1310,769 1286,769 1286,768 1285,768 1285,753 1279,753 1279,752 1278,752 1278,751 1277,751 1277,746 1278,746 1278,744 1280,744 1280,743 1319,743 1319,728 1320,728 1320,726 1322,726 1322,725 1324,725 1324,724"/>
	<TextEquiv>
	<Unicode>τῇ</Unicode></TextEquiv></Word>
	<Word id="r127">
	<Coords points="1400,720 1400,721 1404,721 1404,722 1405,722 1405,724 1407,724 1407,728 1510,728 1510,726 1511,726 1511,725 1512,725 1512,723 1513,723 1513,722 1514,722 1514,721 1516,721 1516,722 1517,722 1517,723 1518,723 1518,743 1626,743 1626,745 1627,745 1627,746 1628,746 1628,760 1641,760 1641,761 1642,761 1642,762 1643,762 1643,764 1644,764 1644,766 1643,766 1643,768 1642,768 1642,769 1622,769 1622,773 1621,773 1621,776 1620,776 1620,777 1619,777 1619,778 1618,778 1618,779 1607,779 1607,783 1604,783 1604,784 1604,783 1602,783 1602,779 1601,779 1601,769 1571,769 1571,768 1389,768 1389,769 1385,769 1385,768 1383,768 1383,767 1382,767 1382,766 1381,766 1381,762 1379,762 1379,750 1380,750 1380,747 1381,747 1381,742 1382,742 1382,740 1383,740 1383,739 1384,739 1384,737 1385,737 1385,735 1386,735 1386,733 1387,733 1387,731 1388,731 1388,730 1389,730 1389,728 1390,728 1390,727 1391,727 1391,726 1392,726 1392,725 1394,725 1394,724 1395,724 1395,723 1396,723 1396,722 1397,722 1397,721 1400,721"/>
	<TextEquiv>
	<Unicode>θαλάσσῃ.</Unicode></TextEquiv></Word>
	<TextEquiv>
	<Unicode>καὶ μάλισθ᾽ οἱ τὸ λαιὸν ἔχοντες ἐπὶ τῇ θαλάσσῃ.</Unicode></TextEquiv></TextLine>
	<TextLine id="r20">
	<Coords points="1061,788 1061,789 1062,789 1062,790 1063,790 1063,793 1152,793 1152,794 1158,794 1158,795 1159,795 1159,796 1160,796 1160,797 1161,797 1161,798 1162,798 1162,811 1278,811 1278,789 1282,789 1282,790 1283,790 1283,792 1284,792 1284,794 1285,794 1285,797 1286,797 1286,800 1287,800 1287,802 1288,802 1288,810 1419,810 1419,809 1466,809 1466,788 1468,788 1468,789 1469,789 1469,790 1470,790 1470,792 1471,792 1471,793 1604,793 1604,792 1604,793 1609,793 1609,794 1610,794 1610,795 1611,795 1611,796 1612,796 1612,797 1613,797 1613,798 1614,798 1614,810 1635,810 1635,811 1640,811 1640,812 1644,812 1644,813 1645,813 1645,814 1646,814 1646,816 1647,816 1646,816 1646,818 1645,818 1645,819 1642,819 1642,835 1641,835 1641,838 1639,838 1639,839 1636,839 1636,840 1562,840 1562,846 1561,846 1561,853 1560,853 1560,854 1557,854 1557,837 1434,837 1434,846 1433,846 1433,851 1429,851 1429,837 1316,837 1316,838 1315,838 1315,839 1314,839 1314,840 1312,840 1312,841 1308,841 1308,837 1075,837 1075,838 1074,838 1074,841 1073,841 1073,844 1072,844 1072,847 1071,847 1071,850 1070,850 1070,851 1069,851 1069,850 1068,850 1068,838 911,838 911,839 892,839 892,842 891,842 891,847 890,847 890,849 889,849 889,850 858,850 858,852 857,852 857,853 856,853 856,852 855,852 855,837 732,837 732,838 598,838 598,839 461,839 461,841 460,841 460,842 458,842 458,843 455,843 455,844 452,844 452,843 367,843 367,842 366,842 366,841 350,841 350,840 237,840 237,839 234,839 234,808 221,808 221,807 219,807 219,795 218,795 218,794 219,794 219,792 220,792 220,791 225,791 225,792 226,792 226,793 227,793 227,794 356,794 356,793 357,793 357,792 358,792 358,790 361,790 361,791 362,791 362,792 363,792 363,794 395,794 395,795 398,795 398,796 400,796 400,797 401,797 401,798 402,798 402,800 403,800 403,802 404,802 404,813 513,813 513,794 514,794 514,793 515,793 515,792 517,792 517,791 546,791 546,790 549,790 549,792 550,792 550,793 551,793 551,796 552,796 552,797 553,797 553,800 554,800 554,802 555,802 555,805 556,805 556,807 557,807 557,812 666,812 666,792 667,792 667,791 669,791 669,792 671,792 671,793 845,793 845,791 846,791 846,790 847,790 847,789 849,789 849,790 850,790 850,792 918,792 918,793 921,793 921,794 922,794 922,795 923,795 923,796 924,796 924,797 925,797 925,798 1053,798 1053,791 1054,791 1054,789 1056,789 1056,788"/>
	<Word id="r129">
	<Coords points="358,790 361,790 361,791 362,791 362,792 363,792 363,794 395,794 395,795 398,795 398,796 400,796 400,797 401,797 401,798 402,798 402,800 403,800 403,802 404,802 404,813 461,813 461,814 463,814 463,816 465,816 465,817 466,817 466,818 467,818 467,821 466,821 466,822 465,822 465,823 462,823 462,839 461,839 461,841 460,841 460,842 458,842 458,843 455,843 455,844 452,844 452,843 367,843 367,842 366,842 366,841 350,841 350,840 237,840 237,839 234,839 234,808 221,808 221,807 219,807 219,795 218,795 218,794 219,794 219,792 220,792 220,791 225,791 225,792 226,792 226,793 227,793 227,794 356,794 356,793 357,793 357,792 358,792"/>
	<TextEquiv>
	<Unicode>Ἀννίβας</Unicode></TextEquiv></Word>
	<Word id="r131">
	<Coords points="549,790 549,792 550,792 550,793 551,793 551,796 552,796 552,797 553,797 553,800 554,800 554,802 555,802 555,805 556,805 556,807 557,807 557,813 558,813 558,814 559,814 559,818 557,818 557,837 555,837 555,838 554,838 554,839 514,839 514,838 513,838 513,837 512,837 512,836 510,836 510,834 509,834 509,832 508,832 508,825 509,825 509,822 510,822 510,820 511,820 511,819 512,819 512,818 513,818 513,794 514,794 514,793 515,793 515,792 517,792 517,791 546,791 546,790"/>
	<TextEquiv>
	<Unicode>δὲ</Unicode></TextEquiv></Word>
	<Word id="r132">
	<Coords points="669,791 669,792 671,792 671,794 672,794 672,796 673,796 673,800 674,800 674,802 675,802 675,804 676,804 676,828 681,828 681,830 680,830 680,831 679,831 679,834 677,834 677,836 676,836 676,837 675,837 675,838 598,838 598,839 596,839 596,838 595,838 595,835 596,835 596,833 597,833 597,829 598,829 598,828 599,828 599,824 600,824 600,821 601,821 601,817 602,817 602,814 603,814 603,813 618,813 618,812 666,812 666,792 667,792 667,791"/>
	<TextEquiv>
	<Unicode>καὶ</Unicode></TextEquiv></Word>
	<Word id="r133">
	<Coords points="847,789 849,789 849,790 850,790 850,792 918,792 918,793 921,793 921,794 922,794 922,795 923,795 923,796 924,796 924,797 925,797 925,798 969,798 969,799 974,799 974,800 976,800 976,801 977,801 977,802 978,802 978,803 979,803 979,805 980,805 980,806 981,806 981,807 982,807 982,809 983,809 983,812 984,812 984,815 985,815 985,818 986,818 986,821 987,821 987,824 988,824 988,827 989,827 989,829 999,829 999,834 998,834 998,835 995,835 995,837 993,837 993,838 911,838 911,839 892,839 892,842 891,842 891,847 890,847 890,849 889,849 889,850 858,850 858,852 857,852 857,853 856,853 856,852 855,852 855,837 732,837 732,838 722,838 722,837 721,837 721,794 730,794 730,793 845,793 845,791 846,791 846,790 847,790"/>
	<TextEquiv>
	<Unicode>Μαάρβαλ</Unicode></TextEquiv></Word>
	<Word id="r135">
	<Coords points="1061,788 1061,789 1062,789 1062,790 1063,790 1063,793 1152,793 1152,794 1158,794 1158,795 1159,795 1159,796 1160,796 1160,797 1161,797 1161,798 1162,798 1162,811 1163,811 1163,812 1164,812 1164,814 1165,814 1165,815 1166,815 1165,815 1165,819 1164,819 1164,822 1163,822 1163,825 1162,825 1162,828 1161,828 1161,829 1160,829 1160,831 1159,831 1159,832 1158,832 1158,833 1157,833 1157,834 1156,834 1156,835 1154,835 1154,836 1152,836 1152,837 1075,837 1075,838 1074,838 1074,841 1073,841 1073,844 1072,844 1072,847 1071,847 1071,850 1070,850 1070,851 1069,851 1069,850 1068,850 1068,838 1049,838 1049,837 1046,837 1046,836 1044,836 1044,835 1043,835 1043,834 1042,834 1042,832 1041,832 1041,829 1040,829 1040,826 1041,826 1041,820 1042,820 1042,818 1043,818 1043,817 1044,817 1044,816 1045,816 1045,815 1046,815 1046,814 1048,814 1048,813 1049,813 1049,812 1052,812 1052,811 1053,811 1053,791 1054,791 1054,789 1056,789 1056,788"/>
	<TextEquiv>
	<Unicode>ὁμοῦ</Unicode></TextEquiv></Word>
	<Word id="r136">
	<Coords points="1282,789 1282,790 1283,790 1283,792 1284,792 1284,794 1285,794 1285,797 1286,797 1286,800 1287,800 1287,802 1288,802 1288,810 1315,810 1315,811 1318,811 1318,812 1319,812 1319,813 1321,813 1321,815 1322,815 1322,818 1321,818 1321,819 1320,819 1320,820 1318,820 1318,834 1317,834 1317,837 1316,837 1316,838 1315,838 1315,839 1314,839 1314,840 1312,840 1312,841 1308,841 1308,837 1216,837 1216,836 1215,836 1215,835 1214,835 1214,820 1207,820 1207,819 1206,819 1206,818 1207,818 1207,813 1208,813 1208,812 1211,812 1211,811 1278,811 1278,789"/>
	<TextEquiv>
	<Unicode>τοὺς</Unicode></TextEquiv></Word>
	<Word id="r137">
	<Coords points="1468,788 1468,789 1469,789 1469,790 1470,790 1470,792 1471,792 1471,795 1472,795 1472,796 1473,796 1473,799 1474,799 1474,810 1475,810 1475,825 1479,825 1479,829 1478,829 1478,830 1477,830 1477,832 1476,832 1476,833 1475,833 1475,834 1473,834 1473,835 1446,835 1446,836 1434,836 1434,846 1433,846 1433,851 1429,851 1429,837 1366,837 1366,822 1361,822 1361,821 1360,821 1360,815 1361,815 1361,812 1363,812 1363,811 1368,811 1368,810 1419,810 1419,809 1466,809 1466,788"/>
	<TextEquiv>
	<Unicode>περὶ</Unicode></TextEquiv></Word>
	<Word id="r138">
	<Coords points="1604,793 1609,793 1609,794 1610,794 1610,795 1611,795 1611,796 1612,796 1612,797 1613,797 1613,798 1614,798 1614,810 1635,810 1635,811 1640,811 1640,812 1644,812 1644,813 1645,813 1645,814 1646,814 1646,816 1647,816 1646,816 1646,818 1645,818 1645,819 1642,819 1642,835 1641,835 1641,838 1639,838 1639,839 1636,839 1636,840 1562,840 1562,846 1561,846 1561,853 1560,853 1560,854 1557,854 1557,837 1515,837 1515,836 1513,836 1513,835 1512,835 1512,834 1510,834 1510,833 1509,833 1509,831 1508,831 1508,828 1507,828 1507,824 1508,824 1508,822 1509,822 1509,820 1510,820 1510,819 1511,819 1511,818 1512,818 1512,817 1513,817 1513,816 1514,816 1514,815 1515,815 1515,814 1517,814 1517,813 1519,813 1519,812 1526,812 1526,811 1564,811 1564,810 1565,810 1565,805 1566,805 1566,796 1567,796 1567,795 1568,795 1568,794 1569,794 1569,793 1604,793 1604,792"/>
	<TextEquiv>
	<Unicode>σφᾶς</Unicode></TextEquiv></Word>
	<TextEquiv>
	<Unicode>Ἀννίβας δὲ καὶ Μαάρβαλ ὁμοῦ τοὺς περὶ σφᾶς</Unicode></TextEquiv></TextLine>
	<TextLine id="r21">
	<Coords points="1626,856 1626,857 1627,857 1627,887 1644,887 1644,888 1645,888 1645,889 1646,889 1645,889 1645,891 1644,891 1644,892 1625,892 1625,896 1624,896 1624,898 1623,898 1623,901 1622,901 1622,902 1621,902 1621,903 1620,903 1620,904 1619,904 1619,905 1618,905 1618,906 1575,906 1575,908 1574,908 1574,914 1573,914 1573,916 1572,916 1572,917 1571,917 1571,918 1569,918 1569,916 1568,916 1568,906 1452,906 1452,907 1451,907 1451,908 1450,908 1450,909 1449,909 1449,910 1448,910 1448,911 1446,911 1446,912 1429,912 1429,914 1428,914 1428,915 1418,915 1418,917 1417,917 1417,918 1416,918 1416,919 1325,919 1325,920 1323,920 1323,921 1322,921 1322,920 1321,920 1321,915 1215,915 1215,920 1214,920 1214,921 1213,921 1213,920 1212,920 1212,917 1133,917 1133,906 919,906 919,919 918,919 918,921 917,921 917,922 915,922 915,923 910,923 910,922 909,922 909,920 908,920 908,907 769,907 769,908 768,908 768,907 766,907 766,906 661,906 661,908 660,908 660,911 659,911 659,913 658,913 658,915 657,915 657,916 656,916 656,917 647,917 647,920 645,920 645,921 642,921 642,920 616,920 616,919 614,919 614,906 510,906 510,909 509,909 509,916 508,916 508,922 507,922 507,923 504,923 504,921 503,921 503,908 392,908 392,909 344,909 344,910 343,910 343,916 342,916 342,918 341,918 341,920 340,920 340,921 339,921 339,922 336,922 336,921 306,921 306,920 305,920 305,909 230,909 230,908 226,908 226,907 224,907 224,906 222,906 222,905 221,905 221,903 220,903 220,901 219,901 219,894 220,894 220,892 221,892 221,890 222,890 222,888 223,888 223,887 224,887 224,886 225,886 225,885 226,885 226,884 227,884 227,883 229,883 229,882 231,882 231,864 232,864 232,862 233,862 233,861 238,861 238,862 239,862 239,864 306,864 306,865 311,865 311,866 312,866 312,867 313,867 313,868 314,868 314,869 315,869 315,882 495,882 495,881 521,881 521,880 649,880 649,868 650,868 650,866 651,866 651,865 652,865 652,864 656,864 656,863 741,863 741,860 743,860 743,859 745,859 745,860 747,860 747,861 748,861 748,862 749,862 749,867 855,867 855,865 856,865 856,863 857,863 857,861 858,861 858,859 859,859 859,858 862,858 862,859 863,859 863,880 1040,880 1040,879 1064,879 1064,860 1065,860 1065,859 1066,859 1066,858 1067,858 1067,859 1068,859 1068,860 1164,860 1164,861 1270,861 1270,860 1274,860 1274,861 1277,861 1277,862 1278,862 1278,863 1279,863 1279,864 1280,864 1280,865 1281,865 1281,867 1282,867 1282,870 1283,870 1283,878 1419,878 1419,865 1420,865 1420,864 1421,864 1421,862 1423,862 1423,861 1431,861 1431,862 1432,862 1432,863 1433,863 1433,864 1434,864 1434,866 1435,866 1435,880 1554,880 1554,879 1596,879 1596,878 1614,878 1614,872 1615,872 1615,870 1616,870 1616,868 1617,868 1617,866 1618,866 1618,863 1619,863 1619,861 1620,861 1620,859 1621,859 1621,857 1622,857 1622,856"/>
	<Word id="r139">
	<Coords points="238,861 238,862 239,862 239,864 306,864 306,865 311,865 311,866 312,866 312,867 313,867 313,868 314,868 314,869 315,869 315,882 414,882 414,884 415,884 415,889 414,889 414,890 413,890 413,892 412,892 412,893 411,893 411,897 410,897 410,898 409,898 409,899 408,899 408,900 407,900 407,901 405,901 405,902 404,902 404,903 402,903 402,904 401,904 401,905 400,905 400,906 399,906 399,907 395,907 395,908 392,908 392,909 344,909 344,910 343,910 343,916 342,916 342,918 341,918 341,920 340,920 340,921 339,921 339,922 336,922 336,921 306,921 306,920 305,920 305,909 230,909 230,908 226,908 226,907 224,907 224,906 222,906 222,905 221,905 221,903 220,903 220,901 219,901 219,894 220,894 220,892 221,892 221,890 222,890 222,888 223,888 223,887 224,887 224,886 225,886 225,885 226,885 226,884 227,884 227,883 229,883 229,882 231,882 231,864 232,864 232,862 233,862 233,861"/>
	<TextEquiv>
	<Unicode>ἐπῆγον</Unicode></TextEquiv></Word>
	<Word id="r140">
	<Coords points="658,863 658,864 660,864 660,865 662,865 662,866 663,866 663,867 664,867 664,882 665,882 665,883 666,883 666,885 667,885 667,888 666,888 666,891 665,891 665,893 664,893 664,896 663,896 663,901 662,901 662,903 661,903 661,908 660,908 660,911 659,911 659,913 658,913 658,915 657,915 657,916 656,916 656,917 647,917 647,920 645,920 645,921 642,921 642,920 616,920 616,919 614,919 614,906 510,906 510,909 509,909 509,916 508,916 508,922 507,922 507,923 504,923 504,921 503,921 503,908 474,908 474,907 472,907 472,903 473,903 473,901 474,901 474,898 475,898 475,894 476,894 476,892 477,892 477,888 478,888 478,885 479,885 479,883 480,883 480,882 495,882 495,881 521,881 521,880 649,880 649,868 650,868 650,866 651,866 651,865 652,865 652,864 656,864 656,863"/>
	<TextEquiv>
	<Unicode>κραυγῇ</Unicode></TextEquiv></Word>
	<Word id="r141">
	<Coords points="859,858 862,858 862,859 863,859 863,880 928,880 928,881 930,881 930,882 933,882 933,883 935,883 935,885 936,885 936,887 937,887 937,893 936,893 936,895 935,895 935,898 934,898 934,900 933,900 933,901 932,901 932,903 930,903 930,904 929,904 929,905 919,905 919,919 918,919 918,921 917,921 917,922 915,922 915,923 910,923 910,922 909,922 909,920 908,920 908,907 769,907 769,908 768,908 768,907 766,907 766,906 729,906 729,905 727,905 727,903 726,903 726,902 725,902 725,895 726,895 726,892 727,892 727,891 728,891 728,889 729,889 729,888 730,888 730,886 731,886 731,885 732,885 732,884 734,884 734,883 736,883 736,882 741,882 741,860 743,860 743,859 745,859 745,860 747,860 747,861 748,861 748,862 749,862 749,867 855,867 855,865 856,865 856,863 857,863 857,861 858,861 858,859 859,859"/>
	<TextEquiv>
	<Unicode>ἀπλέτῳ</Unicode></TextEquiv></Word>
	<Word id="r143">
	<Coords points="1067,858 1067,859 1068,859 1068,861 1069,861 1069,863 1070,863 1070,864 1071,864 1071,867 1072,867 1072,869 1073,869 1073,872 1074,872 1074,873 1075,873 1075,895 1079,895 1079,898 1078,898 1078,900 1077,900 1077,901 1076,901 1076,902 1075,902 1075,904 1074,904 1074,905 1072,905 1072,906 994,906 994,905 993,905 993,903 994,903 994,901 995,901 995,898 996,898 996,896 997,896 997,891 998,891 998,888 999,888 999,886 1000,886 1000,883 1001,883 1001,881 1002,881 1002,880 1040,880 1040,879 1064,879 1064,860 1065,860 1065,859 1066,859 1066,858"/>
	<TextEquiv>
	<Unicode>καὶ</Unicode></TextEquiv></Word>
	<Word id="r144">
	<Coords points="1164,860 1164,861 1270,861 1270,860 1274,860 1274,861 1277,861 1277,862 1278,862 1278,863 1279,863 1279,864 1280,864 1280,865 1281,865 1281,867 1282,867 1282,870 1283,870 1283,878 1419,878 1419,865 1420,865 1420,864 1421,864 1421,862 1423,862 1423,861 1431,861 1431,862 1432,862 1432,863 1433,863 1433,864 1434,864 1434,866 1435,866 1435,880 1436,880 1436,881 1437,881 1437,896 1451,896 1451,897 1452,897 1452,898 1453,898 1453,904 1452,904 1452,907 1451,907 1451,908 1450,908 1450,909 1449,909 1449,910 1448,910 1448,911 1446,911 1446,912 1429,912 1429,914 1428,914 1428,915 1418,915 1418,917 1417,917 1417,918 1416,918 1416,919 1325,919 1325,920 1323,920 1323,921 1322,921 1322,920 1321,920 1321,915 1215,915 1215,920 1214,920 1214,921 1213,921 1213,920 1212,920 1212,917 1133,917 1133,911 1134,911 1134,908 1135,908 1135,904 1136,904 1136,902 1137,902 1137,897 1138,897 1138,894 1139,894 1139,892 1140,892 1140,888 1141,888 1141,883 1142,883 1142,880 1143,880 1143,878 1144,878 1144,876 1145,876 1145,873 1146,873 1146,872 1147,872 1147,869 1148,869 1148,867 1149,867 1149,865 1150,865 1150,864 1152,864 1152,863 1154,863 1154,862 1155,862 1155,861 1157,861 1157,860"/>
	<TextEquiv>
	<Unicode>βαρβαρικῇ,</Unicode></TextEquiv></Word>
	<Word id="r145">
	<Coords points="1626,856 1626,857 1627,857 1627,887 1644,887 1644,888 1645,888 1645,889 1646,889 1645,889 1645,891 1644,891 1644,892 1625,892 1625,896 1624,896 1624,898 1623,898 1623,901 1622,901 1622,902 1621,902 1621,903 1620,903 1620,904 1619,904 1619,905 1618,905 1618,906 1575,906 1575,908 1574,908 1574,914 1573,914 1573,916 1572,916 1572,917 1571,917 1571,918 1569,918 1569,916 1568,916 1568,906 1514,906 1514,905 1513,905 1513,882 1512,882 1512,881 1514,881 1514,880 1554,880 1554,879 1596,879 1596,878 1614,878 1614,872 1615,872 1615,870 1616,870 1616,868 1617,868 1617,866 1618,866 1618,863 1619,863 1619,861 1620,861 1620,859 1621,859 1621,857 1622,857 1622,856"/>
	<TextEquiv>
	<Unicode>νομί-</Unicode></TextEquiv></Word>
	<TextEquiv>
	<Unicode>ἐπῆγον κραυγῇ ἀπλέτῳ καὶ βαρβαρικῇ, νομί-</Unicode></TextEquiv></TextLine>
	<TextLine id="r62">
	<Coords points="1294,925 1294,926 1296,926 1296,927 1297,927 1297,930 1298,930 1298,933 1299,933 1299,935 1300,935 1300,937 1301,937 1301,939 1302,939 1302,941 1403,941 1403,927 1404,927 1404,926 1407,926 1407,928 1408,928 1408,930 1409,930 1409,934 1410,934 1410,935 1411,935 1411,937 1412,937 1412,940 1413,940 1413,946 1515,946 1515,936 1516,936 1516,934 1517,934 1517,933 1518,933 1518,930 1519,930 1519,928 1520,928 1520,927 1521,927 1521,926 1524,926 1524,927 1525,927 1525,947 1619,947 1619,948 1641,948 1641,949 1643,949 1643,950 1644,950 1644,951 1645,951 1645,952 1646,952 1646,954 1647,954 1647,955 1646,955 1646,957 1642,957 1642,973 1641,973 1641,975 1640,975 1640,976 1639,976 1639,977 1638,977 1638,978 1632,978 1632,974 1540,974 1540,973 1335,973 1335,974 1295,974 1295,973 1142,973 1142,974 1123,974 1123,975 1122,975 1122,977 1121,977 1121,978 1114,978 1114,974 1005,974 1005,975 841,975 841,976 840,976 840,977 839,977 839,978 834,978 834,975 629,975 629,983 628,983 628,985 627,985 627,986 626,986 626,987 625,987 625,988 623,988 623,989 621,989 621,990 619,990 619,991 617,991 617,990 614,990 614,989 613,989 613,988 588,988 588,987 587,987 587,975 461,975 461,976 400,976 400,977 399,977 399,979 398,979 398,980 395,980 395,981 393,981 393,980 392,980 392,977 230,977 230,976 227,976 227,975 225,975 225,974 224,974 224,972 223,972 223,971 222,971 222,966 221,966 221,965 222,965 222,961 223,961 223,960 224,960 224,958 225,958 225,957 226,957 226,956 227,956 227,955 228,955 228,954 231,954 231,953 233,953 233,952 237,952 237,951 274,951 274,950 371,950 371,949 444,949 444,931 445,931 445,930 446,930 446,929 452,929 452,930 453,930 453,932 454,932 454,935 594,935 594,933 595,933 595,932 596,932 596,930 597,930 597,929 598,929 598,928 601,928 601,929 621,929 621,930 623,930 623,935 636,935 636,936 637,936 637,948 676,948 676,949 805,949 805,927 806,927 806,926 807,926 807,927 809,927 809,928 890,928 890,929 892,929 892,930 893,930 893,932 894,932 894,948 1037,948 1037,937 1038,937 1038,935 1039,935 1039,933 1040,933 1040,930 1041,930 1041,928 1042,928 1042,927 1044,927 1044,928 1045,928 1045,947 1100,947 1100,948 1220,948 1220,929 1221,929 1221,928 1222,928 1222,927 1223,927 1223,926 1226,926 1226,925"/>
	<Word id="r282">
	<Coords points="396,949 396,950 401,950 401,951 403,951 403,952 404,952 404,953 405,953 405,955 406,955 406,958 405,958 405,959 401,959 401,976 400,976 400,977 399,977 399,979 398,979 398,980 395,980 395,981 393,981 393,980 392,980 392,977 230,977 230,976 227,976 227,975 225,975 225,974 224,974 224,972 223,972 223,971 222,971 222,966 221,966 221,965 222,965 222,961 223,961 223,960 224,960 224,958 225,958 225,957 226,957 226,956 227,956 227,955 228,955 228,954 231,954 231,953 233,953 233,952 237,952 237,951 274,951 274,950 371,950 371,949"/>
	<TextEquiv>
	<Unicode>σαντες</Unicode></TextEquiv></Word>
	<Word id="r283">
	<Coords points="601,928 601,929 621,929 621,930 623,930 623,935 636,935 636,936 637,936 637,948 676,948 676,949 677,949 677,950 710,950 710,951 711,951 711,954 710,954 710,956 709,956 709,960 708,960 708,961 707,961 707,963 706,963 706,964 705,964 705,965 704,965 704,967 703,967 703,968 701,968 701,969 700,969 700,970 698,970 698,971 697,971 697,972 696,972 696,973 694,973 694,974 691,974 691,975 629,975 629,983 628,983 628,985 627,985 627,986 626,986 626,987 625,987 625,988 623,988 623,989 621,989 621,990 619,990 619,991 617,991 617,990 614,990 614,989 613,989 613,988 588,988 588,987 587,987 587,975 461,975 461,976 440,976 440,975 438,975 438,974 437,974 437,973 436,973 436,971 435,971 435,970 434,970 434,969 433,969 433,968 432,968 432,963 433,963 433,959 434,959 434,958 435,958 435,957 436,957 436,955 437,955 437,954 438,954 438,953 439,953 439,952 440,952 440,951 442,951 442,950 444,950 444,931 445,931 445,930 446,930 446,929 452,929 452,930 453,930 453,932 454,932 454,935 594,935 594,933 595,933 595,932 596,932 596,930 597,930 597,929 598,929 598,928"/>
	<TextEquiv>
	<Unicode>ἐκπλήξειν</Unicode></TextEquiv></Word>
	<Word id="r284">
	<Coords points="807,926 807,927 809,927 809,928 810,928 810,930 811,930 811,933 812,933 812,935 813,935 813,938 814,938 814,941 815,941 815,948 820,948 820,949 841,949 841,950 843,950 843,951 844,951 844,952 845,952 845,953 846,953 846,956 842,956 842,974 841,974 841,976 840,976 840,977 839,977 839,978 834,978 834,975 773,975 773,974 741,974 741,973 740,973 740,956 732,956 732,953 733,953 733,951 734,951 734,950 738,950 738,949 805,949 805,927 806,927 806,926"/>
	<TextEquiv>
	<Unicode>τοὺς</Unicode></TextEquiv></Word>
	<Word id="r285">
	<Coords points="1044,927 1044,928 1045,928 1045,947 1100,947 1100,948 1123,948 1123,949 1125,949 1125,950 1127,950 1127,952 1128,952 1128,954 1129,954 1129,966 1142,966 1142,967 1143,967 1143,968 1144,968 1144,970 1145,970 1144,970 1144,972 1143,972 1143,973 1142,973 1142,974 1123,974 1123,975 1122,975 1122,977 1121,977 1121,978 1114,978 1114,974 1005,974 1005,975 900,975 900,974 882,974 882,973 877,973 877,972 876,972 876,971 875,971 875,970 874,970 874,967 873,967 873,965 872,965 872,964 873,964 873,959 874,959 874,956 875,956 875,955 876,955 876,953 877,953 877,952 878,952 878,951 880,951 880,950 882,950 882,949 885,949 885,929 886,929 886,928 890,928 890,929 892,929 892,930 893,930 893,932 894,932 894,948 1037,948 1037,937 1038,937 1038,935 1039,935 1039,933 1040,933 1040,930 1041,930 1041,928 1042,928 1042,927"/>
	<TextEquiv>
	<Unicode>ἐναντίους.</Unicode></TextEquiv></Word>
	<Word id="r286">
	<Coords points="1227,925 1227,926 1228,926 1228,927 1229,927 1229,929 1228,929 1228,930 1227,930 1227,931 1226,931 1226,939 1225,939 1225,968 1224,968 1224,969 1223,969 1223,971 1222,971 1222,972 1221,972 1221,973 1190,973 1190,972 1188,972 1188,971 1186,971 1186,970 1185,970 1185,969 1184,969 1184,967 1183,967 1183,960 1184,960 1184,957 1185,957 1185,955 1186,955 1186,953 1187,953 1187,952 1188,952 1188,951 1189,951 1189,950 1190,950 1190,949 1192,949 1192,948 1220,948 1220,929 1221,929 1221,928 1222,928 1222,927 1223,927 1223,926 1226,926 1226,925"/>
	<TextEquiv>
	<Unicode>οἱ</Unicode></TextEquiv></Word>
	<Word id="r287">
	<Coords points="1294,926 1296,926 1296,927 1297,927 1297,930 1298,930 1298,933 1299,933 1299,935 1300,935 1300,937 1301,937 1301,939 1302,939 1302,941 1303,941 1303,948 1305,948 1305,952 1303,952 1303,972 1302,972 1302,973 1301,973 1301,974 1295,974 1295,973 1262,973 1262,972 1260,972 1260,971 1259,971 1259,970 1258,970 1258,969 1257,969 1257,968 1256,968 1256,963 1255,963 1255,960 1256,960 1256,957 1257,957 1257,955 1258,955 1258,954 1259,954 1259,953 1260,953 1260,930 1261,930 1261,928 1262,928 1262,927 1264,927 1264,926 1294,926 1294,925"/>
	<TextEquiv>
	<Unicode>δὲ</Unicode></TextEquiv></Word>
	<Word id="r288">
	<Coords points="1407,926 1407,928 1408,928 1408,930 1409,930 1409,934 1410,934 1410,935 1411,935 1411,937 1412,937 1412,940 1413,940 1413,963 1417,963 1417,964 1418,964 1417,964 1417,967 1416,967 1416,968 1415,968 1415,970 1414,970 1414,971 1413,971 1413,972 1411,972 1411,973 1335,973 1335,974 1333,974 1333,973 1332,973 1332,972 1333,972 1333,969 1334,969 1334,965 1335,965 1335,963 1336,963 1336,960 1337,960 1337,957 1338,957 1338,955 1339,955 1339,952 1340,952 1340,949 1342,949 1342,948 1357,948 1357,947 1403,947 1403,927 1404,927 1404,926"/>
	<TextEquiv>
	<Unicode>καὶ</Unicode></TextEquiv></Word>
	<Word id="r289">
	<Coords points="1524,926 1524,927 1525,927 1525,947 1619,947 1619,948 1641,948 1641,949 1643,949 1643,950 1644,950 1644,951 1645,951 1645,952 1646,952 1646,954 1647,954 1647,955 1646,955 1646,957 1642,957 1642,973 1641,973 1641,975 1640,975 1640,976 1639,976 1639,977 1638,977 1638,978 1632,978 1632,974 1540,974 1540,973 1446,973 1446,972 1445,972 1445,971 1444,971 1444,955 1437,955 1437,950 1438,950 1438,948 1440,948 1440,947 1479,947 1479,946 1515,946 1515,936 1516,936 1516,934 1517,934 1517,933 1518,933 1518,930 1519,930 1519,928 1520,928 1520,927 1521,927 1521,926"/>
	<TextEquiv>
	<Unicode>τούτους</Unicode></TextEquiv></Word>
	<TextEquiv>
	<Unicode>σαντες ἐκπλήξειν τοὺς ἐναντίους. οἱ δὲ καὶ τούτους</Unicode></TextEquiv></TextLine>
	<TextLine id="r23">
	<Coords points="1170,993 1171,993 1171,994 1172,994 1172,997 1173,997 1173,1015 1231,1015 1231,1016 1320,1016 1320,1017 1322,1017 1322,1019 1323,1019 1323,1033 1334,1033 1334,1034 1336,1034 1336,1035 1337,1035 1337,1041 1335,1041 1335,1042 1301,1042 1301,1043 1300,1043 1300,1042 1181,1042 1181,1044 1180,1044 1180,1047 1179,1047 1179,1052 1178,1052 1178,1054 1177,1054 1177,1055 1176,1055 1176,1056 1174,1056 1174,1043 1042,1043 1042,1044 1041,1044 1041,1045 1040,1045 1040,1046 1038,1046 1038,1047 1035,1047 1035,1048 1035,1047 1033,1047 1033,1042 920,1042 920,1043 903,1043 903,1049 902,1049 902,1053 901,1053 901,1054 900,1054 900,1055 899,1055 899,1056 898,1056 898,1055 897,1055 897,1044 741,1044 741,1043 634,1043 634,1044 479,1044 479,1046 478,1046 478,1047 476,1047 476,1048 474,1048 474,1049 471,1049 471,1048 470,1048 470,1045 233,1045 233,1046 232,1046 232,1045 229,1045 229,1044 226,1044 226,1042 224,1042 224,1041 223,1041 223,1039 222,1039 222,1036 221,1036 221,1031 222,1031 222,1028 223,1028 223,1026 224,1026 224,1025 225,1025 225,1024 226,1024 226,1022 228,1022 228,1021 231,1021 231,1020 232,1020 232,1019 233,1019 233,1018 259,1018 259,999 260,999 260,998 261,998 261,997 263,997 263,998 266,998 266,1000 267,1000 267,1001 268,1001 268,1018 391,1018 391,1015 392,1015 392,1013 393,1013 393,1010 394,1010 394,1008 395,1008 395,1007 396,1007 396,1006 397,1006 397,1004 398,1004 398,1003 399,1003 399,1002 400,1002 400,1001 401,1001 401,1000 402,1000 402,999 404,999 404,998 405,998 405,997 408,997 408,996 411,996 411,997 413,997 413,998 414,998 414,999 444,999 444,1000 446,1000 446,1001 447,1001 447,1002 449,1002 449,1004 450,1004 450,1006 451,1006 451,1017 586,1017 586,998 646,998 646,996 648,996 648,997 649,997 649,998 650,998 650,999 651,999 651,1000 652,1000 652,1016 688,1016 688,1017 842,1017 842,1003 843,1003 843,1002 904,1002 904,1000 905,1000 905,998 906,998 906,996 907,996 907,995 910,995 910,996 911,996 911,1016 1085,1016 1085,999 1086,999 1086,998 1087,998 1087,997 1088,997 1088,996 1090,996 1090,995 1169,995 1169,994 1170,994"/>
	<Word id="r146">
	<Coords points="411,996 411,997 413,997 413,998 414,998 414,999 444,999 444,1000 446,1000 446,1001 447,1001 447,1002 449,1002 449,1004 450,1004 450,1006 451,1006 451,1018 477,1018 477,1019 480,1019 480,1020 482,1020 482,1021 483,1021 483,1022 484,1022 484,1026 483,1026 483,1027 480,1027 480,1044 479,1044 479,1046 478,1046 478,1047 476,1047 476,1048 474,1048 474,1049 471,1049 471,1048 470,1048 470,1045 233,1045 233,1046 232,1046 232,1045 229,1045 229,1044 226,1044 226,1042 224,1042 224,1041 223,1041 223,1039 222,1039 222,1036 221,1036 221,1031 222,1031 222,1028 223,1028 223,1026 224,1026 224,1025 225,1025 225,1024 226,1024 226,1022 228,1022 228,1021 231,1021 231,1020 232,1020 232,1019 233,1019 233,1018 259,1018 259,999 260,999 260,998 261,998 261,997 263,997 263,998 266,998 266,1000 267,1000 267,1001 268,1001 268,1018 391,1018 391,1015 392,1015 392,1013 393,1013 393,1010 394,1010 394,1008 395,1008 395,1007 396,1007 396,1006 397,1006 397,1004 398,1004 398,1003 399,1003 399,1002 400,1002 400,1001 401,1001 401,1000 402,1000 402,999 404,999 404,998 405,998 405,997 408,997 408,996"/>
	<TextEquiv>
	<Unicode>εὐσταθῶς</Unicode></TextEquiv></Word>
	<Word id="r147">
	<Coords points="588,998 588,999 589,999 589,1000 590,1000 590,1002 591,1002 591,1005 592,1005 592,1007 593,1007 593,1008 594,1008 594,1011 595,1011 595,1036 598,1036 598,1038 597,1038 597,1039 596,1039 596,1041 595,1041 595,1042 594,1042 594,1043 591,1043 591,1044 514,1044 514,1041 515,1041 515,1038 516,1038 516,1036 517,1036 517,1032 518,1032 518,1028 519,1028 519,1026 520,1026 520,1024 521,1024 521,1020 522,1020 522,1019 523,1019 523,1018 538,1018 538,1017 586,1017 586,998"/>
	<TextEquiv>
	<Unicode>καὶ</Unicode></TextEquiv></Word>
	<Word id="r148">
	<Coords points="907,995 910,995 910,996 911,996 911,1016 1041,1016 1041,1017 1043,1017 1043,1018 1045,1018 1045,1019 1047,1019 1047,1021 1048,1021 1048,1023 1047,1023 1047,1025 1043,1025 1043,1041 1042,1041 1042,1044 1041,1044 1041,1045 1040,1045 1040,1046 1038,1046 1038,1047 1035,1047 1035,1048 1035,1047 1033,1047 1033,1042 920,1042 920,1043 903,1043 903,1049 902,1049 902,1053 901,1053 901,1054 900,1054 900,1055 899,1055 899,1056 898,1056 898,1055 897,1055 897,1044 741,1044 741,1043 634,1043 634,1044 632,1044 632,1043 630,1043 630,1042 629,1042 629,1041 628,1041 628,1040 627,1040 627,1039 626,1039 626,1032 627,1032 627,1028 628,1028 628,1026 629,1026 629,1024 636,1024 636,1020 637,1020 637,1019 639,1019 639,1018 642,1018 642,999 645,999 645,998 646,998 646,996 648,996 648,997 649,997 649,998 650,998 650,999 651,999 651,1000 652,1000 652,1016 688,1016 688,1017 842,1017 842,1003 843,1003 843,1002 904,1002 904,1000 905,1000 905,998 906,998 906,996 907,996"/>
	<TextEquiv>
	<Unicode>ἀκαταπλήκτως</Unicode></TextEquiv></Word>
	<Word id="r150">
	<Coords points="1171,993 1171,994 1172,994 1172,997 1173,997 1173,1015 1231,1015 1231,1016 1320,1016 1320,1017 1322,1017 1322,1019 1323,1019 1323,1033 1334,1033 1334,1034 1336,1034 1336,1035 1337,1035 1337,1041 1335,1041 1335,1042 1301,1042 1301,1043 1300,1043 1300,1042 1181,1042 1181,1044 1180,1044 1180,1047 1179,1047 1179,1052 1178,1052 1178,1054 1177,1054 1177,1055 1176,1055 1176,1056 1174,1056 1174,1043 1082,1043 1082,1042 1080,1042 1080,1041 1079,1041 1079,1040 1078,1040 1078,1038 1077,1038 1077,1021 1076,1021 1076,1020 1075,1020 1076,1020 1076,1018 1078,1018 1078,1017 1085,1017 1085,999 1086,999 1086,998 1087,998 1087,997 1088,997 1088,996 1090,996 1090,995 1169,995 1169,994 1170,994 1170,993"/>
	<TextEquiv>
	<Unicode>ὑπέμενον.</Unicode></TextEquiv></Word>
	<TextEquiv>
	<Unicode>εὐσταθῶς καὶ ἀκαταπλήκτως ὑπέμενον.</Unicode></TextEquiv></TextLine>
	<TextLine id="r26">
	<Coords points="1482,1061 1483,1061 1483,1062 1485,1062 1485,1064 1486,1064 1486,1083 1506,1083 1506,1084 1635,1084 1635,1064 1636,1064 1636,1063 1637,1063 1637,1062 1638,1062 1638,1061 1643,1061 1643,1062 1645,1062 1645,1091 1646,1091 1646,1095 1645,1095 1645,1101 1644,1101 1644,1103 1643,1103 1643,1106 1642,1106 1642,1107 1641,1107 1641,1108 1640,1108 1640,1109 1639,1109 1639,1110 1593,1110 1593,1111 1592,1111 1592,1112 1591,1112 1591,1115 1590,1115 1590,1116 1588,1116 1588,1117 1587,1117 1587,1118 1492,1118 1492,1123 1491,1123 1491,1125 1490,1125 1490,1126 1489,1126 1489,1125 1488,1125 1488,1124 1487,1124 1487,1110 1350,1110 1350,1111 1349,1111 1349,1112 1347,1112 1347,1113 1345,1113 1345,1114 1321,1114 1321,1120 1320,1120 1320,1122 1319,1122 1319,1123 1317,1123 1317,1122 1316,1122 1316,1111 1121,1111 1121,1113 1120,1113 1120,1118 1119,1118 1119,1122 1118,1122 1118,1123 1117,1123 1117,1124 1114,1124 1114,1112 803,1112 803,1113 802,1113 802,1114 801,1114 801,1115 799,1115 799,1116 774,1116 774,1122 773,1122 773,1124 771,1124 771,1125 771,1124 769,1124 769,1112 665,1112 665,1113 462,1113 462,1114 460,1114 460,1113 361,1113 361,1112 294,1112 294,1111 293,1111 293,1078 294,1078 294,1076 295,1076 295,1075 297,1075 297,1074 298,1074 298,1073 299,1073 299,1072 302,1072 302,1071 427,1071 427,1070 428,1070 428,1068 430,1068 430,1067 431,1067 431,1069 433,1069 433,1072 434,1072 434,1075 435,1075 435,1077 436,1077 436,1079 437,1079 437,1081 438,1081 438,1082 439,1082 439,1085 567,1085 567,1086 696,1086 696,1079 697,1079 697,1076 698,1076 698,1074 699,1074 699,1072 700,1072 700,1070 701,1070 701,1069 702,1069 702,1067 703,1067 703,1066 704,1066 704,1064 706,1064 706,1063 709,1063 709,1085 855,1085 855,1067 856,1067 856,1066 857,1066 857,1065 858,1065 858,1064 859,1064 859,1063 862,1063 862,1064 890,1064 890,1065 891,1065 891,1067 892,1067 892,1070 893,1070 893,1072 894,1072 894,1074 895,1074 895,1076 896,1076 896,1085 1011,1085 1011,1064 1013,1064 1013,1063 1015,1063 1015,1066 1016,1066 1016,1067 1178,1067 1178,1064 1180,1064 1180,1063 1185,1063 1185,1064 1186,1064 1186,1065 1188,1065 1188,1066 1190,1066 1190,1067 1192,1067 1192,1068 1193,1068 1193,1069 1194,1069 1194,1070 1195,1070 1195,1073 1196,1073 1196,1074 1197,1074 1197,1084 1307,1084 1307,1072 1308,1072 1308,1070 1309,1070 1309,1069 1310,1069 1310,1068 1312,1068 1312,1067 1319,1067 1319,1068 1321,1068 1321,1069 1322,1069 1322,1070 1323,1070 1323,1071 1324,1071 1324,1073 1325,1073 1325,1083 1475,1083 1475,1075 1476,1075 1476,1072 1477,1072 1477,1070 1478,1070 1478,1068 1479,1068 1479,1064 1480,1064 1480,1063 1481,1063 1481,1062 1482,1062"/>
	<Word id="r151">
	<Coords points="343,1071 343,1072 345,1072 345,1073 346,1073 346,1074 347,1074 347,1075 348,1075 348,1077 349,1077 349,1078 350,1078 350,1080 351,1080 351,1105 364,1105 364,1106 365,1106 365,1107 366,1107 366,1111 365,1111 365,1112 364,1112 364,1113 361,1113 361,1112 294,1112 294,1111 293,1111 293,1078 294,1078 294,1076 295,1076 295,1075 297,1075 297,1074 298,1074 298,1073 299,1073 299,1072 302,1072 302,1071"/>
	<TextEquiv>
	<Unicode>22.</Unicode></TextEquiv></Word>
	<Word id="r152">
	<Coords points="709,1063 709,1085 777,1085 777,1086 801,1086 801,1087 804,1087 804,1088 806,1088 806,1089 807,1089 807,1095 803,1095 803,1113 802,1113 802,1114 801,1114 801,1115 799,1115 799,1116 774,1116 774,1122 773,1122 773,1124 771,1124 771,1125 771,1124 769,1124 769,1112 665,1112 665,1113 462,1113 462,1114 460,1114 460,1113 458,1113 458,1112 409,1112 409,1110 410,1110 410,1108 411,1108 411,1106 412,1106 412,1102 413,1102 413,1100 414,1100 414,1098 415,1098 415,1097 416,1097 416,1094 417,1094 417,1092 418,1092 418,1090 419,1090 419,1086 420,1086 420,1085 421,1085 421,1083 422,1083 422,1080 424,1080 424,1077 425,1077 425,1075 426,1075 426,1073 427,1073 427,1070 428,1070 428,1068 430,1068 430,1067 431,1067 431,1069 433,1069 433,1072 434,1072 434,1075 435,1075 435,1077 436,1077 436,1079 437,1079 437,1081 438,1081 438,1082 439,1082 439,1085 567,1085 567,1086 696,1086 696,1079 697,1079 697,1076 698,1076 698,1074 699,1074 699,1072 700,1072 700,1070 701,1070 701,1069 702,1069 702,1067 703,1067 703,1066 704,1066 704,1064 706,1064 706,1063"/>
	<TextEquiv>
	<Unicode>Διαπιπτούσης</Unicode></TextEquiv></Word>
	<Word id="r153">
	<Coords points="862,1063 862,1064 890,1064 890,1065 891,1065 891,1067 892,1067 892,1070 893,1070 893,1072 894,1072 894,1074 895,1074 895,1076 896,1076 896,1086 899,1086 899,1087 900,1087 900,1090 901,1090 900,1090 900,1091 898,1091 898,1111 895,1111 895,1112 860,1112 860,1111 856,1111 856,1110 855,1110 855,1109 854,1109 854,1108 853,1108 853,1107 852,1107 852,1106 851,1106 851,1103 850,1103 850,1098 851,1098 851,1095 852,1095 852,1093 853,1093 853,1092 854,1092 854,1091 855,1091 855,1067 856,1067 856,1066 857,1066 857,1065 858,1065 858,1064 859,1064 859,1063"/>
	<TextEquiv>
	<Unicode>δὲ</Unicode></TextEquiv></Word>
	<Word id="r154">
	<Coords points="1015,1063 1015,1066 1016,1066 1016,1067 1017,1067 1017,1069 1018,1069 1018,1071 1019,1071 1019,1074 1020,1074 1020,1076 1021,1076 1021,1079 1022,1079 1022,1101 1026,1101 1026,1103 1025,1103 1025,1105 1024,1105 1024,1106 1023,1106 1023,1107 1022,1107 1022,1108 1021,1108 1021,1110 1020,1110 1020,1111 1019,1111 1019,1112 940,1112 940,1109 941,1109 941,1105 942,1105 942,1103 943,1103 943,1100 944,1100 944,1098 945,1098 945,1093 946,1093 946,1091 947,1091 947,1087 948,1087 948,1086 963,1086 963,1085 1011,1085 1011,1064 1013,1064 1013,1063"/>
	<TextEquiv>
	<Unicode>καὶ</Unicode></TextEquiv></Word>
	<Word id="r155">
	<Coords points="1185,1063 1185,1064 1186,1064 1186,1065 1188,1065 1188,1066 1190,1066 1190,1067 1192,1067 1192,1068 1193,1068 1193,1069 1194,1069 1194,1070 1195,1070 1195,1073 1196,1073 1196,1074 1197,1074 1197,1084 1221,1084 1221,1085 1222,1085 1222,1086 1223,1086 1223,1089 1222,1089 1222,1090 1221,1090 1221,1096 1220,1096 1220,1109 1219,1109 1219,1110 1217,1110 1217,1111 1121,1111 1121,1113 1120,1113 1120,1118 1119,1118 1119,1122 1118,1122 1118,1123 1117,1123 1117,1124 1114,1124 1114,1111 1075,1111 1075,1110 1074,1110 1074,1094 1067,1094 1067,1093 1066,1093 1066,1088 1067,1088 1067,1086 1069,1086 1069,1085 1105,1085 1105,1074 1106,1074 1106,1072 1107,1072 1107,1070 1108,1070 1108,1069 1110,1069 1110,1068 1113,1068 1113,1067 1178,1067 1178,1064 1180,1064 1180,1063"/>
	<TextEquiv>
	<Unicode>τῆσδε</Unicode></TextEquiv></Word>
	<Word id="r156">
	<Coords points="1319,1067 1319,1068 1321,1068 1321,1069 1322,1069 1322,1070 1323,1070 1323,1071 1324,1071 1324,1073 1325,1073 1325,1084 1348,1084 1348,1085 1351,1085 1351,1086 1353,1086 1353,1088 1354,1088 1354,1089 1355,1089 1355,1092 1354,1092 1354,1093 1351,1093 1351,1109 1350,1109 1350,1111 1349,1111 1349,1112 1347,1112 1347,1113 1345,1113 1345,1114 1321,1114 1321,1120 1320,1120 1320,1122 1319,1122 1319,1123 1317,1123 1317,1122 1316,1122 1316,1111 1278,1111 1278,1110 1277,1110 1277,1109 1276,1109 1276,1093 1269,1093 1269,1092 1268,1092 1268,1088 1269,1088 1269,1086 1270,1086 1270,1085 1307,1085 1307,1072 1308,1072 1308,1070 1309,1070 1309,1069 1310,1069 1310,1068 1312,1068 1312,1067"/>
	<TextEquiv>
	<Unicode>τῆς</Unicode></TextEquiv></Word>
	<Word id="r157">
	<Coords points="1483,1061 1483,1062 1485,1062 1485,1064 1486,1064 1486,1083 1506,1083 1506,1084 1570,1084 1570,1085 1574,1085 1574,1086 1575,1086 1575,1087 1576,1087 1576,1088 1578,1088 1578,1090 1579,1090 1579,1102 1591,1102 1591,1103 1593,1103 1593,1106 1594,1106 1594,1108 1593,1108 1593,1111 1592,1111 1592,1112 1591,1112 1591,1115 1590,1115 1590,1116 1588,1116 1588,1117 1587,1117 1587,1118 1492,1118 1492,1123 1491,1123 1491,1125 1490,1125 1490,1126 1489,1126 1489,1125 1488,1125 1488,1124 1487,1124 1487,1110 1405,1110 1405,1109 1404,1109 1404,1095 1399,1095 1399,1094 1398,1094 1398,1087 1399,1087 1399,1086 1400,1086 1400,1085 1402,1085 1402,1084 1408,1084 1408,1083 1475,1083 1475,1075 1476,1075 1476,1072 1477,1072 1477,1070 1478,1070 1478,1068 1479,1068 1479,1064 1480,1064 1480,1063 1481,1063 1481,1062 1482,1062 1482,1061"/>
	<TextEquiv>
	<Unicode>πείρας,</Unicode></TextEquiv></Word>
	<Word id="r158">
	<Coords points="1643,1061 1643,1062 1645,1062 1645,1091 1646,1091 1646,1095 1645,1095 1645,1101 1644,1101 1644,1103 1643,1103 1643,1106 1642,1106 1642,1107 1641,1107 1641,1108 1640,1108 1640,1109 1639,1109 1639,1110 1630,1110 1630,1109 1628,1109 1628,1108 1627,1108 1627,1107 1626,1107 1626,1106 1625,1106 1625,1105 1624,1105 1624,1093 1625,1093 1625,1091 1626,1091 1626,1090 1627,1090 1627,1089 1628,1089 1628,1087 1629,1087 1629,1086 1631,1086 1631,1085 1634,1085 1634,1084 1635,1084 1635,1064 1636,1064 1636,1063 1637,1063 1637,1062 1638,1062 1638,1061"/>
	<TextEquiv>
	<Unicode>ὁ</Unicode></TextEquiv></Word>
	<TextEquiv>
	<Unicode>22. Διαπιπτούσης δὲ καὶ τῆσδε τῆς πείρας, ὁ</Unicode></TextEquiv></TextLine>
	<TextLine id="r27">
	<Coords points="1351,1129 1351,1130 1352,1130 1352,1132 1382,1132 1382,1133 1386,1133 1386,1134 1388,1134 1388,1135 1389,1135 1389,1136 1390,1136 1390,1137 1391,1137 1391,1138 1392,1138 1392,1140 1393,1140 1393,1152 1606,1152 1606,1140 1607,1140 1607,1139 1608,1139 1608,1138 1609,1138 1609,1137 1610,1137 1610,1136 1612,1136 1612,1135 1616,1135 1616,1136 1619,1136 1619,1137 1621,1137 1621,1139 1622,1139 1622,1140 1623,1140 1623,1152 1641,1152 1641,1153 1642,1153 1642,1154 1645,1154 1645,1155 1647,1155 1647,1157 1648,1157 1648,1160 1647,1160 1647,1161 1644,1161 1644,1176 1643,1176 1643,1179 1642,1179 1642,1180 1641,1180 1641,1181 1639,1181 1639,1182 1638,1182 1638,1183 1634,1183 1634,1180 1611,1180 1611,1179 1442,1179 1442,1202 1441,1202 1441,1205 1440,1205 1440,1206 1439,1206 1439,1209 1437,1209 1437,1211 1436,1211 1436,1212 1434,1212 1434,1194 1430,1194 1430,1191 1415,1191 1415,1190 1353,1190 1353,1179 1143,1179 1143,1180 1142,1180 1142,1181 1141,1181 1141,1182 1140,1182 1140,1183 1135,1183 1135,1184 1134,1184 1134,1179 1000,1179 1000,1180 956,1180 956,1182 955,1182 955,1191 954,1191 954,1194 952,1194 952,1195 952,1194 951,1194 951,1193 936,1193 936,1180 678,1180 678,1181 677,1181 677,1186 676,1186 676,1190 675,1190 675,1194 674,1194 674,1195 672,1195 672,1196 672,1195 670,1195 670,1194 653,1194 653,1181 458,1181 458,1182 457,1182 457,1184 455,1184 455,1185 452,1185 452,1186 367,1186 367,1189 366,1189 366,1192 365,1192 365,1193 364,1193 364,1192 363,1192 363,1191 362,1191 362,1182 287,1182 287,1181 286,1181 286,1180 236,1180 236,1179 235,1179 235,1148 220,1148 220,1138 219,1138 219,1137 218,1137 218,1134 219,1134 219,1133 220,1133 220,1132 225,1132 225,1133 227,1133 227,1134 228,1134 228,1135 229,1135 229,1136 355,1136 355,1134 356,1134 356,1133 359,1133 359,1132 359,1133 361,1133 361,1135 394,1135 394,1136 396,1136 396,1137 397,1137 397,1138 399,1138 399,1139 400,1139 400,1140 401,1140 401,1141 402,1141 402,1146 403,1146 403,1154 540,1154 540,1133 541,1133 541,1132 542,1132 542,1131 543,1131 543,1132 545,1132 545,1133 546,1133 546,1135 547,1135 547,1136 548,1136 548,1138 549,1138 549,1141 550,1141 550,1143 551,1143 551,1145 552,1145 552,1147 553,1147 553,1154 737,1154 737,1144 738,1144 738,1142 739,1142 739,1140 740,1140 740,1139 741,1139 741,1138 742,1138 742,1137 750,1137 750,1138 752,1138 752,1139 753,1139 753,1140 754,1140 754,1143 755,1143 755,1153 862,1153 862,1134 864,1134 864,1133 868,1133 868,1134 869,1134 869,1135 870,1135 870,1136 940,1136 940,1137 942,1137 942,1139 943,1139 943,1140 944,1140 944,1141 945,1141 945,1153 1105,1153 1105,1143 1106,1143 1106,1140 1107,1140 1107,1139 1108,1139 1108,1138 1109,1138 1109,1137 1111,1137 1111,1136 1188,1136 1188,1135 1190,1135 1190,1134 1224,1134 1224,1133 1229,1133 1229,1134 1231,1134 1231,1138 1343,1138 1343,1137 1344,1137 1344,1136 1345,1136 1345,1133 1346,1133 1346,1131 1347,1131 1347,1130 1349,1130 1349,1129"/>
	<Word id="r159">
	<Coords points="220,1132 225,1132 225,1133 227,1133 227,1134 228,1134 228,1135 229,1135 229,1136 355,1136 355,1134 356,1134 356,1133 359,1133 359,1132 359,1133 361,1133 361,1135 394,1135 394,1136 396,1136 396,1137 397,1137 397,1138 399,1138 399,1139 400,1139 400,1140 401,1140 401,1141 402,1141 402,1146 403,1146 403,1154 433,1154 433,1155 456,1155 456,1156 459,1156 459,1157 460,1157 460,1158 462,1158 462,1159 463,1159 463,1160 464,1160 464,1163 463,1163 463,1164 462,1164 462,1165 459,1165 459,1181 458,1181 458,1182 457,1182 457,1184 455,1184 455,1185 452,1185 452,1186 367,1186 367,1189 366,1189 366,1192 365,1192 365,1193 364,1193 364,1192 363,1192 363,1191 362,1191 362,1182 287,1182 287,1181 286,1181 286,1180 236,1180 236,1179 235,1179 235,1178 237,1178 237,1177 240,1177 240,1176 241,1176 241,1175 242,1175 242,1173 243,1173 243,1171 244,1171 244,1169 245,1169 245,1165 246,1165 246,1162 247,1162 247,1161 248,1161 248,1158 249,1158 249,1156 250,1156 250,1152 251,1152 251,1150 252,1150 252,1148 220,1148 220,1138 219,1138 219,1137 218,1137 218,1134 219,1134 219,1133 220,1133"/>
	<TextEquiv>
	<Unicode>Ἀννίβας</Unicode></TextEquiv></Word>
	<Word id="r162">
	<Coords points="543,1131 543,1132 545,1132 545,1133 546,1133 546,1135 547,1135 547,1136 548,1136 548,1138 549,1138 549,1141 550,1141 550,1143 551,1143 551,1145 552,1145 552,1147 553,1147 553,1156 555,1156 555,1157 556,1157 556,1158 557,1158 557,1160 558,1160 558,1161 559,1161 559,1170 558,1170 558,1172 557,1172 557,1175 555,1175 555,1176 554,1176 554,1177 553,1177 553,1178 552,1178 552,1179 551,1179 551,1180 549,1180 549,1181 514,1181 514,1180 512,1180 512,1178 511,1178 511,1164 504,1164 504,1163 503,1163 503,1162 502,1162 502,1160 503,1160 503,1158 504,1158 504,1156 506,1156 506,1155 512,1155 512,1154 540,1154 540,1133 541,1133 541,1132 542,1132 542,1131"/>
	<TextEquiv>
	<Unicode>τὸ</Unicode></TextEquiv></Word>
	<Word id="r163">
	<Coords points="742,1137 750,1137 750,1138 752,1138 752,1139 753,1139 753,1140 754,1140 754,1143 755,1143 755,1153 811,1153 811,1154 812,1154 812,1161 811,1161 811,1164 810,1164 810,1165 809,1165 809,1167 808,1167 808,1168 807,1168 807,1170 806,1170 806,1171 805,1171 805,1172 804,1172 804,1173 803,1173 803,1174 802,1174 802,1175 799,1175 799,1176 798,1176 798,1177 796,1177 796,1178 795,1178 795,1179 791,1179 791,1180 678,1180 678,1181 677,1181 677,1186 676,1186 676,1190 675,1190 675,1194 674,1194 674,1195 672,1195 672,1196 672,1195 670,1195 670,1194 653,1194 653,1181 608,1181 608,1180 604,1180 604,1179 603,1179 603,1178 602,1178 602,1177 601,1177 601,1176 600,1176 600,1175 599,1175 599,1166 600,1166 600,1165 601,1165 601,1163 602,1163 602,1162 603,1162 603,1161 604,1161 604,1160 605,1160 605,1159 606,1159 606,1158 608,1158 608,1157 610,1157 610,1156 616,1156 616,1155 642,1155 642,1154 737,1154 737,1144 738,1144 738,1142 739,1142 739,1140 740,1140 740,1139 741,1139 741,1138 742,1138"/>
	<TextEquiv>
	<Unicode>σημεῖον</Unicode></TextEquiv></Word>
	<Word id="r165">
	<Coords points="868,1133 868,1134 869,1134 869,1135 870,1135 870,1136 940,1136 940,1137 942,1137 942,1139 943,1139 943,1140 944,1140 944,1141 945,1141 945,1153 1003,1153 1003,1154 1004,1154 1004,1155 1005,1155 1005,1158 1004,1158 1004,1159 1002,1159 1002,1178 1001,1178 1001,1179 1000,1179 1000,1180 956,1180 956,1182 955,1182 955,1191 954,1191 954,1194 952,1194 952,1195 952,1194 951,1194 951,1193 936,1193 936,1180 858,1180 858,1179 856,1179 856,1178 855,1178 855,1177 852,1177 852,1176 851,1176 851,1173 850,1173 850,1165 851,1165 851,1162 852,1162 852,1161 853,1161 853,1159 854,1159 854,1158 856,1158 856,1157 857,1157 857,1156 858,1156 858,1155 861,1155 861,1154 862,1154 862,1134 864,1134 864,1133"/>
	<TextEquiv>
	<Unicode>ἐπῆρε</Unicode></TextEquiv></Word>
	<Word id="r166">
	<Coords points="1117,1136 1117,1137 1120,1137 1120,1138 1121,1138 1121,1139 1122,1139 1122,1141 1123,1141 1123,1153 1143,1153 1143,1154 1145,1154 1145,1155 1146,1155 1146,1156 1147,1156 1147,1157 1148,1157 1148,1159 1149,1159 1149,1160 1148,1160 1148,1161 1147,1161 1147,1162 1144,1162 1144,1177 1143,1177 1143,1180 1142,1180 1142,1181 1141,1181 1141,1182 1140,1182 1140,1183 1135,1183 1135,1184 1134,1184 1134,1179 1053,1179 1053,1178 1052,1178 1052,1176 1051,1176 1051,1162 1044,1162 1044,1161 1043,1161 1043,1157 1044,1157 1044,1155 1045,1155 1045,1154 1047,1154 1047,1153 1105,1153 1105,1143 1106,1143 1106,1140 1107,1140 1107,1139 1108,1139 1108,1138 1109,1138 1109,1137 1111,1137 1111,1136"/>
	<TextEquiv>
	<Unicode>τοῖς</Unicode></TextEquiv></Word>
	<Word id="r167">
	<Coords points="1349,1129 1351,1129 1351,1130 1352,1130 1352,1132 1382,1132 1382,1133 1386,1133 1386,1134 1388,1134 1388,1135 1389,1135 1389,1136 1390,1136 1390,1137 1391,1137 1391,1138 1392,1138 1392,1140 1393,1140 1393,1152 1513,1152 1513,1168 1517,1168 1517,1170 1516,1170 1516,1172 1515,1172 1515,1174 1514,1174 1514,1175 1513,1175 1513,1176 1512,1176 1512,1177 1509,1177 1509,1178 1477,1178 1477,1179 1442,1179 1442,1202 1441,1202 1441,1205 1440,1205 1440,1206 1439,1206 1439,1209 1437,1209 1437,1211 1436,1211 1436,1212 1434,1212 1434,1194 1430,1194 1430,1191 1415,1191 1415,1190 1353,1190 1353,1179 1188,1179 1188,1135 1190,1135 1190,1134 1224,1134 1224,1133 1229,1133 1229,1134 1231,1134 1231,1138 1343,1138 1343,1137 1344,1137 1344,1136 1345,1136 1345,1133 1346,1133 1346,1131 1347,1131 1347,1130 1349,1130"/>
	<TextEquiv>
	<Unicode>Κελτίβηρσι</Unicode></TextEquiv></Word>
	<Word id="r170">
	<Coords points="1616,1135 1616,1136 1619,1136 1619,1137 1621,1137 1621,1139 1622,1139 1622,1140 1623,1140 1623,1152 1641,1152 1641,1153 1642,1153 1642,1154 1645,1154 1645,1155 1647,1155 1647,1157 1648,1157 1648,1160 1647,1160 1647,1161 1644,1161 1644,1176 1643,1176 1643,1179 1642,1179 1642,1180 1641,1180 1641,1181 1639,1181 1639,1182 1638,1182 1638,1183 1634,1183 1634,1180 1611,1180 1611,1179 1553,1179 1553,1178 1552,1178 1552,1176 1551,1176 1551,1161 1544,1161 1544,1159 1543,1159 1543,1157 1544,1157 1544,1155 1545,1155 1545,1154 1546,1154 1546,1153 1606,1153 1606,1140 1607,1140 1607,1139 1608,1139 1608,1138 1609,1138 1609,1137 1610,1137 1610,1136 1612,1136 1612,1135"/>
	<TextEquiv>
	<Unicode>τοῖς</Unicode></TextEquiv></Word>
	<TextEquiv>
	<Unicode>Ἀννίβας τὸ σημεῖον ἐπῆρε τοῖς Κελτίβηρσι τοῖς</Unicode></TextEquiv></TextLine>
	<TextLine id="r28">
	<Coords points="736,1199 740,1199 740,1200 741,1200 741,1201 817,1201 817,1202 818,1202 818,1203 819,1203 819,1205 918,1205 918,1206 920,1206 920,1207 921,1207 921,1208 922,1208 922,1210 923,1210 923,1222 1044,1222 1044,1213 1045,1213 1045,1211 1046,1211 1046,1208 1047,1208 1047,1206 1048,1206 1048,1205 1049,1205 1049,1203 1050,1203 1050,1202 1051,1202 1051,1201 1052,1201 1052,1200 1054,1200 1054,1201 1078,1201 1078,1202 1079,1202 1079,1207 1091,1207 1091,1208 1092,1208 1092,1221 1236,1221 1236,1202 1237,1202 1237,1201 1293,1201 1293,1200 1302,1200 1302,1201 1303,1201 1303,1202 1304,1202 1304,1203 1305,1203 1305,1204 1307,1204 1307,1206 1308,1206 1308,1210 1309,1210 1309,1221 1473,1221 1473,1220 1613,1220 1613,1202 1614,1202 1614,1201 1615,1201 1615,1200 1619,1200 1619,1201 1621,1201 1621,1202 1622,1202 1622,1204 1623,1204 1623,1220 1639,1220 1639,1221 1642,1221 1642,1222 1644,1222 1644,1223 1646,1223 1646,1224 1647,1224 1647,1226 1648,1226 1648,1227 1649,1227 1649,1228 1648,1228 1648,1229 1647,1229 1647,1230 1644,1230 1644,1246 1643,1246 1643,1249 1642,1249 1642,1250 1639,1250 1639,1251 1636,1251 1636,1252 1546,1252 1546,1251 1545,1251 1545,1248 1523,1248 1523,1247 1389,1247 1389,1248 1388,1248 1388,1252 1387,1252 1387,1257 1386,1257 1386,1260 1385,1260 1385,1262 1384,1262 1384,1263 1382,1263 1382,1262 1381,1262 1381,1261 1314,1261 1314,1247 1179,1247 1179,1249 1178,1249 1178,1250 1177,1250 1177,1251 1175,1251 1175,1252 1083,1252 1083,1257 1082,1257 1082,1258 1081,1258 1081,1260 1080,1260 1080,1261 1078,1261 1078,1262 1075,1262 1075,1263 1070,1263 1070,1262 1068,1262 1068,1261 1067,1261 1067,1250 1066,1250 1066,1249 947,1249 947,1250 946,1250 946,1251 945,1251 945,1252 944,1252 944,1253 920,1253 920,1255 919,1255 919,1258 918,1258 918,1260 917,1260 917,1261 915,1261 915,1260 914,1260 914,1249 818,1249 818,1248 704,1248 704,1249 704,1248 598,1248 598,1249 579,1249 579,1250 578,1250 578,1251 577,1251 577,1252 575,1252 575,1253 572,1253 572,1254 571,1254 571,1253 570,1253 570,1250 460,1250 460,1249 333,1249 333,1250 227,1250 227,1249 226,1249 226,1234 220,1234 220,1233 219,1233 219,1229 220,1229 220,1227 221,1227 221,1225 222,1225 222,1224 224,1224 224,1223 470,1223 470,1222 475,1222 475,1221 481,1221 481,1220 498,1220 498,1216 499,1216 499,1212 500,1212 500,1210 501,1210 501,1208 502,1208 502,1206 503,1206 503,1204 504,1204 504,1202 505,1202 505,1201 506,1201 506,1200 510,1200 510,1201 511,1201 511,1222 531,1222 531,1223 579,1223 579,1224 581,1224 581,1225 582,1225 582,1226 583,1226 583,1227 584,1227 584,1228 585,1228 585,1241 692,1241 692,1234 693,1234 693,1231 694,1231 694,1229 695,1229 695,1228 696,1228 696,1226 698,1226 698,1225 699,1225 699,1224 700,1224 700,1223 704,1223 704,1222 731,1222 731,1204 732,1204 732,1202 733,1202 733,1201 734,1201 734,1200 736,1200"/>
	<Word id="r171">
	<Coords points="510,1200 510,1201 511,1201 511,1222 531,1222 531,1223 579,1223 579,1224 581,1224 581,1225 582,1225 582,1226 583,1226 583,1227 584,1227 584,1228 585,1228 585,1241 598,1241 598,1242 599,1242 599,1244 600,1244 600,1247 599,1247 599,1248 598,1248 598,1249 579,1249 579,1250 578,1250 578,1251 577,1251 577,1252 575,1252 575,1253 572,1253 572,1254 571,1254 571,1253 570,1253 570,1250 460,1250 460,1249 333,1249 333,1250 227,1250 227,1249 226,1249 226,1234 220,1234 220,1233 219,1233 219,1229 220,1229 220,1227 221,1227 221,1225 222,1225 222,1224 224,1224 224,1223 470,1223 470,1222 475,1222 475,1221 481,1221 481,1220 498,1220 498,1216 499,1216 499,1212 500,1212 500,1210 501,1210 501,1208 502,1208 502,1206 503,1206 503,1204 504,1204 504,1202 505,1202 505,1201 506,1201 506,1200"/>
	<TextEquiv>
	<Unicode>πεντακοσίοις.</Unicode></TextEquiv></Word>
	<Word id="r172">
	<Coords points="740,1199 740,1200 741,1200 741,1201 742,1201 742,1203 741,1203 741,1204 739,1204 739,1238 738,1238 738,1241 737,1241 737,1243 735,1243 735,1245 734,1245 734,1246 733,1246 733,1247 731,1247 731,1248 704,1248 704,1249 704,1248 697,1248 697,1247 696,1247 696,1246 695,1246 695,1245 694,1245 694,1243 693,1243 693,1241 692,1241 692,1234 693,1234 693,1231 694,1231 694,1229 695,1229 695,1228 696,1228 696,1226 698,1226 698,1225 699,1225 699,1224 700,1224 700,1223 704,1223 704,1222 731,1222 731,1204 732,1204 732,1202 733,1202 733,1201 734,1201 734,1200 736,1200 736,1199"/>
	<TextEquiv>
	<Unicode>οἱ</Unicode></TextEquiv></Word>
	<Word id="r173">
	<Coords points="817,1201 817,1202 818,1202 818,1203 819,1203 819,1205 820,1205 820,1206 821,1206 821,1210 822,1210 822,1212 823,1212 823,1222 825,1222 825,1223 826,1223 826,1227 825,1227 825,1246 824,1246 824,1247 823,1247 823,1248 820,1248 820,1249 818,1249 818,1248 784,1248 784,1247 781,1247 781,1245 780,1245 780,1244 779,1244 779,1242 778,1242 778,1240 777,1240 777,1232 778,1232 778,1230 779,1230 779,1229 780,1229 780,1228 781,1228 781,1207 782,1207 782,1203 783,1203 783,1202 785,1202 785,1201"/>
	<TextEquiv>
	<Unicode>δὲ</Unicode></TextEquiv></Word>
	<Word id="r174">
	<Coords points="918,1205 918,1206 920,1206 920,1207 921,1207 921,1208 922,1208 922,1210 923,1210 923,1222 948,1222 948,1223 950,1223 950,1224 951,1224 951,1225 953,1225 953,1226 954,1226 954,1228 955,1228 955,1230 953,1230 953,1231 950,1231 950,1247 949,1247 949,1248 948,1248 948,1249 947,1249 947,1250 946,1250 946,1251 945,1251 945,1252 944,1252 944,1253 920,1253 920,1255 919,1255 919,1258 918,1258 918,1260 917,1260 917,1261 915,1261 915,1260 914,1260 914,1249 876,1249 876,1248 875,1248 875,1232 866,1232 866,1227 867,1227 867,1225 868,1225 868,1224 869,1224 869,1223 904,1223 904,1222 906,1222 906,1211 907,1211 907,1209 908,1209 908,1208 909,1208 909,1206 912,1206 912,1205"/>
	<TextEquiv>
	<Unicode>τῆς</Unicode></TextEquiv></Word>
	<Word id="r175">
	<Coords points="1054,1200 1054,1201 1078,1201 1078,1202 1079,1202 1079,1207 1091,1207 1091,1208 1092,1208 1092,1221 1177,1221 1177,1222 1180,1222 1180,1223 1182,1223 1182,1224 1183,1224 1183,1225 1185,1225 1185,1230 1183,1230 1183,1231 1180,1231 1180,1247 1179,1247 1179,1249 1178,1249 1178,1250 1177,1250 1177,1251 1175,1251 1175,1252 1083,1252 1083,1257 1082,1257 1082,1258 1081,1258 1081,1260 1080,1260 1080,1261 1078,1261 1078,1262 1075,1262 1075,1263 1070,1263 1070,1262 1068,1262 1068,1261 1067,1261 1067,1250 1066,1250 1066,1249 1003,1249 1003,1248 1002,1248 1002,1232 994,1232 994,1231 993,1231 993,1226 994,1226 994,1224 996,1224 996,1223 998,1223 998,1222 1044,1222 1044,1213 1045,1213 1045,1211 1046,1211 1046,1208 1047,1208 1047,1206 1048,1206 1048,1205 1049,1205 1049,1203 1050,1203 1050,1202 1051,1202 1051,1201 1052,1201 1052,1200"/>
	<TextEquiv>
	<Unicode>τάξεως</Unicode></TextEquiv></Word>
	<Word id="r176">
	<Coords points="1302,1200 1302,1201 1303,1201 1303,1202 1304,1202 1304,1203 1305,1203 1305,1204 1307,1204 1307,1206 1308,1206 1308,1210 1309,1210 1309,1221 1473,1221 1473,1220 1553,1220 1553,1221 1556,1221 1556,1222 1557,1222 1557,1223 1559,1223 1559,1225 1560,1225 1560,1227 1561,1227 1561,1228 1560,1228 1560,1229 1559,1229 1559,1230 1555,1230 1555,1248 1554,1248 1554,1249 1553,1249 1553,1250 1552,1250 1552,1251 1550,1251 1550,1252 1546,1252 1546,1251 1545,1251 1545,1248 1523,1248 1523,1247 1389,1247 1389,1248 1388,1248 1388,1252 1387,1252 1387,1257 1386,1257 1386,1260 1385,1260 1385,1262 1384,1262 1384,1263 1382,1263 1382,1262 1381,1262 1381,1261 1314,1261 1314,1247 1230,1247 1230,1246 1229,1246 1229,1245 1227,1245 1227,1244 1226,1244 1226,1243 1225,1243 1225,1242 1224,1242 1224,1239 1223,1239 1223,1232 1224,1232 1224,1231 1225,1231 1225,1228 1226,1228 1226,1227 1227,1227 1227,1226 1228,1226 1228,1225 1229,1225 1229,1224 1230,1224 1230,1223 1232,1223 1232,1222 1234,1222 1234,1221 1236,1221 1236,1202 1237,1202 1237,1201 1293,1201 1293,1200"/>
	<TextEquiv>
	<Unicode>ἐκδραμόντες</Unicode></TextEquiv></Word>
	<Word id="r177">
	<Coords points="1619,1200 1619,1201 1621,1201 1621,1202 1622,1202 1622,1204 1623,1204 1623,1220 1639,1220 1639,1221 1642,1221 1642,1222 1644,1222 1644,1223 1646,1223 1646,1224 1647,1224 1647,1226 1648,1226 1648,1227 1649,1227 1649,1228 1648,1228 1648,1229 1647,1229 1647,1230 1644,1230 1644,1246 1643,1246 1643,1249 1642,1249 1642,1250 1639,1250 1639,1251 1636,1251 1636,1252 1634,1252 1634,1247 1609,1247 1609,1246 1607,1246 1607,1245 1606,1245 1606,1244 1604,1244 1604,1242 1603,1242 1603,1241 1602,1241 1602,1240 1601,1240 1601,1231 1602,1231 1602,1229 1603,1229 1603,1227 1604,1227 1604,1226 1605,1226 1605,1225 1606,1225 1606,1224 1608,1224 1608,1222 1610,1222 1610,1221 1613,1221 1613,1202 1614,1202 1614,1201 1615,1201 1615,1200"/>
	<TextEquiv>
	<Unicode>ἐς</Unicode></TextEquiv></Word>
	<TextEquiv>
	<Unicode>πεντακοσίοις. οἱ δὲ τῆς τάξεως ἐκδραμόντες ἐς</Unicode></TextEquiv></TextLine>
	<TextLine id="r30">
	<Coords points="1316,1266 1316,1267 1318,1267 1318,1269 1319,1269 1319,1272 1320,1272 1320,1274 1321,1274 1321,1276 1322,1276 1322,1278 1323,1278 1323,1281 1324,1281 1324,1282 1325,1282 1325,1289 1437,1289 1437,1268 1439,1268 1439,1267 1442,1267 1442,1268 1443,1268 1443,1269 1445,1269 1445,1270 1446,1270 1446,1272 1447,1272 1447,1276 1549,1276 1549,1274 1550,1274 1550,1272 1551,1272 1551,1269 1552,1269 1552,1268 1553,1268 1553,1267 1554,1267 1554,1266 1558,1266 1558,1267 1573,1267 1573,1268 1575,1268 1575,1269 1577,1269 1577,1270 1578,1270 1578,1271 1579,1271 1579,1272 1580,1272 1580,1273 1581,1273 1581,1274 1583,1274 1583,1275 1584,1275 1584,1277 1585,1277 1585,1279 1586,1279 1586,1289 1639,1289 1639,1290 1641,1290 1641,1291 1643,1291 1643,1292 1645,1292 1645,1293 1646,1293 1646,1294 1647,1294 1647,1295 1646,1295 1646,1298 1643,1298 1643,1312 1642,1312 1642,1316 1641,1316 1641,1318 1640,1318 1640,1319 1637,1319 1637,1320 1634,1320 1634,1317 1544,1317 1544,1316 1464,1316 1464,1315 1355,1315 1355,1316 1354,1316 1354,1317 1353,1317 1353,1318 1352,1318 1352,1319 1351,1319 1351,1320 1349,1320 1349,1321 1346,1321 1346,1320 1345,1320 1345,1316 1281,1316 1281,1315 1142,1315 1142,1316 1060,1316 1060,1318 1059,1318 1059,1320 1058,1320 1058,1321 1057,1321 1057,1323 1055,1323 1055,1324 1050,1324 1050,1317 730,1317 730,1320 729,1320 729,1325 728,1325 728,1327 727,1327 727,1330 724,1330 724,1322 656,1322 656,1317 497,1317 497,1319 496,1319 496,1323 495,1323 495,1328 494,1328 494,1330 493,1330 493,1332 491,1332 491,1333 491,1332 489,1332 489,1318 332,1318 332,1319 331,1319 331,1320 330,1320 330,1321 329,1321 329,1322 326,1322 326,1323 324,1323 324,1322 323,1322 323,1318 232,1318 232,1317 230,1317 230,1300 220,1300 220,1298 221,1298 221,1294 222,1294 222,1292 224,1292 224,1291 228,1291 228,1290 295,1290 295,1270 296,1270 296,1269 392,1269 392,1268 397,1268 397,1270 398,1270 398,1272 433,1272 433,1273 436,1273 436,1274 438,1274 438,1275 439,1275 439,1276 440,1276 440,1277 441,1277 441,1278 442,1278 442,1283 443,1283 443,1291 577,1291 577,1283 578,1283 578,1280 579,1280 579,1278 580,1278 580,1275 581,1275 581,1272 583,1272 583,1271 584,1271 584,1270 584,1271 585,1271 585,1290 836,1290 836,1289 886,1289 886,1282 887,1282 887,1280 888,1280 888,1277 889,1277 889,1274 890,1274 890,1272 891,1272 891,1270 892,1270 892,1268 897,1268 897,1269 924,1269 924,1270 927,1270 927,1272 928,1272 928,1273 929,1273 929,1280 930,1280 930,1290 1039,1290 1039,1291 1146,1291 1146,1290 1194,1290 1194,1269 1195,1269 1195,1268 1198,1268 1198,1269 1199,1269 1199,1271 1200,1271 1200,1273 1201,1273 1201,1276 1202,1276 1202,1278 1203,1278 1203,1281 1204,1281 1204,1289 1313,1289 1313,1268 1314,1268 1314,1267 1315,1267 1315,1266"/>
	<Word id="r178">
	<Coords points="299,1269 299,1270 300,1270 300,1272 301,1272 301,1275 302,1275 302,1277 303,1277 303,1281 304,1281 304,1283 305,1283 305,1291 330,1291 330,1292 332,1292 332,1293 335,1293 335,1294 336,1294 336,1295 337,1295 337,1296 338,1296 338,1298 339,1298 339,1299 338,1299 338,1301 334,1301 334,1316 333,1316 333,1318 332,1318 332,1319 331,1319 331,1320 330,1320 330,1321 329,1321 329,1322 326,1322 326,1323 324,1323 324,1322 323,1322 323,1318 232,1318 232,1317 230,1317 230,1300 220,1300 220,1298 221,1298 221,1294 222,1294 222,1292 224,1292 224,1291 228,1291 228,1290 295,1290 295,1270 296,1270 296,1269"/>
	<TextEquiv>
	<Unicode>τοὺς</Unicode></TextEquiv></Word>
	<Word id="r179">
	<Coords points="397,1268 397,1270 398,1270 398,1272 433,1272 433,1273 436,1273 436,1274 438,1274 438,1275 439,1275 439,1276 440,1276 440,1277 441,1277 441,1278 442,1278 442,1283 443,1283 443,1291 577,1291 577,1283 578,1283 578,1280 579,1280 579,1278 580,1278 580,1275 581,1275 581,1272 583,1272 583,1271 584,1271 584,1270 584,1271 585,1271 585,1290 642,1290 642,1291 665,1291 665,1292 667,1292 667,1293 669,1293 669,1294 670,1294 670,1295 671,1295 671,1299 670,1299 670,1300 669,1300 669,1301 666,1301 666,1316 665,1316 665,1319 663,1319 663,1321 660,1321 660,1322 656,1322 656,1317 497,1317 497,1319 496,1319 496,1323 495,1323 495,1328 494,1328 494,1330 493,1330 493,1332 491,1332 491,1333 491,1332 489,1332 489,1318 423,1318 423,1317 407,1317 407,1316 406,1316 406,1284 393,1284 393,1283 390,1283 390,1282 389,1282 389,1281 388,1281 388,1280 387,1280 387,1277 386,1277 386,1275 387,1275 387,1272 388,1272 388,1271 389,1271 389,1270 390,1270 390,1269 392,1269 392,1268"/>
	<TextEquiv>
	<Unicode>Ῥωμαίους</Unicode></TextEquiv></Word>
	<Word id="r180">
	<Coords points="897,1268 897,1269 924,1269 924,1270 927,1270 927,1272 928,1272 928,1273 929,1273 929,1280 930,1280 930,1290 1039,1290 1039,1291 1041,1291 1041,1292 1042,1292 1042,1293 1043,1293 1043,1294 1044,1294 1044,1298 1045,1298 1045,1307 1056,1307 1056,1308 1059,1308 1059,1310 1060,1310 1060,1311 1061,1311 1061,1314 1060,1314 1060,1318 1059,1318 1059,1320 1058,1320 1058,1321 1057,1321 1057,1323 1055,1323 1055,1324 1050,1324 1050,1317 730,1317 730,1320 729,1320 729,1325 728,1325 728,1327 727,1327 727,1330 724,1330 724,1323 725,1323 725,1320 726,1320 726,1315 727,1315 727,1312 728,1312 728,1309 729,1309 729,1305 730,1305 730,1302 731,1302 731,1299 732,1299 732,1295 733,1295 733,1292 734,1292 734,1291 735,1291 735,1290 836,1290 836,1289 886,1289 886,1282 887,1282 887,1280 888,1280 888,1277 889,1277 889,1274 890,1274 890,1272 891,1272 891,1270 892,1270 892,1268"/>
	<TextEquiv>
	<Unicode>μετετίθεντο,</Unicode></TextEquiv></Word>
	<Word id="r181">
	<Coords points="1198,1268 1198,1269 1199,1269 1199,1271 1200,1271 1200,1273 1201,1273 1201,1276 1202,1276 1202,1278 1203,1278 1203,1281 1204,1281 1204,1304 1208,1304 1208,1305 1209,1305 1209,1307 1208,1307 1208,1308 1207,1308 1207,1310 1206,1310 1206,1311 1205,1311 1205,1312 1203,1312 1203,1315 1142,1315 1142,1316 1124,1316 1124,1315 1123,1315 1123,1314 1124,1314 1124,1312 1125,1312 1125,1308 1126,1308 1126,1306 1127,1306 1127,1302 1128,1302 1128,1300 1129,1300 1129,1296 1130,1296 1130,1294 1131,1294 1131,1292 1132,1292 1132,1291 1146,1291 1146,1290 1194,1290 1194,1269 1195,1269 1195,1268"/>
	<TextEquiv>
	<Unicode>καὶ</Unicode></TextEquiv></Word>
	<Word id="r182">
	<Coords points="1316,1266 1316,1267 1318,1267 1318,1269 1319,1269 1319,1272 1320,1272 1320,1274 1321,1274 1321,1276 1322,1276 1322,1278 1323,1278 1323,1281 1324,1281 1324,1282 1325,1282 1325,1289 1353,1289 1353,1290 1356,1290 1356,1291 1357,1291 1357,1292 1358,1292 1358,1293 1359,1293 1359,1295 1360,1295 1360,1298 1359,1298 1359,1299 1355,1299 1355,1316 1354,1316 1354,1317 1353,1317 1353,1318 1352,1318 1352,1319 1351,1319 1351,1320 1349,1320 1349,1321 1346,1321 1346,1320 1345,1320 1345,1316 1281,1316 1281,1315 1280,1315 1280,1314 1279,1314 1279,1313 1278,1313 1278,1298 1270,1298 1270,1293 1271,1293 1271,1292 1272,1292 1272,1290 1276,1290 1276,1289 1313,1289 1313,1268 1314,1268 1314,1267 1315,1267 1315,1266"/>
	<TextEquiv>
	<Unicode>τὰς</Unicode></TextEquiv></Word>
	<Word id="r183">
	<Coords points="1558,1266 1558,1267 1573,1267 1573,1268 1575,1268 1575,1269 1577,1269 1577,1270 1578,1270 1578,1271 1579,1271 1579,1272 1580,1272 1580,1273 1581,1273 1581,1274 1583,1274 1583,1275 1584,1275 1584,1277 1585,1277 1585,1279 1586,1279 1586,1289 1639,1289 1639,1290 1641,1290 1641,1291 1643,1291 1643,1292 1645,1292 1645,1293 1646,1293 1646,1294 1647,1294 1647,1295 1646,1295 1646,1298 1643,1298 1643,1312 1642,1312 1642,1316 1641,1316 1641,1318 1640,1318 1640,1319 1637,1319 1637,1320 1634,1320 1634,1317 1544,1317 1544,1316 1464,1316 1464,1315 1426,1315 1426,1314 1425,1314 1425,1313 1424,1313 1424,1312 1423,1312 1423,1311 1422,1311 1422,1309 1421,1309 1421,1307 1422,1307 1422,1302 1423,1302 1423,1300 1424,1300 1424,1299 1425,1299 1425,1297 1426,1297 1426,1296 1427,1296 1427,1294 1428,1294 1428,1293 1429,1293 1429,1292 1431,1292 1431,1291 1432,1291 1432,1290 1437,1290 1437,1268 1439,1268 1439,1267 1442,1267 1442,1268 1443,1268 1443,1269 1445,1269 1445,1270 1446,1270 1446,1272 1447,1272 1447,1276 1549,1276 1549,1274 1550,1274 1550,1272 1551,1272 1551,1269 1552,1269 1552,1268 1553,1268 1553,1267 1554,1267 1554,1266"/>
	<TextEquiv>
	<Unicode>ἀσπίδας</Unicode></TextEquiv></Word>
	<TextEquiv>
	<Unicode>τοὺς Ῥωμαίους μετετίθεντο, καὶ τὰς ἀσπίδας</Unicode></TextEquiv></TextLine>
	<TextLine id="r31">
	<Coords points="1391,1334 1391,1336 1392,1336 1392,1337 1393,1337 1393,1340 1477,1340 1477,1341 1479,1341 1479,1357 1627,1357 1627,1337 1628,1337 1628,1336 1629,1336 1629,1335 1631,1335 1631,1336 1632,1336 1632,1338 1633,1338 1633,1340 1634,1340 1634,1342 1635,1342 1635,1345 1636,1345 1636,1348 1637,1348 1637,1350 1638,1350 1638,1358 1643,1358 1643,1374 1647,1374 1647,1377 1646,1377 1646,1379 1645,1379 1645,1380 1644,1380 1644,1382 1643,1382 1643,1383 1641,1383 1641,1384 1602,1384 1602,1385 1590,1385 1590,1387 1589,1387 1589,1393 1588,1393 1588,1399 1587,1399 1587,1401 1584,1401 1584,1400 1583,1400 1583,1385 1469,1385 1469,1386 1468,1386 1468,1393 1467,1393 1467,1399 1466,1399 1466,1401 1462,1401 1462,1384 1356,1384 1356,1385 1294,1385 1294,1386 1293,1386 1293,1388 1292,1388 1292,1394 1291,1394 1291,1396 1289,1396 1289,1397 1242,1397 1242,1399 1241,1399 1241,1400 1184,1400 1184,1399 1182,1399 1182,1398 1181,1398 1181,1387 1179,1387 1179,1386 1178,1386 1178,1385 759,1385 759,1391 758,1391 758,1393 757,1393 757,1400 756,1400 756,1401 754,1401 754,1398 753,1398 753,1385 595,1385 595,1386 504,1386 504,1387 389,1387 389,1388 388,1388 388,1389 387,1389 387,1390 386,1390 386,1391 381,1391 381,1390 380,1390 380,1387 299,1387 299,1386 227,1386 227,1385 224,1385 224,1384 222,1384 222,1383 221,1383 221,1381 220,1381 220,1374 221,1374 221,1372 222,1372 222,1368 223,1368 223,1367 224,1367 224,1366 225,1366 225,1364 226,1364 226,1363 227,1363 227,1362 229,1362 229,1361 231,1361 231,1360 235,1360 235,1359 269,1359 269,1340 270,1340 270,1338 272,1338 272,1337 275,1337 275,1338 277,1338 277,1339 278,1339 278,1340 279,1340 279,1342 364,1342 364,1343 367,1343 367,1344 368,1344 368,1346 369,1346 369,1360 518,1360 518,1339 521,1339 521,1340 522,1340 522,1341 523,1341 523,1343 625,1343 625,1339 626,1339 626,1337 629,1337 629,1336 629,1337 746,1337 746,1338 747,1338 747,1358 773,1358 773,1359 962,1359 962,1358 1006,1358 1006,1338 1007,1338 1007,1336 1010,1336 1010,1337 1011,1337 1011,1338 1012,1338 1012,1340 1114,1340 1114,1338 1115,1338 1115,1336 1117,1336 1117,1337 1220,1337 1220,1336 1225,1336 1225,1341 1253,1341 1253,1342 1255,1342 1255,1357 1386,1357 1386,1336 1387,1336 1387,1335 1388,1335 1388,1334"/>
	<Word id="r184">
	<Coords points="272,1337 275,1337 275,1338 277,1338 277,1339 278,1339 278,1340 279,1340 279,1342 364,1342 364,1343 367,1343 367,1344 368,1344 368,1346 369,1346 369,1360 388,1360 388,1361 391,1361 391,1362 392,1362 392,1363 393,1363 393,1364 394,1364 394,1366 395,1366 395,1368 394,1368 394,1369 391,1369 391,1384 390,1384 390,1386 389,1386 389,1388 388,1388 388,1389 387,1389 387,1390 386,1390 386,1391 381,1391 381,1390 380,1390 380,1387 299,1387 299,1386 227,1386 227,1385 224,1385 224,1384 222,1384 222,1383 221,1383 221,1381 220,1381 220,1374 221,1374 221,1372 222,1372 222,1368 223,1368 223,1367 224,1367 224,1366 225,1366 225,1364 226,1364 226,1363 227,1363 227,1362 229,1362 229,1361 231,1361 231,1360 235,1360 235,1359 269,1359 269,1340 270,1340 270,1338 272,1338"/>
	<TextEquiv>
	<Unicode>αὐτοῖς</Unicode></TextEquiv></Word>
	<Word id="r186">
	<Coords points="521,1339 521,1340 522,1340 522,1341 523,1341 523,1343 524,1343 524,1344 525,1344 525,1347 526,1347 526,1349 527,1349 527,1352 528,1352 528,1354 529,1354 529,1374 531,1374 531,1375 533,1375 533,1376 532,1376 532,1379 531,1379 531,1380 530,1380 530,1381 529,1381 529,1383 527,1383 527,1385 525,1385 525,1386 504,1386 504,1387 447,1387 447,1386 446,1386 446,1385 445,1385 445,1384 446,1384 446,1380 447,1380 447,1378 448,1378 448,1375 449,1375 449,1372 450,1372 450,1369 451,1369 451,1365 452,1365 452,1364 453,1364 453,1361 454,1361 454,1360 518,1360 518,1339"/>
	<TextEquiv>
	<Unicode>καὶ</Unicode></TextEquiv></Word>
	<Word id="r187">
	<Coords points="629,1337 630,1337 630,1339 631,1339 631,1341 632,1341 632,1344 633,1344 633,1346 634,1346 634,1347 635,1347 635,1351 636,1351 636,1353 637,1353 637,1355 638,1355 638,1360 642,1360 642,1375 646,1375 646,1377 645,1377 645,1380 644,1380 644,1382 643,1382 643,1383 641,1383 641,1384 640,1384 640,1385 595,1385 595,1386 592,1386 592,1385 591,1385 591,1368 582,1368 582,1365 583,1365 583,1364 584,1364 584,1361 585,1361 585,1360 588,1360 588,1359 625,1359 625,1339 626,1339 626,1337 629,1337 629,1336"/>
	<TextEquiv>
	<Unicode>τὰ</Unicode></TextEquiv></Word>
	<Word id="r188">
	<Coords points="746,1337 746,1338 747,1338 747,1358 773,1358 773,1359 882,1359 882,1360 883,1360 883,1374 886,1374 886,1375 887,1375 887,1377 886,1377 886,1378 885,1378 885,1380 884,1380 884,1381 883,1381 883,1382 882,1382 882,1383 881,1383 881,1384 879,1384 879,1385 759,1385 759,1391 758,1391 758,1393 757,1393 757,1400 756,1400 756,1401 754,1401 754,1398 753,1398 753,1385 704,1385 704,1384 701,1384 701,1383 700,1383 700,1382 699,1382 699,1381 698,1381 698,1379 697,1379 697,1376 696,1376 696,1371 697,1371 697,1368 698,1368 698,1367 699,1367 699,1365 700,1365 700,1364 701,1364 701,1341 702,1341 702,1339 703,1339 703,1338 704,1338 704,1337"/>
	<TextEquiv>
	<Unicode>δόρατα</Unicode></TextEquiv></Word>
	<Word id="r189">
	<Coords points="1010,1336 1010,1337 1011,1337 1011,1338 1012,1338 1012,1340 1013,1340 1013,1342 1014,1342 1014,1344 1015,1344 1015,1348 1016,1348 1016,1350 1017,1350 1017,1354 1018,1354 1018,1373 1021,1373 1021,1374 1022,1374 1022,1376 1021,1376 1021,1378 1020,1378 1020,1379 1019,1379 1019,1381 1018,1381 1018,1382 1017,1382 1017,1383 1016,1383 1016,1384 1015,1384 1015,1385 975,1385 975,1384 937,1384 937,1383 936,1383 937,1383 937,1379 938,1379 938,1377 939,1377 939,1374 940,1374 940,1371 941,1371 941,1368 942,1368 942,1367 943,1367 943,1362 944,1362 944,1361 945,1361 945,1360 946,1360 946,1359 962,1359 962,1358 1006,1358 1006,1338 1007,1338 1007,1336"/>
	<TextEquiv>
	<Unicode>καὶ</Unicode></TextEquiv></Word>
	<Word id="r190">
	<Coords points="1117,1336 1117,1337 1118,1337 1118,1338 1119,1338 1119,1341 1120,1341 1120,1344 1121,1344 1121,1347 1122,1347 1122,1349 1123,1349 1123,1352 1125,1352 1125,1359 1129,1359 1129,1360 1130,1360 1130,1376 1132,1376 1132,1379 1131,1379 1131,1381 1129,1381 1129,1382 1128,1382 1128,1383 1127,1383 1127,1384 1083,1384 1083,1385 1080,1385 1080,1384 1079,1384 1079,1369 1071,1369 1071,1367 1070,1367 1070,1364 1071,1364 1071,1361 1072,1361 1072,1360 1074,1360 1074,1359 1078,1359 1078,1358 1114,1358 1114,1338 1115,1338 1115,1336"/>
	<TextEquiv>
	<Unicode>τὰ</Unicode></TextEquiv></Word>
	<Word id="r191">
	<Coords points="1225,1336 1225,1341 1253,1341 1253,1342 1255,1342 1255,1357 1294,1357 1294,1358 1296,1358 1296,1359 1297,1359 1297,1360 1298,1360 1298,1362 1299,1362 1299,1365 1298,1365 1298,1372 1297,1372 1297,1375 1296,1375 1296,1378 1295,1378 1295,1384 1294,1384 1294,1386 1293,1386 1293,1388 1292,1388 1292,1394 1291,1394 1291,1396 1289,1396 1289,1397 1242,1397 1242,1399 1241,1399 1241,1400 1184,1400 1184,1399 1182,1399 1182,1398 1181,1398 1181,1387 1179,1387 1179,1386 1178,1386 1178,1385 1177,1385 1177,1376 1178,1376 1178,1374 1180,1374 1180,1373 1181,1373 1181,1359 1182,1359 1182,1346 1183,1346 1183,1344 1184,1344 1184,1342 1185,1342 1185,1341 1186,1341 1186,1340 1188,1340 1188,1339 1219,1339 1219,1337 1220,1337 1220,1336"/>
	<TextEquiv>
	<Unicode>ξίφη</Unicode></TextEquiv></Word>
	<Word id="r192">
	<Coords points="1391,1334 1391,1336 1392,1336 1392,1337 1393,1337 1393,1341 1394,1341 1394,1343 1395,1343 1395,1345 1396,1345 1396,1347 1397,1347 1397,1350 1398,1350 1398,1352 1399,1352 1399,1357 1400,1357 1400,1358 1403,1358 1403,1373 1407,1373 1407,1377 1406,1377 1406,1378 1405,1378 1405,1380 1404,1380 1404,1381 1403,1381 1403,1382 1402,1382 1402,1383 1399,1383 1399,1384 1356,1384 1356,1385 1354,1385 1354,1384 1352,1384 1352,1382 1351,1382 1351,1368 1344,1368 1344,1367 1343,1367 1343,1362 1344,1362 1344,1360 1345,1360 1345,1359 1346,1359 1346,1358 1386,1358 1386,1336 1387,1336 1387,1335 1388,1335 1388,1334"/>
	<TextEquiv>
	<Unicode>τὰ</Unicode></TextEquiv></Word>
	<Word id="r193">
	<Coords points="1631,1335 1631,1336 1632,1336 1632,1338 1633,1338 1633,1340 1634,1340 1634,1342 1635,1342 1635,1345 1636,1345 1636,1348 1637,1348 1637,1350 1638,1350 1638,1358 1643,1358 1643,1374 1647,1374 1647,1377 1646,1377 1646,1379 1645,1379 1645,1380 1644,1380 1644,1382 1643,1382 1643,1383 1641,1383 1641,1384 1602,1384 1602,1385 1590,1385 1590,1387 1589,1387 1589,1393 1588,1393 1588,1399 1587,1399 1587,1401 1584,1401 1584,1400 1583,1400 1583,1385 1469,1385 1469,1386 1468,1386 1468,1393 1467,1393 1467,1399 1466,1399 1466,1401 1462,1401 1462,1383 1459,1383 1459,1382 1457,1382 1457,1380 1456,1380 1456,1379 1454,1379 1454,1377 1453,1377 1453,1376 1452,1376 1452,1367 1453,1367 1453,1365 1454,1365 1454,1364 1455,1364 1455,1363 1456,1363 1456,1361 1458,1361 1458,1360 1459,1360 1459,1359 1461,1359 1461,1358 1464,1358 1464,1357 1471,1357 1471,1344 1472,1344 1472,1343 1473,1343 1473,1342 1474,1342 1474,1341 1476,1341 1476,1340 1477,1340 1477,1341 1479,1341 1479,1357 1627,1357 1627,1337 1628,1337 1628,1336 1629,1336 1629,1335"/>
	<TextEquiv>
	<Unicode>φανερὰ</Unicode></TextEquiv></Word>
	<TextEquiv>
	<Unicode>αὐτοῖς καὶ τὰ δόρατα καὶ τὰ ξίφη τὰ φανερὰ</Unicode></TextEquiv></TextLine>
	<TextLine id="r32">
	<Coords points="1384,1402 1386,1402 1386,1405 1387,1405 1387,1409 1388,1409 1388,1411 1389,1411 1389,1425 1523,1425 1523,1417 1524,1417 1524,1415 1525,1415 1525,1413 1526,1413 1526,1411 1527,1411 1527,1409 1528,1409 1528,1407 1529,1407 1529,1405 1530,1405 1530,1404 1532,1404 1532,1403 1533,1403 1533,1404 1534,1404 1534,1405 1535,1405 1535,1411 1539,1411 1539,1412 1544,1412 1544,1413 1546,1413 1546,1414 1548,1414 1548,1415 1549,1415 1549,1417 1550,1417 1550,1418 1551,1418 1551,1420 1552,1420 1552,1421 1553,1421 1553,1423 1554,1423 1554,1426 1613,1426 1613,1427 1640,1427 1640,1428 1643,1428 1643,1429 1644,1429 1644,1430 1645,1430 1645,1431 1646,1431 1646,1432 1647,1432 1647,1435 1646,1435 1646,1436 1642,1436 1642,1453 1641,1453 1641,1455 1640,1455 1640,1456 1639,1456 1639,1457 1637,1457 1637,1458 1632,1458 1632,1454 1605,1454 1605,1453 1428,1453 1428,1454 1427,1454 1427,1459 1426,1459 1426,1467 1425,1467 1425,1468 1424,1468 1424,1469 1422,1469 1422,1468 1421,1468 1421,1465 1420,1465 1420,1455 1386,1455 1386,1454 1385,1454 1385,1452 1205,1452 1205,1453 1083,1453 1083,1454 1065,1454 1065,1455 1064,1455 1064,1456 1062,1456 1062,1457 1059,1457 1059,1456 1058,1456 1058,1454 963,1454 963,1453 799,1453 799,1459 798,1459 798,1463 797,1463 797,1465 796,1465 796,1466 793,1466 793,1454 744,1454 744,1453 604,1453 604,1456 603,1456 603,1463 602,1463 602,1466 601,1466 601,1468 599,1468 599,1467 598,1467 598,1455 501,1455 501,1454 499,1454 499,1453 394,1453 394,1454 391,1454 391,1455 340,1455 340,1460 339,1460 339,1463 338,1463 338,1466 337,1466 337,1467 336,1467 336,1468 264,1468 264,1469 262,1469 262,1455 228,1455 228,1454 226,1454 226,1452 225,1452 225,1451 224,1451 224,1449 223,1449 223,1447 222,1447 222,1438 223,1438 223,1437 224,1437 224,1436 225,1436 225,1434 226,1434 226,1432 227,1432 227,1431 229,1431 229,1430 230,1430 230,1429 234,1429 234,1428 237,1428 237,1409 238,1409 238,1408 251,1408 251,1406 253,1406 253,1405 253,1406 255,1406 255,1427 313,1427 313,1428 461,1428 461,1427 462,1427 462,1413 463,1413 463,1411 464,1411 464,1410 465,1410 465,1409 466,1409 466,1408 477,1408 477,1406 478,1406 478,1405 481,1405 481,1406 482,1406 482,1428 590,1428 590,1427 714,1427 714,1407 715,1407 715,1406 721,1406 721,1407 722,1407 722,1408 723,1408 723,1410 724,1410 724,1427 863,1427 863,1415 864,1415 864,1413 939,1413 939,1412 940,1412 940,1411 942,1411 942,1410 946,1410 946,1411 951,1411 951,1412 952,1412 952,1413 953,1413 953,1416 954,1416 954,1426 1043,1426 1043,1427 1065,1427 1065,1428 1066,1428 1066,1429 1068,1429 1068,1430 1070,1430 1070,1431 1172,1431 1172,1427 1174,1427 1174,1426 1236,1426 1236,1405 1304,1405 1304,1404 1306,1404 1306,1403 1382,1403 1382,1402 1384,1402 1384,1401"/>
	<Word id="r194">
	<Coords points="253,1406 255,1406 255,1427 313,1427 313,1428 410,1428 410,1429 411,1429 411,1430 412,1430 412,1433 411,1433 411,1436 410,1436 410,1438 409,1438 409,1441 408,1441 408,1442 407,1442 407,1443 406,1443 406,1445 404,1445 404,1446 403,1446 403,1447 402,1447 402,1448 401,1448 401,1449 400,1449 400,1450 399,1450 399,1451 397,1451 397,1452 396,1452 396,1453 394,1453 394,1454 391,1454 391,1455 340,1455 340,1460 339,1460 339,1463 338,1463 338,1466 337,1466 337,1467 336,1467 336,1468 264,1468 264,1469 262,1469 262,1455 228,1455 228,1454 226,1454 226,1452 225,1452 225,1451 224,1451 224,1449 223,1449 223,1447 222,1447 222,1438 223,1438 223,1437 224,1437 224,1436 225,1436 225,1434 226,1434 226,1432 227,1432 227,1431 229,1431 229,1430 230,1430 230,1429 234,1429 234,1428 237,1428 237,1409 238,1409 238,1408 251,1408 251,1406 253,1406 253,1405"/>
	<TextEquiv>
	<Unicode>ὤρεγον</Unicode></TextEquiv></Word>
	<Word id="r195">
	<Coords points="481,1405 481,1406 482,1406 482,1428 590,1428 590,1427 620,1427 620,1428 622,1428 622,1429 623,1429 623,1430 624,1430 624,1431 625,1431 625,1434 626,1434 626,1442 625,1442 625,1445 624,1445 624,1447 623,1447 623,1448 622,1448 622,1449 621,1449 621,1450 620,1450 620,1451 618,1451 618,1452 615,1452 615,1453 604,1453 604,1456 603,1456 603,1463 602,1463 602,1466 601,1466 601,1468 599,1468 599,1467 598,1467 598,1455 501,1455 501,1454 499,1454 499,1453 454,1453 454,1452 453,1452 453,1451 452,1451 452,1448 451,1448 451,1446 450,1446 450,1437 451,1437 451,1435 452,1435 452,1433 453,1433 453,1432 454,1432 454,1430 456,1430 456,1429 459,1429 459,1428 461,1428 461,1427 462,1427 462,1413 463,1413 463,1411 464,1411 464,1410 465,1410 465,1409 466,1409 466,1408 477,1408 477,1406 478,1406 478,1405"/>
	<TextEquiv>
	<Unicode>ὥσπερ</Unicode></TextEquiv></Word>
	<Word id="r196">
	<Coords points="721,1406 721,1407 722,1407 722,1408 723,1408 723,1410 724,1410 724,1427 863,1427 863,1415 864,1415 864,1413 939,1413 939,1412 940,1412 940,1411 942,1411 942,1410 946,1410 946,1411 951,1411 951,1412 952,1412 952,1413 953,1413 953,1416 954,1416 954,1426 1043,1426 1043,1427 1065,1427 1065,1428 1066,1428 1066,1429 1068,1429 1068,1430 1070,1430 1070,1431 1071,1431 1071,1445 1085,1445 1085,1446 1086,1446 1086,1447 1087,1447 1087,1451 1086,1451 1086,1452 1085,1452 1085,1453 1083,1453 1083,1454 1065,1454 1065,1455 1064,1455 1064,1456 1062,1456 1062,1457 1059,1457 1059,1456 1058,1456 1058,1454 963,1454 963,1453 799,1453 799,1459 798,1459 798,1463 797,1463 797,1465 796,1465 796,1466 793,1466 793,1454 744,1454 744,1453 671,1453 671,1452 668,1452 668,1451 667,1451 667,1449 666,1449 666,1444 665,1444 666,1444 666,1440 667,1440 667,1437 668,1437 668,1435 669,1435 669,1434 670,1434 670,1433 671,1433 671,1432 672,1432 672,1431 673,1431 673,1430 674,1430 674,1429 676,1429 676,1428 679,1428 679,1427 714,1427 714,1407 715,1407 715,1406"/>
	<TextEquiv>
	<Unicode>αὐτομολοῦντες.</Unicode></TextEquiv></Word>
	<Word id="r197">
	<Coords points="1239,1405 1239,1407 1240,1407 1240,1409 1241,1409 1241,1411 1242,1411 1242,1413 1243,1413 1243,1416 1244,1416 1244,1417 1245,1417 1245,1442 1248,1442 1248,1443 1249,1443 1249,1447 1247,1447 1247,1450 1245,1450 1245,1451 1244,1451 1244,1452 1205,1452 1205,1453 1165,1453 1165,1452 1164,1452 1164,1451 1165,1451 1165,1447 1166,1447 1166,1444 1167,1444 1167,1441 1168,1441 1168,1438 1169,1438 1169,1435 1170,1435 1170,1432 1171,1432 1171,1431 1172,1431 1172,1427 1174,1427 1174,1426 1236,1426 1236,1405"/>
	<TextEquiv>
	<Unicode>καὶ</Unicode></TextEquiv></Word>
	<Word id="r198">
	<Coords points="1308,1403 1308,1404 1311,1404 1311,1432 1312,1432 1312,1434 1313,1434 1313,1440 1312,1440 1312,1441 1311,1441 1311,1446 1310,1446 1310,1447 1309,1447 1309,1448 1308,1448 1308,1450 1306,1450 1306,1451 1298,1451 1298,1452 1295,1452 1295,1451 1294,1451 1294,1450 1293,1450 1293,1449 1292,1449 1292,1448 1291,1448 1291,1446 1290,1446 1290,1439 1291,1439 1291,1435 1292,1435 1292,1432 1293,1432 1293,1431 1294,1431 1294,1429 1296,1429 1296,1428 1297,1428 1297,1427 1299,1427 1299,1426 1302,1426 1302,1408 1303,1408 1303,1406 1304,1406 1304,1404 1306,1404 1306,1403"/>
	<TextEquiv>
	<Unicode>ὁ</Unicode></TextEquiv></Word>
	<Word id="r199">
	<Coords points="1384,1402 1386,1402 1386,1405 1387,1405 1387,1409 1388,1409 1388,1411 1389,1411 1389,1425 1523,1425 1523,1417 1524,1417 1524,1415 1525,1415 1525,1413 1526,1413 1526,1411 1527,1411 1527,1409 1528,1409 1528,1407 1529,1407 1529,1405 1530,1405 1530,1404 1532,1404 1532,1403 1533,1403 1533,1404 1534,1404 1534,1405 1535,1405 1535,1411 1539,1411 1539,1412 1544,1412 1544,1413 1546,1413 1546,1414 1548,1414 1548,1415 1549,1415 1549,1417 1550,1417 1550,1418 1551,1418 1551,1420 1552,1420 1552,1421 1553,1421 1553,1423 1554,1423 1554,1426 1613,1426 1613,1427 1640,1427 1640,1428 1643,1428 1643,1429 1644,1429 1644,1430 1645,1430 1645,1431 1646,1431 1646,1432 1647,1432 1647,1435 1646,1435 1646,1436 1642,1436 1642,1453 1641,1453 1641,1455 1640,1455 1640,1456 1639,1456 1639,1457 1637,1457 1637,1458 1632,1458 1632,1454 1605,1454 1605,1453 1428,1453 1428,1454 1427,1454 1427,1459 1426,1459 1426,1467 1425,1467 1425,1468 1424,1468 1424,1469 1422,1469 1422,1468 1421,1468 1421,1465 1420,1465 1420,1455 1386,1455 1386,1454 1385,1454 1385,1452 1384,1452 1384,1451 1354,1451 1354,1411 1353,1411 1353,1408 1360,1408 1360,1407 1378,1407 1378,1406 1381,1406 1381,1405 1382,1405 1382,1402 1384,1402 1384,1401"/>
	<TextEquiv>
	<Unicode>Σερουίλιος</Unicode></TextEquiv></Word>
	<TextEquiv>
	<Unicode>ὤρεγον ὥσπερ αὐτομολοῦντες. καὶ ὁ Σερουίλιος</Unicode></TextEquiv></TextLine>
	<TextLine id="r34">
	<Coords points="629,1473 634,1473 634,1475 635,1475 635,1495 827,1495 827,1474 828,1474 828,1473 831,1473 831,1474 833,1474 833,1476 834,1476 834,1478 835,1478 835,1480 836,1480 836,1483 837,1483 837,1486 838,1486 838,1487 839,1487 839,1490 840,1490 840,1495 945,1495 945,1475 947,1475 947,1474 947,1475 949,1475 949,1476 1060,1476 1060,1474 1061,1474 1061,1473 1063,1473 1063,1474 1064,1474 1064,1475 1065,1475 1065,1481 1118,1481 1118,1482 1119,1482 1119,1483 1121,1483 1121,1484 1122,1484 1122,1485 1123,1485 1123,1486 1124,1486 1124,1487 1125,1487 1125,1488 1126,1488 1126,1489 1127,1489 1127,1491 1128,1491 1128,1494 1129,1494 1129,1495 1289,1495 1289,1476 1290,1476 1290,1475 1292,1475 1292,1474 1295,1474 1295,1475 1297,1475 1297,1476 1367,1476 1367,1477 1370,1477 1370,1479 1371,1479 1371,1481 1372,1481 1372,1484 1373,1484 1373,1494 1508,1494 1508,1475 1509,1475 1509,1474 1579,1474 1579,1475 1581,1475 1581,1494 1606,1494 1606,1495 1643,1495 1643,1496 1644,1496 1644,1511 1647,1511 1647,1513 1646,1513 1646,1515 1645,1515 1645,1517 1644,1517 1644,1518 1643,1518 1643,1519 1642,1519 1642,1520 1640,1520 1640,1521 1584,1521 1584,1522 1583,1522 1583,1521 1504,1521 1504,1520 1387,1520 1387,1521 1290,1521 1290,1522 1285,1522 1285,1521 1283,1521 1283,1520 1175,1520 1175,1521 1093,1521 1093,1522 1077,1522 1077,1523 1075,1523 1075,1522 953,1522 953,1523 905,1523 905,1524 904,1524 904,1527 903,1527 903,1531 902,1531 902,1535 899,1535 899,1534 897,1534 897,1522 728,1522 728,1523 727,1523 727,1524 726,1524 726,1525 724,1525 724,1526 723,1526 723,1527 721,1527 721,1526 719,1526 719,1523 399,1523 399,1524 398,1524 398,1526 396,1526 396,1527 391,1527 391,1522 271,1522 271,1523 265,1523 265,1522 227,1522 227,1521 224,1521 224,1519 222,1519 222,1516 221,1516 221,1512 222,1512 222,1509 223,1509 223,1507 224,1507 224,1505 225,1505 225,1504 226,1504 226,1502 227,1502 227,1501 228,1501 228,1499 230,1499 230,1498 232,1498 232,1497 234,1497 234,1496 270,1496 270,1476 272,1476 272,1475 366,1475 366,1476 367,1476 367,1478 469,1478 469,1477 470,1477 470,1476 472,1476 472,1475 475,1475 475,1476 477,1476 477,1477 478,1477 478,1479 479,1479 479,1496 621,1496 621,1490 622,1490 622,1488 623,1488 623,1486 624,1486 624,1482 625,1482 625,1480 626,1480 626,1478 627,1478 627,1476 628,1476 628,1474 629,1474"/>
	<Word id="r200">
	<Coords points="366,1475 366,1476 367,1476 367,1478 368,1478 368,1480 369,1480 369,1483 370,1483 370,1486 371,1486 371,1496 377,1496 377,1497 401,1497 401,1498 402,1498 402,1499 404,1499 404,1500 405,1500 405,1502 406,1502 406,1504 405,1504 405,1506 401,1506 401,1521 400,1521 400,1522 399,1522 399,1524 398,1524 398,1526 396,1526 396,1527 391,1527 391,1522 271,1522 271,1523 265,1523 265,1522 227,1522 227,1521 224,1521 224,1519 222,1519 222,1516 221,1516 221,1512 222,1512 222,1509 223,1509 223,1507 224,1507 224,1505 225,1505 225,1504 226,1504 226,1502 227,1502 227,1501 228,1501 228,1499 230,1499 230,1498 232,1498 232,1497 234,1497 234,1496 270,1496 270,1476 272,1476 272,1475"/>
	<TextEquiv>
	<Unicode>αὐτοὺς</Unicode></TextEquiv></Word>
	<Word id="r201">
	<Coords points="634,1473 634,1475 635,1475 635,1495 727,1495 727,1496 730,1496 730,1497 731,1497 731,1498 733,1498 733,1500 734,1500 734,1504 733,1504 733,1505 730,1505 730,1520 729,1520 729,1522 728,1522 728,1523 727,1523 727,1524 726,1524 726,1525 724,1525 724,1526 723,1526 723,1527 721,1527 721,1526 719,1526 719,1523 465,1523 465,1522 464,1522 464,1521 462,1521 462,1520 461,1520 461,1519 459,1519 459,1517 458,1517 458,1514 457,1514 457,1508 458,1508 458,1506 459,1506 459,1504 460,1504 460,1502 461,1502 461,1501 462,1501 462,1500 463,1500 463,1499 464,1499 464,1498 466,1498 466,1497 469,1497 469,1477 470,1477 470,1476 472,1476 472,1475 475,1475 475,1476 477,1476 477,1477 478,1477 478,1479 479,1479 479,1496 621,1496 621,1490 622,1490 622,1488 623,1488 623,1486 624,1486 624,1482 625,1482 625,1480 626,1480 626,1478 627,1478 627,1476 628,1476 628,1474 629,1474 629,1473"/>
	<TextEquiv>
	<Unicode>ἐπαινέσας</Unicode></TextEquiv></Word>
	<Word id="r202">
	<Coords points="831,1473 831,1474 833,1474 833,1476 834,1476 834,1478 835,1478 835,1480 836,1480 836,1483 837,1483 837,1486 838,1486 838,1487 839,1487 839,1490 840,1490 840,1495 843,1495 843,1496 845,1496 845,1511 848,1511 848,1512 849,1512 849,1514 848,1514 848,1515 847,1515 847,1517 846,1517 846,1518 845,1518 845,1519 844,1519 844,1520 842,1520 842,1521 799,1521 799,1522 796,1522 796,1521 795,1521 795,1505 786,1505 786,1498 787,1498 787,1497 789,1497 789,1496 827,1496 827,1474 828,1474 828,1473"/>
	<TextEquiv>
	<Unicode>τὰ</Unicode></TextEquiv></Word>
	<Word id="r203">
	<Coords points="947,1475 949,1475 949,1477 950,1477 950,1478 951,1478 951,1481 952,1481 952,1483 953,1483 953,1485 954,1485 954,1487 955,1487 955,1497 988,1497 988,1499 989,1499 989,1500 988,1500 988,1502 987,1502 987,1505 986,1505 986,1508 985,1508 985,1509 984,1509 984,1511 983,1511 983,1512 980,1512 980,1514 979,1514 979,1515 974,1515 974,1519 972,1519 972,1520 970,1520 970,1521 955,1521 955,1522 953,1522 953,1523 905,1523 905,1524 904,1524 904,1527 903,1527 903,1531 902,1531 902,1535 899,1535 899,1534 897,1534 897,1533 898,1533 898,1529 899,1529 899,1526 900,1526 900,1524 901,1524 901,1521 902,1521 902,1517 903,1517 903,1514 904,1514 904,1511 905,1511 905,1509 906,1509 906,1503 907,1503 907,1500 908,1500 908,1497 909,1497 909,1496 910,1496 910,1495 945,1495 945,1475 947,1475 947,1474"/>
	<TextEquiv>
	<Unicode>μὲν</Unicode></TextEquiv></Word>
	<Word id="r204">
	<Coords points="1063,1473 1063,1474 1064,1474 1064,1475 1065,1475 1065,1481 1118,1481 1118,1482 1119,1482 1119,1483 1121,1483 1121,1484 1122,1484 1122,1485 1123,1485 1123,1486 1124,1486 1124,1487 1125,1487 1125,1488 1126,1488 1126,1489 1127,1489 1127,1491 1128,1491 1128,1494 1129,1494 1129,1495 1176,1495 1176,1496 1177,1496 1177,1510 1180,1510 1180,1511 1181,1511 1181,1514 1180,1514 1180,1516 1179,1516 1179,1518 1178,1518 1178,1519 1176,1519 1176,1520 1175,1520 1175,1521 1093,1521 1093,1522 1077,1522 1077,1523 1075,1523 1075,1522 1049,1522 1049,1521 1046,1521 1046,1520 1044,1520 1044,1519 1043,1519 1043,1518 1042,1518 1042,1517 1040,1517 1040,1514 1039,1514 1039,1504 1040,1504 1040,1503 1041,1503 1041,1502 1042,1502 1042,1501 1043,1501 1043,1499 1044,1499 1044,1498 1045,1498 1045,1480 1046,1480 1046,1478 1048,1478 1048,1477 1050,1477 1050,1476 1060,1476 1060,1474 1061,1474 1061,1473"/>
	<TextEquiv>
	<Unicode>ὅπλα</Unicode></TextEquiv></Word>
	<Word id="r205">
	<Coords points="1295,1474 1295,1475 1297,1475 1297,1476 1367,1476 1367,1477 1370,1477 1370,1479 1371,1479 1371,1481 1372,1481 1372,1484 1373,1484 1373,1494 1409,1494 1409,1496 1410,1496 1410,1500 1409,1500 1409,1504 1408,1504 1408,1505 1407,1505 1407,1507 1406,1507 1406,1508 1405,1508 1405,1509 1404,1509 1404,1511 1403,1511 1403,1512 1402,1512 1402,1513 1401,1513 1401,1514 1400,1514 1400,1515 1399,1515 1399,1516 1396,1516 1396,1517 1395,1517 1395,1518 1394,1518 1394,1519 1391,1519 1391,1520 1387,1520 1387,1521 1290,1521 1290,1522 1285,1522 1285,1521 1283,1521 1283,1520 1247,1520 1247,1519 1245,1519 1245,1518 1244,1518 1244,1517 1243,1517 1243,1514 1242,1514 1243,1514 1243,1507 1244,1507 1244,1505 1245,1505 1245,1503 1246,1503 1246,1501 1247,1501 1247,1500 1248,1500 1248,1499 1249,1499 1249,1498 1250,1498 1250,1497 1252,1497 1252,1496 1253,1496 1253,1495 1289,1495 1289,1476 1290,1476 1290,1475 1292,1475 1292,1474"/>
	<TextEquiv>
	<Unicode>αὐτῶν</Unicode></TextEquiv></Word>
	<Word id="r206">
	<Coords points="1579,1474 1579,1475 1581,1475 1581,1494 1606,1494 1606,1495 1643,1495 1643,1496 1644,1496 1644,1511 1647,1511 1647,1513 1646,1513 1646,1515 1645,1515 1645,1517 1644,1517 1644,1518 1643,1518 1643,1519 1642,1519 1642,1520 1640,1520 1640,1521 1584,1521 1584,1522 1583,1522 1583,1521 1504,1521 1504,1520 1480,1520 1480,1519 1462,1519 1462,1518 1461,1518 1461,1517 1460,1517 1460,1516 1459,1516 1459,1508 1460,1508 1460,1506 1461,1506 1461,1504 1462,1504 1462,1503 1463,1503 1463,1501 1464,1501 1464,1499 1466,1499 1466,1498 1467,1498 1467,1497 1469,1497 1469,1496 1470,1496 1470,1495 1508,1495 1508,1475 1509,1475 1509,1474"/>
	<TextEquiv>
	<Unicode>αὐτίκα</Unicode></TextEquiv></Word>
	<TextEquiv>
	<Unicode>αὐτοὺς ἐπαινέσας τὰ μὲν ὅπλα αὐτῶν αὐτίκα</Unicode></TextEquiv></TextLine>
	<TextLine id="r36">
	<Coords points="799,1541 799,1543 800,1543 800,1563 993,1563 993,1546 994,1546 994,1545 995,1545 995,1544 997,1544 997,1543 999,1543 999,1544 1002,1544 1002,1545 1003,1545 1003,1563 1110,1563 1110,1547 1111,1547 1111,1546 1123,1546 1123,1544 1124,1544 1124,1543 1126,1543 1126,1542 1127,1542 1127,1544 1129,1544 1129,1563 1345,1563 1345,1551 1346,1551 1346,1549 1347,1549 1347,1547 1349,1547 1349,1546 1352,1546 1352,1545 1355,1545 1355,1546 1358,1546 1358,1547 1359,1547 1359,1548 1361,1548 1361,1550 1362,1550 1362,1563 1476,1563 1476,1562 1531,1562 1531,1553 1532,1553 1532,1549 1533,1549 1533,1548 1534,1548 1534,1546 1536,1546 1536,1545 1538,1545 1538,1544 1544,1544 1544,1545 1546,1545 1546,1546 1547,1546 1547,1547 1548,1547 1548,1548 1549,1548 1549,1552 1550,1552 1550,1563 1612,1563 1612,1564 1613,1564 1613,1565 1644,1565 1644,1566 1645,1566 1645,1567 1646,1567 1646,1571 1645,1571 1645,1573 1644,1573 1644,1575 1643,1575 1643,1577 1642,1577 1642,1578 1641,1578 1641,1579 1640,1579 1640,1580 1639,1580 1639,1582 1638,1582 1638,1583 1636,1583 1636,1584 1635,1584 1635,1585 1634,1585 1634,1586 1632,1586 1632,1587 1630,1587 1630,1588 1628,1588 1628,1589 1607,1589 1607,1590 1569,1590 1569,1589 1462,1589 1462,1601 1461,1601 1461,1604 1460,1604 1460,1605 1459,1605 1459,1606 1458,1606 1458,1607 1455,1607 1455,1608 1425,1608 1425,1607 1424,1607 1424,1594 1373,1594 1373,1589 1229,1589 1229,1591 1228,1591 1228,1592 1227,1592 1227,1593 1226,1593 1226,1595 1225,1595 1225,1596 1223,1596 1223,1597 1218,1597 1218,1590 1107,1590 1107,1604 1106,1604 1106,1605 1105,1605 1105,1606 1104,1606 1104,1607 1103,1607 1103,1608 1102,1608 1102,1607 1098,1607 1098,1606 1097,1606 1097,1595 1026,1595 1026,1594 1025,1594 1025,1590 921,1590 921,1591 920,1591 920,1592 919,1592 919,1594 918,1594 918,1595 917,1595 917,1596 916,1596 916,1597 915,1597 915,1598 911,1598 911,1597 910,1597 910,1595 895,1595 895,1594 893,1594 893,1591 789,1591 789,1592 743,1592 743,1594 742,1594 742,1599 741,1599 741,1602 740,1602 740,1603 738,1603 738,1604 738,1603 736,1603 736,1591 482,1591 482,1593 481,1593 481,1594 480,1594 480,1595 479,1595 479,1596 478,1596 478,1597 476,1597 476,1598 472,1598 472,1591 306,1591 306,1593 305,1593 305,1595 304,1595 304,1599 303,1599 303,1605 300,1605 300,1601 299,1601 299,1591 229,1591 229,1590 228,1590 228,1576 222,1576 222,1575 221,1575 221,1570 222,1570 222,1567 223,1567 223,1566 225,1566 225,1565 231,1565 231,1564 360,1564 360,1553 361,1553 361,1551 362,1551 362,1549 363,1549 363,1548 366,1548 366,1547 372,1547 372,1548 374,1548 374,1549 375,1549 375,1550 376,1550 376,1551 387,1551 387,1552 390,1552 390,1553 391,1553 391,1554 392,1554 392,1555 393,1555 393,1556 394,1556 394,1557 395,1557 395,1558 396,1558 396,1560 397,1560 397,1562 398,1562 398,1564 434,1564 434,1565 438,1565 438,1566 547,1566 547,1565 550,1565 550,1546 551,1546 551,1544 644,1544 644,1543 647,1543 647,1542 678,1542 678,1544 679,1544 679,1546 680,1546 680,1548 681,1548 681,1550 682,1550 682,1552 683,1552 683,1555 684,1555 684,1556 685,1556 685,1564 789,1564 789,1557 790,1557 790,1555 791,1555 791,1550 792,1550 792,1548 793,1548 793,1546 794,1546 794,1544 795,1544 795,1542 797,1542 797,1541"/>
	<Word id="r207">
	<Coords points="372,1547 372,1548 374,1548 374,1549 375,1549 375,1550 376,1550 376,1551 387,1551 387,1552 390,1552 390,1553 391,1553 391,1554 392,1554 392,1555 393,1555 393,1556 394,1556 394,1557 395,1557 395,1558 396,1558 396,1560 397,1560 397,1562 398,1562 398,1564 434,1564 434,1565 438,1565 438,1566 469,1566 469,1582 481,1582 481,1583 482,1583 482,1584 483,1584 483,1591 482,1591 482,1593 481,1593 481,1594 480,1594 480,1595 479,1595 479,1596 478,1596 478,1597 476,1597 476,1598 472,1598 472,1591 306,1591 306,1593 305,1593 305,1595 304,1595 304,1599 303,1599 303,1605 300,1605 300,1601 299,1601 299,1591 229,1591 229,1590 228,1590 228,1576 222,1576 222,1575 221,1575 221,1570 222,1570 222,1567 223,1567 223,1566 225,1566 225,1565 231,1565 231,1564 360,1564 360,1553 361,1553 361,1551 362,1551 362,1549 363,1549 363,1548 366,1548 366,1547"/>
	<TextEquiv>
	<Unicode>παρεῖλεν,</Unicode></TextEquiv></Word>
	<Word id="r208">
	<Coords points="556,1544 556,1545 558,1545 558,1546 559,1546 559,1548 560,1548 560,1565 587,1565 587,1568 588,1568 588,1571 587,1571 587,1573 586,1573 586,1576 585,1576 585,1578 583,1578 583,1579 582,1579 582,1581 581,1581 581,1583 580,1583 580,1584 578,1584 578,1585 577,1585 577,1586 576,1586 576,1587 573,1587 573,1588 572,1588 572,1589 571,1589 571,1590 568,1590 568,1591 546,1591 546,1590 543,1590 543,1589 541,1589 541,1588 540,1588 540,1586 539,1586 539,1585 538,1585 538,1583 537,1583 537,1577 538,1577 538,1575 539,1575 539,1573 540,1573 540,1570 542,1570 542,1569 543,1569 543,1568 544,1568 544,1567 545,1567 545,1566 547,1566 547,1565 550,1565 550,1546 551,1546 551,1544"/>
	<TextEquiv>
	<Unicode>ἐν</Unicode></TextEquiv></Word>
	<Word id="r209">
	<Coords points="678,1542 678,1544 679,1544 679,1546 680,1546 680,1548 681,1548 681,1550 682,1550 682,1552 683,1552 683,1555 684,1555 684,1556 685,1556 685,1564 686,1564 686,1565 687,1565 687,1567 688,1567 688,1569 687,1569 687,1570 686,1570 686,1588 685,1588 685,1589 684,1589 684,1590 683,1590 683,1591 645,1591 645,1590 643,1590 643,1589 642,1589 642,1588 640,1588 640,1586 639,1586 639,1585 638,1585 638,1582 637,1582 637,1576 638,1576 638,1573 639,1573 639,1572 640,1572 640,1570 641,1570 641,1569 642,1569 642,1546 643,1546 643,1545 644,1545 644,1543 647,1543 647,1542"/>
	<TextEquiv>
	<Unicode>δὲ</Unicode></TextEquiv></Word>
	<Word id="r210">
	<Coords points="799,1541 799,1543 800,1543 800,1563 899,1563 899,1564 900,1564 900,1565 904,1565 904,1566 905,1566 905,1567 906,1567 906,1568 907,1568 907,1581 917,1581 917,1582 919,1582 919,1584 921,1584 921,1591 920,1591 920,1592 919,1592 919,1594 918,1594 918,1595 917,1595 917,1596 916,1596 916,1597 915,1597 915,1598 911,1598 911,1597 910,1597 910,1595 895,1595 895,1594 893,1594 893,1591 789,1591 789,1592 743,1592 743,1594 742,1594 742,1599 741,1599 741,1602 740,1602 740,1603 738,1603 738,1604 738,1603 736,1603 736,1598 737,1598 737,1596 738,1596 738,1593 739,1593 739,1589 740,1589 740,1587 741,1587 741,1584 742,1584 742,1580 743,1580 743,1578 744,1578 744,1574 745,1574 745,1570 746,1570 746,1566 747,1566 747,1565 748,1565 748,1564 789,1564 789,1557 790,1557 790,1555 791,1555 791,1550 792,1550 792,1548 793,1548 793,1546 794,1546 794,1544 795,1544 795,1542 797,1542 797,1541"/>
	<TextEquiv>
	<Unicode>μόνοις,</Unicode></TextEquiv></Word>
	<Word id="r211">
	<Coords points="999,1543 999,1544 1002,1544 1002,1545 1003,1545 1003,1563 1033,1563 1033,1564 1036,1564 1036,1565 1037,1565 1037,1566 1038,1566 1038,1567 1039,1567 1039,1568 1040,1568 1040,1571 1039,1571 1039,1572 1037,1572 1037,1573 1035,1573 1035,1590 1034,1590 1034,1591 1033,1591 1033,1592 1032,1592 1032,1593 1030,1593 1030,1594 1027,1594 1027,1595 1026,1595 1026,1594 1025,1594 1025,1590 984,1590 984,1589 981,1589 981,1588 979,1588 979,1587 978,1587 978,1586 977,1586 977,1585 976,1585 976,1574 977,1574 977,1572 978,1572 978,1571 979,1571 979,1569 980,1569 980,1568 981,1568 981,1567 982,1567 982,1566 984,1566 984,1565 993,1565 993,1546 994,1546 994,1545 995,1545 995,1544 997,1544 997,1543"/>
	<TextEquiv>
	<Unicode>ὡς</Unicode></TextEquiv></Word>
	<Word id="r212">
	<Coords points="1127,1542 1127,1544 1129,1544 1129,1563 1205,1563 1205,1564 1208,1564 1208,1565 1210,1565 1210,1566 1211,1566 1211,1567 1212,1567 1212,1570 1213,1570 1213,1581 1227,1581 1227,1582 1228,1582 1228,1583 1229,1583 1229,1585 1230,1585 1230,1587 1229,1587 1229,1591 1228,1591 1228,1592 1227,1592 1227,1593 1226,1593 1226,1595 1225,1595 1225,1596 1223,1596 1223,1597 1218,1597 1218,1590 1107,1590 1107,1604 1106,1604 1106,1605 1105,1605 1105,1606 1104,1606 1104,1607 1103,1607 1103,1608 1102,1608 1102,1607 1098,1607 1098,1606 1097,1606 1097,1589 1096,1589 1096,1588 1093,1588 1093,1587 1092,1587 1092,1585 1091,1585 1091,1583 1090,1583 1090,1575 1091,1575 1091,1573 1092,1573 1092,1571 1093,1571 1093,1570 1094,1570 1094,1568 1096,1568 1096,1566 1098,1566 1098,1565 1110,1565 1110,1547 1111,1547 1111,1546 1123,1546 1123,1544 1124,1544 1124,1543 1126,1543 1126,1542"/>
	<TextEquiv>
	<Unicode>ᾤετο,</Unicode></TextEquiv></Word>
	<Word id="r213">
	<Coords points="1355,1545 1355,1546 1358,1546 1358,1547 1359,1547 1359,1548 1361,1548 1361,1550 1362,1550 1362,1563 1381,1563 1381,1564 1383,1564 1383,1565 1385,1565 1385,1567 1386,1567 1386,1568 1387,1568 1387,1570 1388,1570 1388,1571 1387,1571 1387,1572 1386,1572 1386,1573 1383,1573 1383,1589 1382,1589 1382,1591 1381,1591 1381,1592 1379,1592 1379,1593 1377,1593 1377,1594 1373,1594 1373,1589 1291,1589 1291,1587 1290,1587 1290,1572 1283,1572 1283,1571 1282,1571 1282,1566 1283,1566 1283,1565 1284,1565 1284,1564 1285,1564 1285,1563 1345,1563 1345,1551 1346,1551 1346,1549 1347,1549 1347,1547 1349,1547 1349,1546 1352,1546 1352,1545"/>
	<TextEquiv>
	<Unicode>τοῖς</Unicode></TextEquiv></Word>
	<Word id="r214">
	<Coords points="1544,1544 1544,1545 1546,1545 1546,1546 1547,1546 1547,1547 1548,1547 1548,1548 1549,1548 1549,1552 1550,1552 1550,1563 1612,1563 1612,1564 1613,1564 1613,1565 1644,1565 1644,1566 1645,1566 1645,1567 1646,1567 1646,1571 1645,1571 1645,1573 1644,1573 1644,1575 1643,1575 1643,1577 1642,1577 1642,1578 1641,1578 1641,1579 1640,1579 1640,1580 1639,1580 1639,1582 1638,1582 1638,1583 1636,1583 1636,1584 1635,1584 1635,1585 1634,1585 1634,1586 1632,1586 1632,1587 1630,1587 1630,1588 1628,1588 1628,1589 1607,1589 1607,1590 1569,1590 1569,1589 1462,1589 1462,1601 1461,1601 1461,1604 1460,1604 1460,1605 1459,1605 1459,1606 1458,1606 1458,1607 1455,1607 1455,1608 1425,1608 1425,1607 1424,1607 1425,1607 1425,1570 1426,1570 1426,1569 1427,1569 1427,1568 1428,1568 1428,1566 1429,1566 1429,1565 1431,1565 1431,1564 1433,1564 1433,1563 1476,1563 1476,1562 1531,1562 1531,1553 1532,1553 1532,1549 1533,1549 1533,1548 1534,1548 1534,1546 1536,1546 1536,1545 1538,1545 1538,1544"/>
	<TextEquiv>
	<Unicode>χιτῶσιν</Unicode></TextEquiv></Word>
	<TextEquiv>
	<Unicode>παρεῖλεν, ἐν δὲ μόνοις, ὡς ᾤετο, τοῖς χιτῶσιν</Unicode></TextEquiv></TextLine>
	<TextLine id="r37">
	<Coords points="1078,1608 1078,1610 1079,1610 1079,1614 1171,1614 1171,1619 1185,1619 1185,1620 1186,1620 1186,1631 1376,1631 1376,1614 1377,1614 1377,1611 1379,1611 1379,1610 1386,1610 1386,1611 1387,1611 1387,1612 1388,1612 1388,1613 1389,1613 1389,1614 1437,1614 1437,1615 1441,1615 1441,1616 1442,1616 1442,1617 1443,1617 1443,1618 1444,1618 1444,1620 1445,1620 1445,1632 1547,1632 1547,1612 1548,1612 1548,1611 1553,1611 1553,1612 1555,1612 1555,1614 1556,1614 1556,1616 1557,1616 1557,1632 1616,1632 1616,1633 1618,1633 1618,1634 1620,1634 1620,1636 1621,1636 1621,1638 1622,1638 1622,1639 1623,1639 1623,1640 1644,1640 1644,1641 1646,1641 1646,1644 1645,1644 1645,1645 1622,1645 1622,1648 1621,1648 1621,1651 1620,1651 1620,1652 1619,1652 1619,1654 1618,1654 1618,1655 1616,1655 1616,1656 1614,1656 1614,1657 1611,1657 1611,1658 1579,1658 1579,1659 1450,1659 1450,1658 1234,1658 1234,1659 1178,1659 1178,1663 1177,1663 1177,1666 1176,1666 1176,1667 1175,1667 1175,1668 1174,1668 1174,1669 1172,1669 1172,1670 1169,1670 1169,1671 1081,1671 1081,1670 1080,1670 1080,1659 1028,1659 1028,1658 881,1658 881,1660 880,1660 880,1667 879,1667 879,1674 876,1674 876,1673 818,1673 818,1672 817,1672 817,1670 816,1670 816,1658 593,1658 593,1659 421,1659 421,1660 342,1660 342,1662 341,1662 341,1666 340,1666 340,1669 339,1669 339,1670 338,1670 338,1671 337,1671 337,1670 336,1670 336,1660 232,1660 232,1659 229,1659 229,1658 227,1658 227,1657 226,1657 226,1656 225,1656 225,1655 224,1655 224,1653 223,1653 223,1651 222,1651 222,1645 223,1645 223,1643 224,1643 224,1641 226,1641 226,1639 227,1639 227,1638 228,1638 228,1615 229,1615 229,1614 230,1614 230,1613 242,1613 242,1612 244,1612 244,1611 245,1611 245,1612 247,1612 247,1633 493,1633 493,1612 494,1612 494,1611 495,1611 495,1610 497,1610 497,1611 500,1611 500,1612 576,1612 576,1614 577,1614 577,1632 752,1632 752,1614 753,1614 753,1612 754,1612 754,1611 852,1611 852,1610 853,1610 853,1609 855,1609 855,1610 857,1610 857,1611 858,1611 858,1613 976,1613 976,1612 1072,1612 1072,1611 1073,1611 1073,1609 1074,1609 1074,1608"/>
	<Word id="r215">
	<Coords points="245,1611 245,1612 247,1612 247,1633 442,1633 442,1634 443,1634 443,1641 442,1641 442,1643 441,1643 441,1645 440,1645 440,1647 439,1647 439,1648 438,1648 438,1649 437,1649 437,1650 436,1650 436,1651 435,1651 435,1652 434,1652 434,1653 432,1653 432,1654 431,1654 431,1655 430,1655 430,1656 428,1656 428,1657 426,1657 426,1658 424,1658 424,1659 421,1659 421,1660 342,1660 342,1662 341,1662 341,1666 340,1666 340,1669 339,1669 339,1670 338,1670 338,1671 337,1671 337,1670 336,1670 336,1660 232,1660 232,1659 229,1659 229,1658 227,1658 227,1657 226,1657 226,1656 225,1656 225,1655 224,1655 224,1653 223,1653 223,1651 222,1651 222,1645 223,1645 223,1643 224,1643 224,1641 226,1641 226,1639 227,1639 227,1638 228,1638 228,1615 229,1615 229,1614 230,1614 230,1613 242,1613 242,1612 244,1612 244,1611"/>
	<TextEquiv>
	<Unicode>ἔστησεν</Unicode></TextEquiv></Word>
	<Word id="r216">
	<Coords points="497,1610 497,1611 500,1611 500,1612 576,1612 576,1614 577,1614 577,1632 646,1632 646,1633 649,1633 649,1634 667,1634 667,1635 668,1635 668,1636 669,1636 669,1640 668,1640 668,1641 667,1641 667,1642 653,1642 653,1645 652,1645 652,1649 651,1649 651,1651 650,1651 650,1652 649,1652 649,1653 648,1653 648,1654 647,1654 647,1656 645,1656 645,1657 642,1657 642,1658 593,1658 593,1659 491,1659 491,1658 487,1658 487,1657 486,1657 486,1656 485,1656 485,1655 484,1655 484,1653 483,1653 483,1650 482,1650 482,1646 483,1646 483,1643 484,1643 484,1640 485,1640 485,1639 486,1639 486,1637 487,1637 487,1636 488,1636 488,1635 490,1635 490,1634 492,1634 492,1633 493,1633 493,1612 494,1612 494,1611 495,1611 495,1610"/>
	<TextEquiv>
	<Unicode>ὀπίσω·</Unicode></TextEquiv></Word>
	<Word id="r217">
	<Coords points="760,1611 760,1613 761,1613 761,1614 762,1614 762,1616 763,1616 763,1633 767,1633 767,1634 769,1634 769,1639 768,1639 768,1642 767,1642 767,1645 766,1645 766,1647 765,1647 765,1649 764,1649 764,1650 763,1650 763,1652 762,1652 762,1653 761,1653 761,1654 760,1654 760,1655 759,1655 759,1656 757,1656 757,1657 755,1657 755,1658 716,1658 716,1657 714,1657 714,1656 713,1656 713,1655 712,1655 712,1652 711,1652 711,1649 710,1649 710,1647 711,1647 711,1643 712,1643 712,1641 713,1641 713,1639 714,1639 714,1637 715,1637 715,1636 716,1636 716,1635 718,1635 718,1634 719,1634 719,1633 722,1633 722,1632 752,1632 752,1614 753,1614 753,1612 754,1612 754,1611"/>
	<TextEquiv>
	<Unicode>οὐ</Unicode></TextEquiv></Word>
	<Word id="r218">
	<Coords points="855,1609 855,1610 857,1610 857,1611 858,1611 858,1613 859,1613 859,1616 860,1616 860,1619 861,1619 861,1622 862,1622 862,1624 863,1624 863,1627 864,1627 864,1632 897,1632 897,1633 899,1633 899,1634 900,1634 900,1635 901,1635 901,1637 902,1637 902,1638 903,1638 903,1647 902,1647 902,1650 901,1650 901,1652 900,1652 900,1653 899,1653 899,1654 898,1654 898,1656 897,1656 897,1657 895,1657 895,1658 881,1658 881,1660 880,1660 880,1667 879,1667 879,1674 876,1674 876,1673 818,1673 818,1672 817,1672 817,1670 816,1670 816,1649 806,1649 806,1648 805,1648 805,1644 804,1644 804,1640 805,1640 805,1637 806,1637 806,1635 807,1635 807,1634 809,1634 809,1633 852,1633 852,1610 853,1610 853,1609"/>
	<TextEquiv>
	<Unicode>γὰρ</Unicode></TextEquiv></Word>
	<Word id="r219">
	<Coords points="1078,1608 1078,1610 1079,1610 1079,1614 1171,1614 1171,1619 1185,1619 1185,1620 1186,1620 1186,1632 1203,1632 1203,1633 1205,1633 1205,1635 1206,1635 1206,1636 1205,1636 1205,1637 1203,1637 1203,1656 1202,1656 1202,1657 1201,1657 1201,1658 1178,1658 1178,1663 1177,1663 1177,1666 1176,1666 1176,1667 1175,1667 1175,1668 1174,1668 1174,1669 1172,1669 1172,1670 1169,1670 1169,1671 1081,1671 1081,1670 1080,1670 1080,1659 1028,1659 1028,1658 949,1658 949,1657 948,1657 948,1656 947,1656 947,1655 945,1655 945,1653 944,1653 944,1651 943,1651 943,1647 944,1647 944,1644 945,1644 945,1640 946,1640 946,1638 947,1638 947,1637 949,1637 949,1636 951,1636 951,1635 952,1635 952,1634 954,1634 954,1633 956,1633 956,1613 976,1613 976,1612 1072,1612 1072,1611 1073,1611 1073,1609 1074,1609 1074,1608"/>
	<TextEquiv>
	<Unicode>ἐδοκίμαζε</Unicode></TextEquiv></Word>
	<Word id="r220">
	<Coords points="1386,1610 1386,1611 1387,1611 1387,1612 1388,1612 1388,1613 1389,1613 1389,1614 1437,1614 1437,1615 1441,1615 1441,1616 1442,1616 1442,1617 1443,1617 1443,1618 1444,1618 1444,1620 1445,1620 1445,1632 1472,1632 1472,1633 1473,1633 1473,1634 1474,1634 1473,1634 1473,1640 1472,1640 1472,1642 1471,1642 1471,1644 1470,1644 1470,1645 1469,1645 1469,1646 1468,1646 1468,1647 1467,1647 1467,1648 1466,1648 1466,1650 1465,1650 1465,1652 1463,1652 1463,1653 1462,1653 1462,1654 1461,1654 1461,1655 1459,1655 1459,1656 1457,1656 1457,1657 1455,1657 1455,1658 1452,1658 1452,1659 1450,1659 1450,1658 1234,1658 1234,1659 1234,1658 1233,1658 1233,1657 1234,1657 1234,1654 1235,1654 1235,1653 1236,1653 1236,1646 1237,1646 1237,1643 1238,1643 1238,1640 1239,1640 1239,1637 1240,1637 1240,1635 1241,1635 1241,1634 1242,1634 1242,1633 1256,1633 1256,1632 1280,1632 1280,1631 1376,1631 1376,1614 1377,1614 1377,1611 1379,1611 1379,1610"/>
	<TextEquiv>
	<Unicode>καταδεῖν</Unicode></TextEquiv></Word>
	<Word id="r221">
	<Coords points="1553,1611 1553,1612 1555,1612 1555,1614 1556,1614 1556,1616 1557,1616 1557,1632 1616,1632 1616,1633 1618,1633 1618,1634 1620,1634 1620,1636 1621,1636 1621,1638 1622,1638 1622,1639 1623,1639 1623,1640 1644,1640 1644,1641 1646,1641 1646,1644 1645,1644 1645,1645 1622,1645 1622,1648 1621,1648 1621,1651 1620,1651 1620,1652 1619,1652 1619,1654 1618,1654 1618,1655 1616,1655 1616,1656 1614,1656 1614,1657 1611,1657 1611,1658 1579,1658 1579,1659 1542,1659 1542,1658 1505,1658 1505,1657 1503,1657 1503,1656 1502,1656 1502,1655 1501,1655 1501,1653 1500,1653 1500,1648 1501,1648 1501,1643 1502,1643 1502,1642 1503,1642 1503,1640 1504,1640 1504,1639 1505,1639 1505,1637 1506,1637 1506,1636 1507,1636 1507,1635 1508,1635 1508,1634 1510,1634 1510,1633 1512,1633 1512,1632 1547,1632 1547,1612 1548,1612 1548,1611"/>
	<TextEquiv>
	<Unicode>αὐτο-</Unicode></TextEquiv></Word>
	<TextEquiv>
	<Unicode>ἔστησεν ὀπίσω· οὐ γὰρ ἐδοκίμαζε καταδεῖν αὐτο-</Unicode></TextEquiv></TextLine>
	<TextLine id="r64">
	<Coords points="1338,1677 1338,1678 1339,1678 1339,1700 1457,1700 1457,1699 1503,1699 1503,1700 1609,1700 1609,1681 1610,1681 1610,1680 1616,1680 1616,1681 1617,1681 1617,1682 1618,1682 1618,1687 1619,1687 1619,1701 1645,1701 1645,1702 1646,1702 1646,1703 1647,1703 1647,1707 1646,1707 1646,1709 1645,1709 1645,1711 1644,1711 1644,1712 1643,1712 1643,1713 1642,1713 1642,1714 1641,1714 1641,1717 1640,1717 1640,1718 1639,1718 1639,1720 1638,1720 1638,1721 1637,1721 1637,1722 1635,1722 1635,1723 1634,1723 1634,1724 1632,1724 1632,1725 1630,1725 1630,1726 1628,1726 1628,1727 1625,1727 1625,1728 1622,1728 1622,1727 1494,1727 1494,1726 1376,1726 1376,1727 1013,1727 1013,1730 1012,1730 1012,1731 1011,1731 1011,1732 1010,1732 1010,1733 1009,1733 1009,1734 1007,1734 1007,1735 1004,1735 1004,1734 1003,1734 1003,1727 879,1727 879,1729 878,1729 878,1732 877,1732 877,1735 876,1735 876,1738 875,1738 875,1740 874,1740 874,1741 873,1741 873,1742 872,1742 872,1741 871,1741 871,1727 658,1727 658,1728 615,1728 615,1742 614,1742 614,1743 613,1743 613,1744 612,1744 612,1745 610,1745 610,1744 609,1744 609,1728 491,1728 491,1729 404,1729 404,1730 403,1730 403,1731 401,1731 401,1732 397,1732 397,1731 396,1731 396,1727 226,1727 226,1731 225,1731 225,1737 224,1737 224,1739 223,1739 223,1741 221,1741 221,1740 220,1740 220,1735 221,1735 221,1731 222,1731 222,1726 223,1726 223,1724 224,1724 224,1721 225,1721 225,1717 226,1717 226,1714 227,1714 227,1710 228,1710 228,1707 229,1707 229,1704 230,1704 230,1702 231,1702 231,1701 232,1701 232,1700 274,1700 274,1689 275,1689 275,1686 276,1686 276,1684 277,1684 277,1681 278,1681 278,1680 280,1680 280,1679 282,1679 282,1680 283,1680 283,1687 296,1687 296,1688 298,1688 298,1689 300,1689 300,1690 301,1690 301,1691 302,1691 302,1692 303,1692 303,1693 304,1693 304,1694 305,1694 305,1696 306,1696 306,1697 307,1697 307,1699 308,1699 308,1700 366,1700 366,1701 475,1701 475,1682 476,1682 476,1681 478,1681 478,1680 478,1681 480,1681 480,1682 481,1682 481,1683 585,1683 585,1681 587,1681 587,1680 587,1681 589,1681 589,1685 621,1685 621,1686 623,1686 623,1700 680,1700 680,1701 682,1701 682,1702 791,1702 791,1701 809,1701 809,1687 815,1687 815,1688 818,1688 818,1689 819,1689 819,1690 821,1690 821,1692 822,1692 822,1693 924,1693 924,1692 925,1692 925,1689 926,1689 926,1686 927,1686 927,1683 928,1683 928,1681 929,1681 929,1680 931,1680 931,1682 932,1682 932,1700 963,1700 963,1701 1079,1701 1079,1700 1110,1700 1110,1681 1112,1681 1112,1680 1138,1680 1138,1679 1141,1679 1141,1678 1141,1679 1335,1679 1335,1678 1336,1678 1336,1677"/>
	<Word id="r290">
	<Coords points="282,1679 282,1680 283,1680 283,1687 296,1687 296,1688 298,1688 298,1689 300,1689 300,1690 301,1690 301,1691 302,1691 302,1692 303,1692 303,1693 304,1693 304,1694 305,1694 305,1696 306,1696 306,1697 307,1697 307,1699 308,1699 308,1700 366,1700 366,1701 406,1701 406,1702 408,1702 408,1703 409,1703 409,1704 410,1704 410,1705 411,1705 411,1710 410,1710 410,1711 407,1711 407,1725 406,1725 406,1727 405,1727 405,1729 404,1729 404,1730 403,1730 403,1731 401,1731 401,1732 397,1732 397,1731 396,1731 396,1727 226,1727 226,1731 225,1731 225,1737 224,1737 224,1739 223,1739 223,1741 221,1741 221,1740 220,1740 220,1735 221,1735 221,1731 222,1731 222,1726 223,1726 223,1724 224,1724 224,1721 225,1721 225,1717 226,1717 226,1714 227,1714 227,1710 228,1710 228,1707 229,1707 229,1704 230,1704 230,1702 231,1702 231,1701 232,1701 232,1700 274,1700 274,1689 275,1689 275,1686 276,1686 276,1684 277,1684 277,1681 278,1681 278,1680 280,1680 280,1679"/>
	<TextEquiv>
	<Unicode>μόλους</Unicode></TextEquiv></Word>
	<Word id="r291">
	<Coords points="478,1681 480,1681 480,1682 481,1682 481,1683 482,1683 482,1684 483,1684 483,1686 484,1686 484,1701 512,1701 512,1702 513,1702 513,1703 514,1703 514,1707 513,1707 513,1708 512,1708 512,1712 511,1712 511,1714 510,1714 510,1716 509,1716 509,1717 508,1717 508,1718 507,1718 507,1719 506,1719 506,1720 505,1720 505,1721 504,1721 504,1722 502,1722 502,1723 501,1723 501,1724 500,1724 500,1725 499,1725 499,1726 497,1726 497,1727 493,1727 493,1728 491,1728 491,1729 490,1729 490,1728 488,1728 488,1727 469,1727 469,1726 467,1726 467,1725 466,1725 466,1724 464,1724 464,1722 463,1722 463,1718 462,1718 462,1713 463,1713 463,1711 464,1711 464,1709 465,1709 465,1707 466,1707 466,1706 467,1706 467,1705 468,1705 468,1704 469,1704 469,1703 470,1703 470,1702 474,1702 474,1701 475,1701 475,1682 476,1682 476,1681 478,1681 478,1680"/>
	<TextEquiv>
	<Unicode>ἐν</Unicode></TextEquiv></Word>
	<Word id="r292">
	<Coords points="587,1681 589,1681 589,1685 621,1685 621,1686 623,1686 623,1700 680,1700 680,1701 682,1701 682,1717 686,1717 686,1720 685,1720 685,1721 684,1721 684,1722 683,1722 683,1723 682,1723 682,1725 681,1725 681,1726 679,1726 679,1727 658,1727 658,1728 615,1728 615,1742 614,1742 614,1743 613,1743 613,1744 612,1744 612,1745 610,1745 610,1744 609,1744 609,1728 572,1728 572,1727 568,1727 568,1726 567,1726 567,1725 566,1725 566,1724 565,1724 565,1723 564,1723 564,1721 563,1721 563,1714 564,1714 564,1710 565,1710 565,1709 566,1709 566,1707 567,1707 567,1706 568,1706 568,1705 569,1705 569,1704 570,1704 570,1703 571,1703 571,1684 573,1684 573,1683 585,1683 585,1681 587,1681 587,1680"/>
	<TextEquiv>
	<Unicode>ὄψει</Unicode></TextEquiv></Word>
	<Word id="r293">
	<Coords points="931,1680 931,1682 932,1682 932,1700 963,1700 963,1701 999,1701 999,1702 1000,1702 1000,1703 1001,1703 1001,1719 1012,1719 1012,1720 1013,1720 1013,1721 1014,1721 1014,1723 1015,1723 1015,1724 1014,1724 1014,1726 1013,1726 1013,1730 1012,1730 1012,1731 1011,1731 1011,1732 1010,1732 1010,1733 1009,1733 1009,1734 1007,1734 1007,1735 1004,1735 1004,1734 1003,1734 1003,1727 879,1727 879,1729 878,1729 878,1732 877,1732 877,1735 876,1735 876,1738 875,1738 875,1740 874,1740 874,1741 873,1741 873,1742 872,1742 872,1741 871,1741 871,1727 746,1727 746,1726 744,1726 744,1712 737,1712 737,1706 738,1706 738,1705 739,1705 739,1704 741,1704 741,1703 743,1703 743,1702 791,1702 791,1701 809,1701 809,1687 815,1687 815,1688 818,1688 818,1689 819,1689 819,1690 821,1690 821,1692 822,1692 822,1693 924,1693 924,1692 925,1692 925,1689 926,1689 926,1686 927,1686 927,1683 928,1683 928,1681 929,1681 929,1680"/>
	<TextEquiv>
	<Unicode>πολεμίων,</Unicode></TextEquiv></Word>
	<Word id="r294">
	<Coords points="1141,1679 1171,1679 1171,1681 1172,1681 1172,1682 1173,1682 1173,1684 1174,1684 1174,1686 1175,1686 1175,1691 1176,1691 1176,1692 1177,1692 1177,1694 1178,1694 1178,1701 1179,1701 1179,1702 1180,1702 1180,1704 1179,1704 1179,1713 1178,1713 1178,1725 1177,1725 1177,1726 1176,1726 1176,1727 1076,1727 1076,1726 1073,1726 1073,1725 1071,1725 1071,1724 1070,1724 1070,1722 1069,1722 1069,1721 1068,1721 1068,1712 1069,1712 1069,1708 1070,1708 1070,1707 1071,1707 1071,1706 1072,1706 1072,1705 1073,1705 1073,1703 1074,1703 1074,1702 1076,1702 1076,1701 1079,1701 1079,1700 1110,1700 1110,1681 1112,1681 1112,1680 1138,1680 1138,1679 1141,1679 1141,1678"/>
	<TextEquiv>
	<Unicode>οὐδὲ</Unicode></TextEquiv></Word>
	<Word id="r295">
	<Coords points="1338,1677 1338,1678 1339,1678 1339,1700 1457,1700 1457,1699 1503,1699 1503,1700 1534,1700 1534,1701 1535,1701 1535,1709 1534,1709 1534,1712 1533,1712 1533,1713 1532,1713 1532,1714 1531,1714 1531,1716 1529,1716 1529,1718 1528,1718 1528,1719 1527,1719 1527,1720 1526,1720 1526,1721 1524,1721 1524,1722 1523,1722 1523,1723 1521,1723 1521,1724 1520,1724 1520,1725 1518,1725 1518,1726 1515,1726 1515,1727 1494,1727 1494,1726 1376,1726 1376,1727 1271,1727 1271,1725 1239,1725 1239,1724 1237,1724 1237,1723 1236,1723 1236,1721 1235,1721 1235,1702 1234,1702 1235,1702 1235,1701 1243,1701 1243,1682 1244,1682 1244,1681 1245,1681 1245,1680 1248,1680 1248,1679 1335,1679 1335,1678 1336,1678 1336,1677"/>
	<TextEquiv>
	<Unicode>ὑπώπτευεν</Unicode></TextEquiv></Word>
	<Word id="r296">
	<Coords points="1616,1680 1616,1681 1617,1681 1617,1682 1618,1682 1618,1687 1619,1687 1619,1701 1645,1701 1645,1702 1646,1702 1646,1703 1647,1703 1647,1707 1646,1707 1646,1709 1645,1709 1645,1711 1644,1711 1644,1712 1643,1712 1643,1713 1642,1713 1642,1714 1641,1714 1641,1717 1640,1717 1640,1718 1639,1718 1639,1720 1638,1720 1638,1721 1637,1721 1637,1722 1635,1722 1635,1723 1634,1723 1634,1724 1632,1724 1632,1725 1630,1725 1630,1726 1628,1726 1628,1727 1625,1727 1625,1728 1622,1728 1622,1727 1604,1727 1604,1726 1601,1726 1601,1725 1600,1725 1600,1724 1599,1724 1599,1723 1598,1723 1598,1721 1597,1721 1597,1719 1596,1719 1596,1712 1597,1712 1597,1709 1598,1709 1598,1708 1599,1708 1599,1706 1600,1706 1600,1705 1601,1705 1601,1704 1603,1704 1603,1703 1604,1703 1604,1702 1605,1702 1605,1701 1608,1701 1608,1700 1609,1700 1609,1681 1610,1681 1610,1680"/>
	<TextEquiv>
	<Unicode>ἐν</Unicode></TextEquiv></Word>
	<TextEquiv>
	<Unicode>μόλους ἐν ὄψει πολεμίων, οὐδὲ ὑπώπτευεν ἐν</Unicode></TextEquiv></TextLine>
	<TextLine id="r39">
	<Coords points="1552,1745 1555,1745 1555,1746 1557,1746 1557,1769 1604,1769 1604,1770 1622,1770 1622,1771 1624,1771 1624,1772 1625,1772 1625,1774 1626,1774 1626,1776 1627,1776 1627,1787 1642,1787 1642,1788 1644,1788 1644,1794 1643,1794 1643,1795 1642,1795 1642,1796 1609,1796 1609,1809 1608,1809 1608,1810 1606,1810 1606,1811 1601,1811 1601,1810 1600,1810 1600,1808 1599,1808 1599,1796 1497,1796 1497,1795 1387,1795 1387,1809 1386,1809 1386,1810 1385,1810 1385,1811 1383,1811 1383,1812 1378,1812 1378,1811 1377,1811 1377,1810 1376,1810 1376,1795 1343,1795 1343,1794 1233,1794 1233,1795 1230,1795 1230,1796 1147,1796 1147,1799 1146,1799 1146,1803 1145,1803 1145,1806 1144,1806 1144,1807 1143,1807 1143,1808 1140,1808 1140,1800 1025,1800 1025,1805 1024,1805 1024,1808 1023,1808 1023,1811 1020,1811 1020,1810 1019,1810 1019,1795 769,1795 769,1796 768,1796 768,1797 767,1797 767,1799 766,1799 766,1800 765,1800 765,1801 764,1801 764,1802 763,1802 763,1803 760,1803 760,1802 658,1802 658,1808 657,1808 657,1812 654,1812 654,1811 653,1811 653,1800 592,1800 592,1797 441,1797 441,1799 440,1799 440,1802 439,1802 439,1806 438,1806 438,1808 437,1808 437,1809 436,1809 436,1808 435,1808 435,1807 434,1807 434,1795 259,1795 259,1808 258,1808 258,1810 257,1810 257,1811 255,1811 255,1813 254,1813 254,1814 252,1814 252,1815 222,1815 222,1814 221,1814 221,1813 222,1813 222,1810 223,1810 223,1776 224,1776 224,1774 225,1774 225,1773 226,1773 226,1772 227,1772 227,1771 229,1771 229,1770 231,1770 231,1769 273,1769 273,1768 329,1768 329,1757 330,1757 330,1755 331,1755 331,1753 332,1753 332,1752 335,1752 335,1751 341,1751 341,1752 343,1752 343,1753 344,1753 344,1754 345,1754 345,1757 346,1757 346,1768 488,1768 488,1760 489,1760 489,1758 490,1758 490,1756 491,1756 491,1750 492,1750 492,1749 496,1749 496,1750 497,1750 497,1769 637,1769 637,1752 638,1752 638,1750 640,1750 640,1748 642,1748 642,1747 643,1747 643,1748 645,1748 645,1749 646,1749 646,1751 712,1751 712,1752 713,1752 713,1753 714,1753 714,1754 715,1754 715,1755 716,1755 716,1760 717,1760 717,1770 827,1770 827,1769 833,1769 833,1748 865,1748 865,1749 893,1749 893,1750 894,1750 894,1752 895,1752 895,1755 896,1755 896,1757 897,1757 897,1760 898,1760 898,1761 899,1761 899,1768 1059,1768 1059,1747 1060,1747 1060,1746 1063,1746 1063,1747 1143,1747 1143,1748 1219,1748 1219,1749 1221,1749 1221,1750 1222,1750 1222,1751 1223,1751 1223,1755 1224,1755 1224,1768 1389,1768 1389,1754 1390,1754 1390,1753 1391,1753 1391,1752 1392,1752 1392,1750 1395,1750 1395,1749 1419,1749 1419,1748 1420,1748 1420,1747 1422,1747 1422,1746 1424,1746 1424,1747 1427,1747 1427,1748 1429,1748 1429,1749 1430,1749 1430,1750 1431,1750 1431,1752 1433,1752 1433,1753 1434,1753 1434,1754 1435,1754 1435,1755 1436,1755 1436,1756 1437,1756 1437,1758 1438,1758 1438,1768 1546,1768 1546,1757 1547,1757 1547,1754 1548,1754 1548,1750 1549,1750 1549,1748 1550,1748 1550,1746 1552,1746"/>
	<Word id="r222">
	<Coords points="341,1751 341,1752 343,1752 343,1753 344,1753 344,1754 345,1754 345,1757 346,1757 346,1768 409,1768 409,1769 411,1769 411,1784 414,1784 414,1785 415,1785 415,1786 414,1786 414,1789 413,1789 413,1790 412,1790 412,1792 411,1792 411,1793 410,1793 410,1794 407,1794 407,1795 259,1795 259,1808 258,1808 258,1810 257,1810 257,1811 255,1811 255,1813 254,1813 254,1814 252,1814 252,1815 222,1815 222,1814 221,1814 221,1813 222,1813 222,1810 223,1810 223,1776 224,1776 224,1774 225,1774 225,1773 226,1773 226,1772 227,1772 227,1771 229,1771 229,1770 231,1770 231,1769 273,1769 273,1768 329,1768 329,1757 330,1757 330,1755 331,1755 331,1753 332,1753 332,1752 335,1752 335,1751"/>
	<TextEquiv>
	<Unicode>χιτῶσι</Unicode></TextEquiv></Word>
	<Word id="r223">
	<Coords points="496,1749 496,1750 497,1750 497,1769 575,1769 575,1770 596,1770 596,1771 600,1771 600,1772 602,1772 602,1773 604,1773 604,1774 605,1774 605,1778 604,1778 604,1779 600,1779 600,1797 599,1797 599,1798 598,1798 598,1799 596,1799 596,1800 592,1800 592,1797 441,1797 441,1799 440,1799 440,1802 439,1802 439,1806 438,1806 438,1808 437,1808 437,1809 436,1809 436,1808 435,1808 435,1807 434,1807 434,1806 435,1806 435,1802 436,1802 436,1799 437,1799 437,1794 438,1794 438,1792 439,1792 439,1788 440,1788 440,1786 441,1786 441,1783 442,1783 442,1778 443,1778 443,1774 444,1774 444,1772 445,1772 445,1770 447,1770 447,1769 488,1769 488,1760 489,1760 489,1758 490,1758 490,1756 491,1756 491,1750 492,1750 492,1749"/>
	<TextEquiv>
	<Unicode>μόνοις</Unicode></TextEquiv></Word>
	<Word id="r224">
	<Coords points="643,1747 643,1748 645,1748 645,1749 646,1749 646,1751 712,1751 712,1752 713,1752 713,1753 714,1753 714,1754 715,1754 715,1755 716,1755 716,1760 717,1760 717,1770 718,1770 718,1771 752,1771 752,1772 753,1772 753,1787 766,1787 766,1788 768,1788 768,1789 769,1789 769,1796 768,1796 768,1797 767,1797 767,1799 766,1799 766,1800 765,1800 765,1801 764,1801 764,1802 763,1802 763,1803 760,1803 760,1802 658,1802 658,1808 657,1808 657,1812 654,1812 654,1811 653,1811 653,1793 630,1793 630,1792 629,1792 629,1791 628,1791 628,1790 627,1790 627,1786 626,1786 626,1782 627,1782 627,1779 628,1779 628,1778 629,1778 629,1776 630,1776 630,1773 631,1773 631,1772 632,1772 632,1771 634,1771 634,1770 635,1770 635,1769 637,1769 637,1752 638,1752 638,1750 640,1750 640,1748 642,1748 642,1747"/>
	<TextEquiv>
	<Unicode>ὁρῶν,</Unicode></TextEquiv></Word>
	<Word id="r225">
	<Coords points="865,1748 865,1749 893,1749 893,1750 894,1750 894,1752 895,1752 895,1755 896,1755 896,1757 897,1757 897,1760 898,1760 898,1761 899,1761 899,1770 901,1770 901,1774 900,1774 900,1794 899,1794 899,1795 798,1795 798,1794 795,1794 795,1793 794,1793 794,1791 793,1791 793,1790 792,1790 792,1789 791,1789 791,1786 790,1786 790,1784 791,1784 791,1781 792,1781 792,1778 793,1778 793,1777 794,1777 794,1776 795,1776 795,1774 796,1774 796,1773 798,1773 798,1772 799,1772 799,1771 800,1771 800,1770 827,1770 827,1769 833,1769 833,1748"/>
	<TextEquiv>
	<Unicode>οὐδὲ</Unicode></TextEquiv></Word>
	<Word id="r226">
	<Coords points="1063,1746 1063,1747 1064,1747 1064,1749 1065,1749 1065,1750 1066,1750 1066,1753 1067,1753 1067,1755 1068,1755 1068,1758 1069,1758 1069,1768 1095,1768 1095,1769 1098,1769 1098,1770 1101,1770 1101,1771 1102,1771 1102,1772 1103,1772 1103,1773 1104,1773 1104,1777 1103,1777 1103,1778 1099,1778 1099,1794 1098,1794 1098,1796 1097,1796 1097,1797 1096,1797 1096,1798 1095,1798 1095,1799 1093,1799 1093,1800 1025,1800 1025,1805 1024,1805 1024,1808 1023,1808 1023,1811 1020,1811 1020,1810 1019,1810 1019,1795 933,1795 933,1794 932,1794 932,1790 933,1790 933,1789 934,1789 934,1785 935,1785 935,1782 936,1782 936,1779 937,1779 937,1775 938,1775 938,1772 939,1772 939,1771 940,1771 940,1770 941,1770 941,1769 956,1769 956,1768 1059,1768 1059,1747 1060,1747 1060,1746"/>
	<TextEquiv>
	<Unicode>καιρὸς</Unicode></TextEquiv></Word>
	<Word id="r227">
	<Coords points="1143,1747 1143,1748 1146,1748 1146,1749 1147,1749 1147,1750 1148,1750 1148,1751 1149,1751 1149,1752 1150,1752 1150,1754 1151,1754 1151,1768 1183,1768 1183,1769 1184,1769 1184,1770 1185,1770 1185,1775 1184,1775 1184,1777 1183,1777 1183,1780 1182,1780 1182,1781 1181,1781 1181,1783 1180,1783 1180,1784 1179,1784 1179,1785 1178,1785 1178,1786 1177,1786 1177,1788 1175,1788 1175,1789 1173,1789 1173,1790 1172,1790 1172,1791 1170,1791 1170,1792 1169,1792 1169,1793 1167,1793 1167,1794 1165,1794 1165,1795 1147,1795 1147,1799 1146,1799 1146,1803 1145,1803 1145,1806 1144,1806 1144,1807 1143,1807 1143,1808 1140,1808 1140,1792 1128,1792 1128,1791 1127,1791 1127,1775 1125,1775 1125,1772 1126,1772 1126,1771 1127,1771 1127,1770 1129,1770 1129,1769 1133,1769 1133,1752 1134,1752 1134,1750 1136,1750 1136,1749 1139,1749 1139,1748 1140,1748 1140,1747"/>
	<TextEquiv>
	<Unicode>ἦν</Unicode></TextEquiv></Word>
	<Word id="r228">
	<Coords points="1219,1748 1219,1749 1221,1749 1221,1750 1222,1750 1222,1751 1223,1751 1223,1755 1224,1755 1224,1769 1251,1769 1251,1770 1252,1770 1252,1774 1251,1774 1251,1778 1250,1778 1250,1780 1249,1780 1249,1781 1248,1781 1248,1782 1246,1782 1246,1785 1245,1785 1245,1787 1244,1787 1244,1788 1243,1788 1243,1789 1241,1789 1241,1790 1240,1790 1240,1791 1239,1791 1239,1792 1237,1792 1237,1793 1235,1793 1235,1794 1233,1794 1233,1795 1230,1795 1230,1796 1211,1796 1211,1795 1208,1795 1208,1794 1206,1794 1206,1793 1205,1793 1205,1792 1204,1792 1204,1790 1203,1790 1203,1788 1202,1788 1202,1784 1203,1784 1203,1780 1204,1780 1204,1777 1205,1777 1205,1776 1206,1776 1206,1774 1207,1774 1207,1773 1208,1773 1208,1772 1209,1772 1209,1771 1211,1771 1211,1770 1213,1770 1213,1769 1214,1769 1214,1751 1215,1751 1215,1750 1216,1750 1216,1749 1218,1749 1218,1748"/>
	<TextEquiv>
	<Unicode>ἐν</Unicode></TextEquiv></Word>
	<Word id="r229">
	<Coords points="1424,1746 1424,1747 1427,1747 1427,1748 1429,1748 1429,1749 1430,1749 1430,1750 1431,1750 1431,1752 1433,1752 1433,1753 1434,1753 1434,1754 1435,1754 1435,1755 1436,1755 1436,1756 1437,1756 1437,1758 1438,1758 1438,1768 1461,1768 1461,1769 1463,1769 1463,1771 1464,1771 1464,1772 1463,1772 1463,1773 1462,1773 1462,1774 1461,1774 1461,1793 1460,1793 1460,1794 1457,1794 1457,1795 1387,1795 1387,1809 1386,1809 1386,1810 1385,1810 1385,1811 1383,1811 1383,1812 1378,1812 1378,1811 1377,1811 1377,1810 1376,1810 1376,1795 1343,1795 1343,1794 1280,1794 1280,1793 1279,1793 1279,1777 1272,1777 1272,1776 1271,1776 1271,1773 1272,1773 1272,1771 1273,1771 1273,1770 1274,1770 1274,1769 1314,1769 1314,1768 1389,1768 1389,1754 1390,1754 1390,1753 1391,1753 1391,1752 1392,1752 1392,1750 1395,1750 1395,1749 1419,1749 1419,1748 1420,1748 1420,1747 1422,1747 1422,1746"/>
	<TextEquiv>
	<Unicode>τοσῷδε</Unicode></TextEquiv></Word>
	<Word id="r230">
	<Coords points="1555,1745 1555,1746 1557,1746 1557,1769 1604,1769 1604,1770 1622,1770 1622,1771 1624,1771 1624,1772 1625,1772 1625,1774 1626,1774 1626,1776 1627,1776 1627,1787 1642,1787 1642,1788 1644,1788 1644,1794 1643,1794 1643,1795 1642,1795 1642,1796 1609,1796 1609,1809 1608,1809 1608,1810 1606,1810 1606,1811 1601,1811 1601,1810 1600,1810 1600,1808 1599,1808 1599,1796 1497,1796 1497,1795 1496,1795 1496,1794 1495,1794 1495,1781 1490,1781 1490,1780 1489,1780 1489,1775 1490,1775 1490,1773 1491,1773 1491,1771 1492,1771 1492,1770 1502,1770 1502,1769 1546,1769 1546,1757 1547,1757 1547,1754 1548,1754 1548,1750 1549,1750 1549,1748 1550,1748 1550,1746 1552,1746 1552,1745"/>
	<TextEquiv>
	<Unicode>πόνῳ.</Unicode></TextEquiv></Word>
	<TextEquiv>
	<Unicode>χιτῶσι μόνοις ὁρῶν, οὐδὲ καιρὸς ἦν ἐν τοσῷδε πόνῳ.</Unicode></TextEquiv></TextLine>
	<TextLine id="r41">
	<Coords points="1535,1815 1536,1815 1536,1837 1595,1837 1595,1838 1645,1838 1645,1839 1646,1839 1646,1840 1647,1840 1647,1842 1646,1842 1646,1847 1645,1847 1645,1849 1644,1849 1644,1850 1643,1850 1643,1852 1642,1852 1642,1853 1641,1853 1641,1854 1640,1854 1640,1855 1639,1855 1639,1857 1637,1857 1637,1858 1636,1858 1636,1859 1635,1859 1635,1860 1634,1860 1634,1861 1633,1861 1633,1862 1631,1862 1631,1863 1628,1863 1628,1864 1626,1864 1626,1865 1560,1865 1560,1869 1559,1869 1559,1873 1558,1873 1558,1875 1557,1875 1557,1877 1555,1877 1555,1878 1451,1878 1451,1865 1366,1865 1366,1864 1239,1864 1239,1865 1238,1865 1238,1869 1237,1869 1237,1873 1236,1873 1236,1875 1235,1875 1235,1876 1233,1876 1233,1875 1232,1875 1232,1865 1201,1865 1201,1864 1003,1864 1003,1866 1002,1866 1002,1872 1001,1872 1001,1878 1000,1878 1000,1879 997,1879 997,1865 904,1865 904,1864 788,1864 788,1870 787,1870 787,1873 786,1873 786,1874 785,1874 785,1875 784,1875 784,1874 783,1874 783,1864 607,1864 607,1867 606,1867 606,1871 605,1871 605,1877 604,1877 604,1880 601,1880 601,1865 530,1865 530,1864 404,1864 404,1865 353,1865 353,1872 352,1872 352,1874 351,1874 351,1879 350,1879 350,1880 348,1880 348,1879 347,1879 347,1865 268,1865 268,1864 234,1864 234,1863 229,1863 229,1862 227,1862 227,1861 226,1861 226,1860 225,1860 225,1858 224,1858 224,1856 223,1856 223,1852 224,1852 224,1850 225,1850 225,1847 226,1847 226,1845 227,1845 227,1844 228,1844 228,1843 229,1843 229,1842 231,1842 231,1841 233,1841 233,1840 237,1840 237,1839 267,1839 267,1838 318,1838 318,1837 330,1837 330,1827 331,1827 331,1824 332,1824 332,1822 334,1822 334,1821 335,1821 335,1820 344,1820 344,1821 346,1821 346,1822 347,1822 347,1824 348,1824 348,1825 349,1825 349,1837 466,1837 466,1819 467,1819 467,1817 469,1817 469,1816 471,1816 471,1815 473,1815 473,1816 497,1816 497,1817 545,1817 545,1818 547,1818 547,1838 729,1838 729,1834 730,1834 730,1833 731,1833 731,1830 732,1830 732,1827 733,1827 733,1825 734,1825 734,1824 735,1824 735,1822 736,1822 736,1821 802,1821 802,1820 803,1820 803,1819 805,1819 805,1818 808,1818 808,1817 851,1817 851,1816 852,1816 852,1815 854,1815 854,1816 855,1816 855,1837 1013,1837 1013,1836 1016,1836 1016,1837 1235,1837 1235,1828 1236,1828 1236,1826 1237,1826 1237,1825 1238,1825 1238,1822 1239,1822 1239,1820 1240,1820 1240,1819 1241,1819 1241,1818 1242,1818 1242,1817 1243,1817 1243,1816 1245,1816 1245,1817 1246,1817 1246,1836 1316,1836 1316,1837 1450,1837 1450,1836 1452,1836 1452,1835 1459,1835 1459,1834 1460,1834 1460,1824 1461,1824 1461,1820 1462,1820 1462,1819 1529,1819 1529,1818 1530,1818 1530,1816 1532,1816 1532,1815 1535,1815 1535,1814"/>
	<Word id="r231">
	<Coords points="344,1820 344,1821 346,1821 346,1822 347,1822 347,1824 348,1824 348,1825 349,1825 349,1837 428,1837 428,1838 430,1838 430,1854 433,1854 433,1856 432,1856 432,1858 431,1858 431,1860 430,1860 430,1861 429,1861 429,1862 428,1862 428,1863 407,1863 407,1864 404,1864 404,1865 353,1865 353,1872 352,1872 352,1874 351,1874 351,1879 350,1879 350,1880 348,1880 348,1879 347,1879 347,1865 268,1865 268,1864 234,1864 234,1863 229,1863 229,1862 227,1862 227,1861 226,1861 226,1860 225,1860 225,1858 224,1858 224,1856 223,1856 223,1852 224,1852 224,1850 225,1850 225,1847 226,1847 226,1845 227,1845 227,1844 228,1844 228,1843 229,1843 229,1842 231,1842 231,1841 233,1841 233,1840 237,1840 237,1839 267,1839 267,1838 318,1838 318,1837 330,1837 330,1827 331,1827 331,1824 332,1824 332,1822 334,1822 334,1821 335,1821 335,1820"/>
	<TextEquiv>
	<Unicode>σπεῖραι</Unicode></TextEquiv></Word>
	<Word id="r232">
	<Coords points="473,1815 473,1816 497,1816 497,1817 498,1817 498,1818 499,1818 499,1820 500,1820 500,1826 499,1826 499,1828 498,1828 498,1829 497,1829 497,1831 485,1831 485,1853 484,1853 484,1855 483,1855 483,1857 482,1857 482,1859 481,1859 481,1860 479,1860 479,1861 478,1861 478,1862 474,1862 474,1863 473,1863 473,1864 468,1864 468,1863 466,1863 466,1862 465,1862 465,1861 464,1861 464,1860 462,1860 462,1858 461,1858 461,1857 460,1857 460,1854 459,1854 459,1853 460,1853 460,1849 461,1849 461,1846 462,1846 462,1845 463,1845 463,1844 464,1844 464,1843 465,1843 465,1842 466,1842 466,1819 467,1819 467,1817 469,1817 469,1816 471,1816 471,1815"/>
	<TextEquiv>
	<Unicode>δ᾽</Unicode></TextEquiv></Word>
	<Word id="r233">
	<Coords points="545,1817 545,1818 547,1818 547,1838 681,1838 681,1854 685,1854 685,1855 686,1855 686,1856 685,1856 685,1857 684,1857 684,1859 683,1859 683,1860 682,1860 682,1861 681,1861 681,1862 679,1862 679,1863 658,1863 658,1864 607,1864 607,1867 606,1867 606,1871 605,1871 605,1877 604,1877 604,1880 601,1880 601,1865 530,1865 530,1864 527,1864 527,1863 525,1863 525,1862 523,1862 523,1861 522,1861 522,1860 521,1860 521,1859 520,1859 520,1853 519,1853 519,1850 520,1850 520,1848 521,1848 521,1846 522,1846 522,1845 524,1845 524,1843 525,1843 525,1842 526,1842 526,1824 527,1824 527,1822 528,1822 528,1821 529,1821 529,1820 541,1820 541,1818 542,1818 542,1817"/>
	<TextEquiv>
	<Unicode>ἕτεραι</Unicode></TextEquiv></Word>
	<Word id="r234">
	<Coords points="854,1815 854,1816 855,1816 855,1837 890,1837 890,1838 926,1838 926,1839 927,1839 927,1845 926,1845 926,1847 925,1847 925,1849 924,1849 924,1851 923,1851 923,1853 922,1853 922,1854 921,1854 921,1855 920,1855 920,1856 919,1856 919,1857 918,1857 918,1858 917,1858 917,1859 916,1859 916,1860 914,1860 914,1861 913,1861 913,1862 910,1862 910,1863 908,1863 908,1864 906,1864 906,1865 904,1865 904,1864 788,1864 788,1870 787,1870 787,1873 786,1873 786,1874 785,1874 785,1875 784,1875 784,1874 783,1874 783,1864 719,1864 719,1863 714,1863 714,1862 716,1862 716,1861 719,1861 719,1860 720,1860 720,1859 721,1859 721,1856 722,1856 722,1854 723,1854 723,1852 724,1852 724,1848 725,1848 725,1845 726,1845 726,1843 727,1843 727,1841 728,1841 728,1840 729,1840 729,1834 730,1834 730,1833 731,1833 731,1830 732,1830 732,1827 733,1827 733,1825 734,1825 734,1824 735,1824 735,1822 736,1822 736,1821 802,1821 802,1820 803,1820 803,1819 805,1819 805,1818 808,1818 808,1817 851,1817 851,1816 852,1816 852,1815"/>
	<TextEquiv>
	<Unicode>Λιβύων</Unicode></TextEquiv></Word>
	<Word id="r235">
	<Coords points="1245,1816 1245,1817 1246,1817 1246,1836 1316,1836 1316,1837 1405,1837 1405,1838 1407,1838 1407,1839 1408,1839 1408,1840 1409,1840 1409,1841 1410,1841 1410,1844 1411,1844 1411,1846 1412,1846 1412,1848 1411,1848 1411,1852 1410,1852 1410,1855 1409,1855 1409,1857 1408,1857 1408,1859 1407,1859 1407,1860 1406,1860 1406,1861 1404,1861 1404,1862 1402,1862 1402,1863 1399,1863 1399,1864 1368,1864 1368,1865 1366,1865 1366,1864 1239,1864 1239,1865 1238,1865 1238,1869 1237,1869 1237,1873 1236,1873 1236,1875 1235,1875 1235,1876 1233,1876 1233,1875 1232,1875 1232,1865 1201,1865 1201,1864 1003,1864 1003,1866 1002,1866 1002,1872 1001,1872 1001,1878 1000,1878 1000,1879 997,1879 997,1864 976,1864 976,1863 961,1863 961,1848 955,1848 955,1841 956,1841 956,1839 957,1839 957,1838 976,1838 976,1837 1013,1837 1013,1836 1016,1836 1016,1837 1235,1837 1235,1828 1236,1828 1236,1826 1237,1826 1237,1825 1238,1825 1238,1822 1239,1822 1239,1820 1240,1820 1240,1819 1241,1819 1241,1818 1242,1818 1242,1817 1243,1817 1243,1816"/>
	<TextEquiv>
	<Unicode>προσεποιήσαντο</Unicode></TextEquiv></Word>
	<Word id="r236">
	<Coords points="1535,1815 1536,1815 1536,1837 1595,1837 1595,1838 1645,1838 1645,1839 1646,1839 1646,1840 1647,1840 1647,1842 1646,1842 1646,1847 1645,1847 1645,1849 1644,1849 1644,1850 1643,1850 1643,1852 1642,1852 1642,1853 1641,1853 1641,1854 1640,1854 1640,1855 1639,1855 1639,1857 1637,1857 1637,1858 1636,1858 1636,1859 1635,1859 1635,1860 1634,1860 1634,1861 1633,1861 1633,1862 1631,1862 1631,1863 1628,1863 1628,1864 1626,1864 1626,1865 1560,1865 1560,1869 1559,1869 1559,1873 1558,1873 1558,1875 1557,1875 1557,1877 1555,1877 1555,1878 1451,1878 1451,1861 1449,1861 1449,1860 1448,1860 1448,1859 1446,1859 1446,1858 1444,1858 1444,1857 1443,1857 1443,1855 1442,1855 1442,1854 1441,1854 1441,1851 1440,1851 1440,1848 1441,1848 1441,1844 1442,1844 1442,1843 1443,1843 1443,1841 1444,1841 1444,1840 1445,1840 1445,1839 1446,1839 1446,1838 1448,1838 1448,1837 1450,1837 1450,1836 1452,1836 1452,1835 1459,1835 1459,1834 1460,1834 1460,1824 1461,1824 1461,1820 1462,1820 1462,1819 1529,1819 1529,1818 1530,1818 1530,1816 1532,1816 1532,1815 1535,1815 1535,1814"/>
	<TextEquiv>
	<Unicode>φεύγειν</Unicode></TextEquiv></Word>
	<TextEquiv>
	<Unicode>σπεῖραι δ᾽ ἕτεραι Λιβύων προσεποιήσαντο φεύγειν</Unicode></TextEquiv></TextLine>
	<TextLine id="r43">
	<Coords points="1208,1883 1210,1883 1210,1884 1211,1884 1211,1905 1278,1905 1278,1906 1279,1906 1279,1910 1382,1910 1382,1909 1385,1909 1385,1908 1388,1908 1388,1907 1396,1907 1396,1906 1427,1906 1427,1898 1428,1898 1428,1896 1429,1896 1429,1894 1430,1894 1430,1893 1431,1893 1431,1892 1432,1892 1432,1890 1433,1890 1433,1888 1434,1888 1434,1886 1435,1886 1435,1885 1436,1885 1436,1884 1440,1884 1440,1886 1515,1886 1515,1887 1517,1887 1517,1888 1518,1888 1518,1889 1519,1889 1519,1890 1520,1890 1520,1891 1557,1891 1557,1892 1561,1892 1561,1893 1563,1893 1563,1894 1565,1894 1565,1895 1566,1895 1566,1896 1567,1896 1567,1897 1568,1897 1568,1898 1569,1898 1569,1900 1570,1900 1570,1902 1571,1902 1571,1904 1572,1904 1572,1905 1607,1905 1607,1906 1610,1906 1610,1907 1646,1907 1646,1914 1645,1914 1645,1916 1644,1916 1644,1917 1643,1917 1643,1919 1642,1919 1642,1921 1641,1921 1641,1923 1640,1923 1640,1924 1639,1924 1639,1925 1637,1925 1637,1927 1635,1927 1635,1928 1634,1928 1634,1929 1633,1929 1633,1930 1630,1930 1630,1931 1628,1931 1628,1932 1626,1932 1626,1933 1622,1933 1622,1932 1487,1932 1487,1936 1486,1936 1486,1938 1485,1938 1485,1942 1484,1942 1484,1943 1447,1943 1447,1945 1443,1945 1443,1932 1423,1932 1423,1931 1298,1931 1298,1932 1297,1932 1297,1933 1236,1933 1236,1936 1235,1936 1235,1941 1234,1941 1234,1943 1233,1943 1233,1945 1232,1945 1232,1946 1228,1946 1228,1944 1152,1944 1152,1932 1035,1932 1035,1933 977,1933 977,1941 976,1941 976,1943 975,1943 975,1944 974,1944 974,1945 972,1945 972,1946 970,1946 970,1947 963,1947 963,1946 962,1946 962,1945 961,1945 961,1944 960,1944 960,1933 641,1933 641,1936 640,1936 640,1937 639,1937 639,1939 637,1939 637,1940 634,1940 634,1941 634,1940 532,1940 532,1945 531,1945 531,1948 530,1948 530,1949 529,1949 529,1948 528,1948 528,1947 527,1947 527,1933 413,1933 413,1932 305,1932 305,1933 304,1933 304,1937 303,1937 303,1938 302,1938 302,1946 301,1946 301,1947 300,1947 300,1948 292,1948 292,1949 291,1949 291,1950 290,1950 290,1951 287,1951 287,1952 285,1952 285,1951 260,1951 260,1950 259,1950 259,1931 228,1931 228,1930 226,1930 226,1927 225,1927 225,1925 224,1925 224,1919 225,1919 225,1916 226,1916 226,1914 227,1914 227,1912 228,1912 228,1911 229,1911 229,1910 230,1910 230,1909 231,1909 231,1908 233,1908 233,1907 236,1907 236,1887 237,1887 237,1886 249,1886 249,1885 250,1885 250,1884 254,1884 254,1885 255,1885 255,1905 419,1905 419,1893 420,1893 420,1892 421,1892 421,1891 422,1891 422,1890 423,1890 423,1889 429,1889 429,1888 511,1888 511,1886 512,1886 512,1885 513,1885 513,1884 516,1884 516,1885 518,1885 518,1886 519,1886 519,1888 520,1888 520,1889 584,1889 584,1890 586,1890 586,1891 588,1891 588,1892 589,1892 589,1893 590,1893 590,1895 591,1895 591,1907 736,1907 736,1906 806,1906 806,1893 808,1893 808,1892 944,1892 944,1891 945,1891 945,1889 946,1889 946,1888 947,1888 947,1887 948,1887 948,1886 969,1886 969,1885 971,1885 971,1886 973,1886 973,1891 984,1891 984,1892 986,1892 986,1906 1108,1906 1108,1905 1200,1905 1200,1899 1201,1899 1201,1897 1202,1897 1202,1894 1203,1894 1203,1891 1204,1891 1204,1889 1205,1889 1205,1886 1206,1886 1206,1884 1208,1884"/>
	<Word id="r237">
	<Coords points="254,1884 254,1885 255,1885 255,1905 342,1905 342,1906 343,1906 343,1922 347,1922 347,1924 346,1924 346,1925 345,1925 345,1927 344,1927 344,1928 343,1928 343,1930 341,1930 341,1931 339,1931 339,1932 305,1932 305,1933 304,1933 304,1937 303,1937 303,1938 302,1938 302,1946 301,1946 301,1947 300,1947 300,1948 292,1948 292,1949 291,1949 291,1950 290,1950 290,1951 287,1951 287,1952 285,1952 285,1951 260,1951 260,1950 259,1950 259,1931 228,1931 228,1930 226,1930 226,1927 225,1927 225,1925 224,1925 224,1919 225,1919 225,1916 226,1916 226,1914 227,1914 227,1912 228,1912 228,1911 229,1911 229,1910 230,1910 230,1909 231,1909 231,1908 233,1908 233,1907 236,1907 236,1887 237,1887 237,1886 249,1886 249,1885 250,1885 250,1884"/>
	<TextEquiv>
	<Unicode>ἄχρι</Unicode></TextEquiv></Word>
	<Word id="r238">
	<Coords points="431,1888 431,1889 434,1889 434,1890 435,1890 435,1892 436,1892 436,1894 437,1894 437,1908 473,1908 473,1915 472,1915 472,1916 471,1916 471,1918 470,1918 470,1920 469,1920 469,1921 468,1921 468,1922 467,1922 467,1924 465,1924 465,1925 464,1925 464,1926 463,1926 463,1927 462,1927 462,1928 458,1928 458,1930 457,1930 457,1931 455,1931 455,1932 454,1932 454,1933 413,1933 413,1932 384,1932 384,1931 383,1931 383,1916 375,1916 375,1914 374,1914 374,1913 375,1913 375,1910 376,1910 376,1908 377,1908 377,1907 379,1907 379,1906 419,1906 419,1893 420,1893 420,1892 421,1892 421,1891 422,1891 422,1890 423,1890 423,1889 429,1889 429,1888"/>
	<TextEquiv>
	<Unicode>τῶν</Unicode></TextEquiv></Word>
	<Word id="r239">
	<Coords points="516,1884 516,1885 518,1885 518,1886 519,1886 519,1888 520,1888 520,1889 584,1889 584,1890 586,1890 586,1891 588,1891 588,1892 589,1892 589,1893 590,1893 590,1895 591,1895 591,1907 613,1907 613,1908 627,1908 627,1909 628,1909 628,1924 640,1924 640,1925 642,1925 642,1926 643,1926 643,1932 642,1932 642,1933 641,1933 641,1936 640,1936 640,1937 639,1937 639,1939 637,1939 637,1940 634,1940 634,1941 634,1940 532,1940 532,1945 531,1945 531,1948 530,1948 530,1949 529,1949 529,1948 528,1948 528,1947 527,1947 527,1933 509,1933 509,1932 507,1932 507,1931 505,1931 505,1930 503,1930 503,1929 502,1929 502,1927 501,1927 501,1918 502,1918 502,1915 503,1915 503,1914 504,1914 504,1912 505,1912 505,1911 506,1911 506,1910 507,1910 507,1909 509,1909 509,1908 510,1908 510,1907 511,1907 511,1886 512,1886 512,1885 513,1885 513,1884"/>
	<TextEquiv>
	<Unicode>ὀρῶν,</Unicode></TextEquiv></Word>
	<Word id="r240">
	<Coords points="971,1885 971,1886 973,1886 973,1891 984,1891 984,1892 986,1892 986,1906 1108,1906 1108,1905 1111,1905 1111,1906 1112,1906 1112,1921 1114,1921 1114,1922 1116,1922 1116,1923 1115,1923 1115,1926 1114,1926 1114,1927 1113,1927 1113,1929 1112,1929 1112,1930 1111,1930 1111,1931 1107,1931 1107,1932 1035,1932 1035,1933 977,1933 977,1941 976,1941 976,1943 975,1943 975,1944 974,1944 974,1945 972,1945 972,1946 970,1946 970,1947 963,1947 963,1946 962,1946 962,1945 961,1945 961,1944 960,1944 960,1933 680,1933 680,1932 679,1932 679,1931 677,1931 677,1930 676,1930 676,1929 675,1929 675,1927 674,1927 674,1925 673,1925 673,1921 674,1921 674,1918 675,1918 675,1916 676,1916 676,1914 677,1914 677,1913 678,1913 678,1912 680,1912 680,1911 681,1911 681,1910 683,1910 683,1909 691,1909 691,1908 696,1908 696,1907 736,1907 736,1906 806,1906 806,1893 808,1893 808,1892 944,1892 944,1891 945,1891 945,1889 946,1889 946,1888 947,1888 947,1887 948,1887 948,1886 969,1886 969,1885"/>
	<TextEquiv>
	<Unicode>συναλαλάξασαι</Unicode></TextEquiv></Word>
	<Word id="r241">
	<Coords points="1210,1883 1210,1884 1211,1884 1211,1905 1278,1905 1278,1906 1279,1906 1279,1922 1282,1922 1282,1924 1297,1924 1297,1925 1298,1925 1298,1927 1299,1927 1299,1929 1298,1929 1298,1932 1297,1932 1297,1933 1236,1933 1236,1936 1235,1936 1235,1941 1234,1941 1234,1943 1233,1943 1233,1945 1232,1945 1232,1946 1228,1946 1228,1944 1152,1944 1152,1940 1153,1940 1153,1937 1154,1937 1154,1934 1155,1934 1155,1928 1156,1928 1156,1925 1157,1925 1157,1923 1158,1923 1158,1920 1159,1920 1159,1917 1161,1917 1161,1909 1162,1909 1162,1907 1163,1907 1163,1906 1200,1906 1200,1899 1201,1899 1201,1897 1202,1897 1202,1894 1203,1894 1203,1891 1204,1891 1204,1889 1205,1889 1205,1886 1206,1886 1206,1884 1208,1884 1208,1883"/>
	<TextEquiv>
	<Unicode>μέγα.</Unicode></TextEquiv></Word>
	<Word id="r242">
	<Coords points="1440,1884 1440,1886 1515,1886 1515,1887 1517,1887 1517,1888 1518,1888 1518,1889 1519,1889 1519,1890 1520,1890 1520,1891 1557,1891 1557,1892 1561,1892 1561,1893 1563,1893 1563,1894 1565,1894 1565,1895 1566,1895 1566,1896 1567,1896 1567,1897 1568,1897 1568,1898 1569,1898 1569,1900 1570,1900 1570,1902 1571,1902 1571,1904 1572,1904 1572,1905 1607,1905 1607,1906 1610,1906 1610,1907 1646,1907 1646,1914 1645,1914 1645,1916 1644,1916 1644,1917 1643,1917 1643,1919 1642,1919 1642,1921 1641,1921 1641,1923 1640,1923 1640,1924 1639,1924 1639,1925 1637,1925 1637,1927 1635,1927 1635,1928 1634,1928 1634,1929 1633,1929 1633,1930 1630,1930 1630,1931 1628,1931 1628,1932 1626,1932 1626,1933 1622,1933 1622,1932 1487,1932 1487,1936 1486,1936 1486,1938 1485,1938 1485,1942 1484,1942 1484,1943 1447,1943 1447,1945 1443,1945 1443,1932 1423,1932 1423,1931 1381,1931 1381,1930 1379,1930 1379,1929 1378,1929 1378,1928 1377,1928 1377,1927 1376,1927 1376,1925 1375,1925 1375,1924 1374,1924 1374,1920 1375,1920 1375,1917 1376,1917 1376,1915 1377,1915 1377,1913 1378,1913 1378,1912 1379,1912 1379,1911 1380,1911 1380,1910 1382,1910 1382,1909 1385,1909 1385,1908 1388,1908 1388,1907 1396,1907 1396,1906 1427,1906 1427,1898 1428,1898 1428,1896 1429,1896 1429,1894 1430,1894 1430,1893 1431,1893 1431,1892 1432,1892 1432,1890 1433,1890 1433,1888 1434,1888 1434,1886 1435,1886 1435,1885 1436,1885 1436,1884"/>
	<TextEquiv>
	<Unicode>σύμβολον</Unicode></TextEquiv></Word>
	<TextEquiv>
	<Unicode>ἄχρι τῶν ὀρῶν, συναλαλάξασαι μέγα. σύμβολον</Unicode></TextEquiv></TextLine>
	<TextLine id="r44">
	<Coords points="1084,1951 1086,1951 1086,1952 1087,1952 1087,1974 1201,1974 1201,1972 1202,1972 1202,1959 1203,1959 1203,1957 1205,1957 1205,1956 1206,1956 1206,1955 1209,1955 1209,1954 1211,1954 1211,1959 1223,1959 1223,1960 1224,1960 1224,1962 1225,1962 1225,1973 1420,1973 1420,1974 1531,1974 1531,1968 1532,1968 1532,1966 1533,1966 1533,1962 1534,1962 1534,1960 1535,1960 1535,1957 1536,1957 1536,1955 1537,1955 1537,1953 1538,1953 1538,1952 1540,1952 1540,1951 1541,1951 1541,1952 1542,1952 1542,1953 1543,1953 1543,1973 1613,1973 1613,1974 1641,1974 1641,1975 1642,1975 1642,1976 1644,1976 1644,1978 1645,1978 1645,1982 1644,1982 1644,1983 1642,1983 1642,2000 1641,2000 1641,2002 1640,2002 1640,2003 1638,2003 1638,2004 1637,2004 1637,2005 1632,2005 1632,2001 1489,2001 1489,2002 1488,2002 1488,2003 1487,2003 1487,2010 1486,2010 1486,2013 1485,2013 1485,2015 1382,2015 1382,2016 1380,2016 1380,2000 1215,2000 1215,2010 1214,2010 1214,2011 1213,2011 1213,2012 1212,2012 1212,2013 1210,2013 1210,2014 1206,2014 1206,2015 1094,2015 1094,2016 1093,2016 1093,2017 1027,2017 1027,2018 1026,2018 1026,2019 1026,2018 1024,2018 1024,2016 1023,2016 1023,2006 959,2006 959,2005 958,2005 958,2002 719,2002 719,2003 718,2003 718,2004 716,2004 716,2005 714,2005 714,2006 710,2006 710,2002 570,2002 570,2004 569,2004 569,2007 568,2007 568,2010 567,2010 567,2012 566,2012 566,2013 565,2013 565,2014 562,2014 562,2012 420,2012 420,2013 319,2013 319,2014 319,2013 317,2013 317,2001 230,2001 230,2000 229,2000 229,1999 227,1999 227,1998 226,1998 226,1996 225,1996 225,1994 224,1994 224,1992 223,1992 223,1987 224,1987 224,1983 225,1983 225,1981 226,1981 226,1980 227,1980 227,1979 228,1979 228,1956 229,1956 229,1954 230,1954 230,1953 232,1953 232,1952 257,1952 257,1953 322,1953 322,1954 424,1954 424,1955 425,1955 425,1956 557,1956 557,1954 559,1954 559,1953 559,1954 561,1954 561,1956 562,1956 562,1958 563,1958 563,1961 564,1961 564,1963 565,1963 565,1965 566,1965 566,1968 567,1968 567,1975 684,1975 684,1964 685,1964 685,1961 686,1961 686,1960 687,1960 687,1959 688,1959 688,1958 690,1958 690,1957 782,1957 782,1955 785,1955 785,1954 787,1954 787,1955 789,1955 789,1957 790,1957 790,1958 791,1958 791,1975 906,1975 906,1974 930,1974 930,1964 931,1964 931,1961 932,1961 932,1960 933,1960 933,1959 934,1959 934,1958 937,1958 937,1957 1080,1957 1080,1956 1081,1956 1081,1954 1082,1954 1082,1953 1083,1953 1083,1952 1084,1952"/>
	<Word id="r243">
	<Coords points="257,1952 257,1953 258,1953 258,1954 259,1954 259,1955 261,1955 261,1957 262,1957 262,1962 261,1962 261,1965 260,1965 260,1966 259,1966 259,1967 257,1967 257,1968 248,1968 248,1991 247,1991 247,1993 246,1993 246,1994 245,1994 245,1996 244,1996 244,1997 243,1997 243,1998 242,1998 242,1999 241,1999 241,2000 239,2000 239,2001 230,2001 230,2000 229,2000 229,1999 227,1999 227,1998 226,1998 226,1996 225,1996 225,1994 224,1994 224,1992 223,1992 223,1987 224,1987 224,1983 225,1983 225,1981 226,1981 226,1980 227,1980 227,1979 228,1979 228,1956 229,1956 229,1954 230,1954 230,1953 232,1953 232,1952"/>
	<TextEquiv>
	<Unicode>δ᾽</Unicode></TextEquiv></Word>
	<Word id="r244">
	<Coords points="322,1953 322,1954 323,1954 323,1955 326,1955 326,1956 327,1956 327,1959 328,1959 328,1975 361,1975 361,1978 362,1978 362,1979 361,1979 361,1984 360,1984 360,1985 359,1985 359,1987 358,1987 358,1988 357,1988 357,1990 356,1990 356,1991 355,1991 355,1992 354,1992 354,1993 353,1993 353,1994 352,1994 352,1995 351,1995 351,1996 349,1996 349,1997 347,1997 347,1998 346,1998 346,1999 343,1999 343,2000 339,2000 339,2001 325,2001 325,2004 324,2004 324,2007 323,2007 323,2010 322,2010 322,2013 319,2013 319,2014 319,2013 317,2013 317,1998 305,1998 305,1982 301,1982 301,1979 302,1979 302,1978 303,1978 303,1976 305,1976 305,1975 306,1975 306,1974 310,1974 310,1958 311,1958 311,1957 312,1957 312,1955 314,1955 314,1954 316,1954 316,1953"/>
	<TextEquiv>
	<Unicode>ἦν</Unicode></TextEquiv></Word>
	<Word id="r245">
	<Coords points="424,1954 424,1955 425,1955 425,1956 426,1956 426,1976 427,1976 427,1977 428,1977 428,1978 429,1978 429,1985 428,1985 428,1990 427,1990 427,1992 426,1992 426,1996 425,1996 425,2000 424,2000 424,2003 423,2003 423,2007 422,2007 422,2009 421,2009 421,2012 420,2012 420,2013 418,2013 418,2012 416,2012 416,1998 405,1998 405,1997 404,1997 404,1983 402,1983 402,1982 401,1982 401,1981 402,1981 402,1980 403,1980 403,1978 404,1978 404,1977 405,1977 405,1976 408,1976 408,1975 416,1975 416,1957 417,1957 417,1956 418,1956 418,1955 419,1955 419,1954"/>
	<TextEquiv>
	<Unicode>ἡ</Unicode></TextEquiv></Word>
	<Word id="r246">
	<Coords points="559,1954 561,1954 561,1956 562,1956 562,1958 563,1958 563,1961 564,1961 564,1963 565,1963 565,1965 566,1965 566,1968 567,1968 567,1975 570,1975 570,1976 572,1976 572,1977 573,1977 573,1978 574,1978 574,1979 575,1979 575,1988 574,1988 574,1991 573,1991 573,1993 572,1993 572,1997 571,1997 571,2001 570,2001 570,2004 569,2004 569,2007 568,2007 568,2010 567,2010 567,2012 566,2012 566,2013 565,2013 565,2014 562,2014 562,2012 474,2012 474,2011 473,2011 473,2008 474,2008 474,2004 475,2004 475,2001 476,2001 476,2000 477,2000 477,1994 478,1994 478,1991 479,1991 479,1988 480,1988 480,1985 481,1985 481,1980 482,1980 482,1978 483,1978 483,1975 484,1975 484,1973 485,1973 485,1970 486,1970 486,1968 487,1968 487,1965 488,1965 488,1963 489,1963 489,1962 490,1962 490,1961 491,1961 491,1959 493,1959 493,1958 494,1958 494,1957 496,1957 496,1956 557,1956 557,1954 559,1954 559,1953"/>
	<TextEquiv>
	<Unicode>βοὴ</Unicode></TextEquiv></Word>
	<Word id="r247">
	<Coords points="698,1957 698,1958 699,1958 699,1959 700,1959 700,1960 701,1960 701,1961 702,1961 702,1962 703,1962 703,1974 717,1974 717,1975 719,1975 719,1976 722,1976 722,1977 724,1977 724,1978 725,1978 725,1980 726,1980 726,1981 725,1981 725,1983 724,1983 724,1984 721,1984 721,1999 720,1999 720,2001 719,2001 719,2003 718,2003 718,2004 716,2004 716,2005 714,2005 714,2006 710,2006 710,2002 630,2002 630,2001 629,2001 629,1986 621,1986 621,1980 622,1980 622,1978 623,1978 623,1977 625,1977 625,1976 664,1976 664,1975 684,1975 684,1964 685,1964 685,1961 686,1961 686,1960 687,1960 687,1959 688,1959 688,1958 690,1958 690,1957"/>
	<TextEquiv>
	<Unicode>τοῖς</Unicode></TextEquiv></Word>
	<Word id="r248">
	<Coords points="787,1954 787,1955 789,1955 789,1957 790,1957 790,1958 791,1958 791,1976 820,1976 820,1977 821,1977 821,1981 820,1981 820,1983 819,1983 819,1986 818,1986 818,1988 817,1988 817,1989 816,1989 816,1990 815,1990 815,1992 814,1992 814,1993 813,1993 813,1994 812,1994 812,1995 811,1995 811,1996 810,1996 810,1997 809,1997 809,1998 807,1998 807,1999 805,1999 805,2000 804,2000 804,2001 801,2001 801,2002 796,2002 796,2001 778,2001 778,2000 775,2000 775,1999 773,1999 773,1998 772,1998 772,1997 771,1997 771,1995 770,1995 770,1993 769,1993 769,1987 770,1987 770,1983 771,1983 771,1982 772,1982 772,1980 773,1980 773,1979 774,1979 774,1978 776,1978 776,1977 777,1977 777,1976 779,1976 779,1975 782,1975 782,1955 785,1955 785,1954"/>
	<TextEquiv>
	<Unicode>ἐν</Unicode></TextEquiv></Word>
	<Word id="r249">
	<Coords points="941,1957 941,1958 944,1958 944,1959 946,1959 946,1961 947,1961 947,1965 948,1965 948,1974 967,1974 967,1975 969,1975 969,1976 971,1976 971,1978 972,1978 972,1979 973,1979 973,1983 972,1983 972,1984 969,1984 969,2000 968,2000 968,2001 967,2001 967,2003 965,2003 965,2004 964,2004 964,2005 962,2005 962,2006 959,2006 959,2005 958,2005 958,2002 870,2002 870,2000 869,2000 869,1986 862,1986 862,1985 861,1985 861,1979 862,1979 862,1977 864,1977 864,1976 868,1976 868,1975 906,1975 906,1974 930,1974 930,1964 931,1964 931,1961 932,1961 932,1960 933,1960 933,1959 934,1959 934,1958 937,1958 937,1957"/>
	<TextEquiv>
	<Unicode>ταῖς</Unicode></TextEquiv></Word>
	<Word id="r250">
	<Coords points="1086,1951 1086,1952 1087,1952 1087,1974 1201,1974 1201,1972 1202,1972 1202,1959 1203,1959 1203,1957 1205,1957 1205,1956 1206,1956 1206,1955 1209,1955 1209,1954 1211,1954 1211,1959 1223,1959 1223,1960 1224,1960 1224,1962 1225,1962 1225,1973 1239,1973 1239,1974 1240,1974 1240,1975 1241,1975 1241,1989 1242,1989 1242,1990 1243,1990 1243,1994 1242,1994 1242,1995 1241,1995 1241,1996 1240,1996 1240,1997 1239,1997 1239,1998 1238,1998 1238,1999 1237,1999 1237,2000 1215,2000 1215,2010 1214,2010 1214,2011 1213,2011 1213,2012 1212,2012 1212,2013 1210,2013 1210,2014 1206,2014 1206,2015 1094,2015 1094,2016 1093,2016 1093,2017 1027,2017 1027,2018 1026,2018 1026,2019 1026,2018 1024,2018 1024,2016 1023,2016 1023,2000 1021,2000 1021,1999 1019,1999 1019,1998 1018,1998 1018,1997 1017,1997 1017,1996 1016,1996 1016,1995 1015,1995 1015,1993 1014,1993 1014,1989 1013,1989 1013,1985 1014,1985 1014,1983 1015,1983 1015,1981 1016,1981 1016,1979 1018,1979 1018,1978 1019,1978 1019,1977 1020,1977 1020,1976 1022,1976 1022,1975 1026,1975 1026,1974 1032,1974 1032,1973 1033,1973 1033,1963 1034,1963 1034,1959 1035,1959 1035,1958 1036,1958 1036,1957 1080,1957 1080,1956 1081,1956 1081,1954 1082,1954 1082,1953 1083,1953 1083,1952 1084,1952 1084,1951"/>
	<TextEquiv>
	<Unicode>φάραγξι</Unicode></TextEquiv></Word>
	<Word id="r251">
	<Coords points="1541,1951 1541,1952 1542,1952 1542,1953 1543,1953 1543,1973 1613,1973 1613,1974 1641,1974 1641,1975 1642,1975 1642,1976 1644,1976 1644,1978 1645,1978 1645,1982 1644,1982 1644,1983 1642,1983 1642,2000 1641,2000 1641,2002 1640,2002 1640,2003 1638,2003 1638,2004 1637,2004 1637,2005 1632,2005 1632,2001 1489,2001 1489,2002 1488,2002 1488,2003 1487,2003 1487,2010 1486,2010 1486,2013 1485,2013 1485,2015 1382,2015 1382,2016 1380,2016 1380,2000 1331,2000 1331,1999 1289,1999 1289,1994 1290,1994 1290,1992 1291,1992 1291,1990 1292,1990 1292,1987 1293,1987 1293,1984 1294,1984 1294,1981 1295,1981 1295,1979 1296,1979 1296,1976 1297,1976 1297,1975 1299,1975 1299,1974 1335,1974 1335,1973 1420,1973 1420,1974 1531,1974 1531,1968 1532,1968 1532,1966 1533,1966 1533,1962 1534,1962 1534,1960 1535,1960 1535,1957 1536,1957 1536,1955 1537,1955 1537,1953 1538,1953 1538,1952 1540,1952 1540,1951"/>
	<TextEquiv>
	<Unicode>κεκρυμμένοις</Unicode></TextEquiv></Word>
	<TextEquiv>
	<Unicode>δ᾽ ἦν ἡ βοὴ τοῖς ἐν ταῖς φάραγξι κεκρυμμένοις</Unicode></TextEquiv></TextLine>
	<TextLine id="r46">
	<Coords points="1560,2019 1562,2019 1562,2020 1563,2020 1563,2042 1643,2042 1643,2043 1645,2043 1645,2044 1646,2044 1646,2047 1645,2047 1645,2048 1644,2048 1644,2067 1643,2067 1643,2068 1642,2068 1642,2069 1637,2069 1637,2070 1602,2070 1602,2069 1601,2069 1601,2068 1465,2068 1465,2069 1464,2069 1464,2070 1463,2070 1463,2071 1462,2071 1462,2072 1461,2072 1461,2073 1455,2073 1455,2072 1454,2072 1454,2069 1120,2069 1120,2070 1101,2070 1101,2072 1100,2072 1100,2073 1095,2073 1095,2074 1095,2073 1094,2073 1094,2070 990,2070 990,2069 846,2069 846,2070 789,2070 789,2071 788,2071 788,2072 787,2072 787,2073 785,2073 785,2074 780,2074 780,2071 633,2071 633,2072 632,2072 632,2073 631,2073 631,2074 629,2074 629,2075 625,2075 625,2074 624,2074 624,2070 469,2070 469,2071 468,2071 468,2074 467,2074 467,2081 466,2081 466,2085 465,2085 465,2087 462,2087 462,2085 394,2085 394,2084 393,2084 393,2070 373,2070 373,2069 264,2069 264,2070 260,2070 260,2068 227,2068 227,2067 226,2067 226,2065 225,2065 225,2064 224,2064 224,2056 225,2056 225,2053 226,2053 226,2052 227,2052 227,2050 228,2050 228,2049 229,2049 229,2048 230,2048 230,2046 232,2046 232,2045 233,2045 233,2044 236,2044 236,2043 239,2043 239,2022 240,2022 240,2021 245,2021 245,2022 247,2022 247,2024 248,2024 248,2028 249,2028 249,2043 409,2043 409,2042 437,2042 437,2037 438,2037 438,2033 439,2033 439,2030 440,2030 440,2029 441,2029 441,2024 442,2024 442,2022 443,2022 443,2021 447,2021 447,2023 448,2023 448,2026 477,2026 477,2027 478,2027 478,2043 605,2043 605,2023 612,2023 612,2025 613,2025 613,2026 614,2026 614,2043 630,2043 630,2044 751,2044 751,2021 752,2021 752,2020 753,2020 753,2021 846,2021 846,2022 914,2022 914,2042 1076,2042 1076,2043 1100,2043 1100,2044 1103,2044 1103,2045 1105,2045 1105,2046 1207,2046 1207,2045 1208,2045 1208,2044 1209,2044 1209,2043 1223,2043 1223,2042 1270,2042 1270,2021 1271,2021 1271,2020 1274,2020 1274,2021 1429,2021 1429,2022 1431,2022 1431,2026 1432,2026 1432,2028 1433,2028 1433,2030 1434,2030 1434,2033 1435,2033 1435,2035 1436,2035 1436,2042 1540,2042 1540,2027 1541,2027 1541,2024 1542,2024 1542,2022 1544,2022 1544,2021 1545,2021 1545,2020 1560,2020"/>
	<Word id="r252">
	<Coords points="245,2021 245,2022 247,2022 247,2024 248,2024 248,2028 249,2028 249,2043 409,2043 409,2042 437,2042 437,2037 438,2037 438,2033 439,2033 439,2030 440,2030 440,2029 441,2029 441,2024 442,2024 442,2022 443,2022 443,2021 447,2021 447,2023 448,2023 448,2026 477,2026 477,2027 478,2027 478,2043 531,2043 531,2044 564,2044 564,2046 565,2046 565,2052 564,2052 564,2054 563,2054 563,2056 562,2056 562,2058 561,2058 561,2059 560,2059 560,2060 559,2060 559,2061 558,2061 558,2062 557,2062 557,2063 556,2063 556,2064 555,2064 555,2065 553,2065 553,2066 552,2066 552,2067 550,2067 550,2068 548,2068 548,2069 545,2069 545,2070 469,2070 469,2071 468,2071 468,2074 467,2074 467,2081 466,2081 466,2085 465,2085 465,2087 462,2087 462,2085 394,2085 394,2084 393,2084 393,2070 373,2070 373,2069 264,2069 264,2070 260,2070 260,2068 227,2068 227,2067 226,2067 226,2065 225,2065 225,2064 224,2064 224,2056 225,2056 225,2053 226,2053 226,2052 227,2052 227,2050 228,2050 228,2049 229,2049 229,2048 230,2048 230,2046 232,2046 232,2045 233,2045 233,2044 236,2044 236,2043 239,2043 239,2022 240,2022 240,2021"/>
	<TextEquiv>
	<Unicode>ἀναστρέφειν</Unicode></TextEquiv></Word>
	<Word id="r253">
	<Coords points="612,2023 612,2025 613,2025 613,2026 614,2026 614,2043 630,2043 630,2044 634,2044 634,2045 636,2045 636,2046 637,2046 637,2047 638,2047 638,2048 639,2048 639,2053 635,2053 635,2069 634,2069 634,2071 633,2071 633,2072 632,2072 632,2073 631,2073 631,2074 629,2074 629,2075 625,2075 625,2074 624,2074 624,2070 600,2070 600,2069 598,2069 598,2068 597,2068 597,2067 595,2067 595,2066 593,2066 593,2063 592,2063 592,2056 593,2056 593,2052 594,2052 594,2050 596,2050 596,2048 598,2048 598,2046 600,2046 600,2045 603,2045 603,2044 605,2044 605,2023"/>
	<TextEquiv>
	<Unicode>ἐς</Unicode></TextEquiv></Word>
	<Word id="r254">
	<Coords points="753,2020 753,2021 755,2021 755,2022 756,2022 756,2024 757,2024 757,2026 758,2026 758,2030 759,2030 759,2033 760,2033 760,2036 761,2036 761,2043 789,2043 789,2044 791,2044 791,2045 793,2045 793,2046 794,2046 794,2048 795,2048 795,2051 794,2051 794,2052 793,2052 793,2053 791,2053 791,2068 790,2068 790,2070 789,2070 789,2071 788,2071 788,2072 787,2072 787,2073 785,2073 785,2074 780,2074 780,2071 688,2071 688,2070 687,2070 687,2069 686,2069 686,2055 679,2055 679,2054 678,2054 678,2047 679,2047 679,2046 680,2046 680,2045 682,2045 682,2044 751,2044 751,2021 752,2021 752,2020"/>
	<TextEquiv>
	<Unicode>τοὺς</Unicode></TextEquiv></Word>
	<Word id="r255">
	<Coords points="846,2021 846,2022 914,2022 914,2042 1076,2042 1076,2043 1100,2043 1100,2044 1103,2044 1103,2045 1105,2045 1105,2046 1106,2046 1106,2048 1107,2048 1107,2050 1108,2050 1108,2060 1122,2060 1122,2061 1123,2061 1123,2062 1124,2062 1124,2065 1125,2065 1125,2066 1124,2066 1124,2067 1123,2067 1123,2068 1122,2068 1122,2069 1120,2069 1120,2070 1101,2070 1101,2072 1100,2072 1100,2073 1095,2073 1095,2074 1095,2073 1094,2073 1094,2070 990,2070 990,2069 846,2069 846,2070 841,2070 841,2069 839,2069 839,2068 837,2068 837,2067 836,2067 836,2066 835,2066 835,2065 834,2065 834,2063 833,2063 833,2058 832,2058 833,2058 833,2054 834,2054 834,2052 835,2052 835,2050 836,2050 836,2049 837,2049 837,2048 838,2048 838,2024 840,2024 840,2022 842,2022 842,2021"/>
	<TextEquiv>
	<Unicode>διώκοντας.</Unicode></TextEquiv></Word>
	<Word id="r256">
	<Coords points="1274,2020 1274,2021 1275,2021 1275,2022 1276,2022 1276,2024 1277,2024 1277,2027 1278,2027 1278,2029 1279,2029 1279,2032 1280,2032 1280,2034 1281,2034 1281,2037 1282,2037 1282,2057 1284,2057 1284,2058 1285,2058 1285,2060 1284,2060 1284,2062 1283,2062 1283,2064 1282,2064 1282,2065 1281,2065 1281,2067 1279,2067 1279,2068 1277,2068 1277,2069 1200,2069 1200,2065 1201,2065 1201,2062 1202,2062 1202,2058 1203,2058 1203,2057 1204,2057 1204,2055 1205,2055 1205,2050 1206,2050 1206,2046 1207,2046 1207,2045 1208,2045 1208,2044 1209,2044 1209,2043 1223,2043 1223,2042 1270,2042 1270,2021 1271,2021 1271,2020"/>
	<TextEquiv>
	<Unicode>καὶ</Unicode></TextEquiv></Word>
	<Word id="r257">
	<Coords points="1429,2021 1429,2022 1431,2022 1431,2026 1432,2026 1432,2028 1433,2028 1433,2030 1434,2030 1434,2033 1435,2033 1435,2035 1436,2035 1436,2042 1463,2042 1463,2043 1466,2043 1466,2044 1467,2044 1467,2045 1469,2045 1469,2046 1470,2046 1470,2051 1465,2051 1465,2069 1464,2069 1464,2070 1463,2070 1463,2071 1462,2071 1462,2072 1461,2072 1461,2073 1455,2073 1455,2072 1454,2072 1454,2069 1358,2069 1358,2068 1331,2068 1331,2067 1329,2067 1329,2066 1328,2066 1328,2065 1326,2065 1326,2063 1325,2063 1325,2060 1324,2060 1324,2055 1325,2055 1325,2054 1326,2054 1326,2049 1327,2049 1327,2048 1328,2048 1328,2047 1329,2047 1329,2046 1330,2046 1330,2045 1331,2045 1331,2044 1332,2044 1332,2043 1335,2043 1335,2042 1361,2042 1361,2024 1362,2024 1362,2022 1364,2022 1364,2021"/>
	<TextEquiv>
	<Unicode>εὐθὺς</Unicode></TextEquiv></Word>
	<Word id="r258">
	<Coords points="1562,2019 1562,2020 1563,2020 1563,2021 1562,2021 1562,2023 1561,2023 1561,2025 1559,2025 1559,2027 1558,2027 1558,2028 1557,2028 1557,2029 1556,2029 1556,2031 1555,2031 1555,2059 1554,2059 1554,2061 1553,2061 1553,2063 1552,2063 1552,2064 1551,2064 1551,2066 1549,2066 1549,2067 1547,2067 1547,2068 1515,2068 1515,2067 1513,2067 1513,2066 1511,2066 1511,2065 1510,2065 1510,2063 1509,2063 1509,2061 1508,2061 1508,2054 1509,2054 1509,2051 1510,2051 1510,2049 1511,2049 1511,2048 1512,2048 1512,2046 1513,2046 1513,2045 1515,2045 1515,2044 1516,2044 1516,2043 1519,2043 1519,2042 1540,2042 1540,2027 1541,2027 1541,2024 1542,2024 1542,2022 1544,2022 1544,2021 1545,2021 1545,2020 1560,2020 1560,2019"/>
	<TextEquiv>
	<Unicode>οἵ</Unicode></TextEquiv></Word>
	<Word id="r259">
	<Coords points="1643,2042 1643,2043 1645,2043 1645,2044 1646,2044 1646,2047 1645,2047 1645,2048 1644,2048 1644,2067 1643,2067 1643,2068 1642,2068 1642,2069 1637,2069 1637,2070 1602,2070 1602,2069 1601,2069 1601,2068 1600,2068 1600,2054 1593,2054 1593,2052 1592,2052 1592,2047 1593,2047 1593,2045 1594,2045 1594,2044 1596,2044 1596,2043 1637,2043 1637,2042"/>
	<TextEquiv>
	<Unicode>τε</Unicode></TextEquiv></Word>
	<TextEquiv>
	<Unicode>ἀναστρέφειν ἐς τοὺς διώκοντας. καὶ εὐθὺς οἵ τε</Unicode></TextEquiv></TextLine>
	<TextLine id="r66">
	<Coords points="1024,2088 1024,2089 1025,2089 1025,2090 1042,2090 1042,2091 1044,2091 1044,2092 1046,2092 1046,2093 1047,2093 1047,2094 1049,2094 1049,2095 1050,2095 1050,2096 1051,2096 1051,2098 1052,2098 1052,2099 1053,2099 1053,2101 1054,2101 1054,2111 1200,2111 1200,2091 1226,2091 1226,2090 1228,2090 1228,2091 1229,2091 1229,2093 1360,2093 1360,2091 1361,2091 1361,2088 1366,2088 1366,2089 1367,2089 1367,2111 1501,2111 1501,2110 1508,2110 1508,2111 1631,2111 1631,2091 1632,2091 1632,2090 1634,2090 1634,2091 1635,2091 1635,2093 1636,2093 1636,2094 1637,2094 1637,2098 1638,2098 1638,2100 1639,2100 1639,2102 1640,2102 1640,2104 1641,2104 1641,2126 1644,2126 1644,2127 1645,2127 1645,2129 1644,2129 1644,2131 1643,2131 1643,2133 1642,2133 1642,2135 1641,2135 1641,2136 1640,2136 1640,2137 1638,2137 1638,2138 1529,2138 1529,2140 1528,2140 1528,2141 1527,2141 1527,2142 1526,2142 1526,2143 1525,2143 1525,2144 1524,2144 1524,2145 1519,2145 1519,2138 1428,2138 1428,2137 1294,2137 1294,2138 1288,2138 1288,2140 1287,2140 1287,2150 1286,2150 1286,2153 1285,2153 1285,2154 1284,2154 1284,2153 1283,2153 1283,2151 1220,2151 1220,2150 1219,2150 1219,2149 1218,2149 1218,2142 1062,2142 1062,2146 1061,2146 1061,2152 1060,2152 1060,2154 1059,2154 1059,2155 1057,2155 1057,2154 1056,2154 1056,2138 905,2138 905,2139 903,2139 903,2140 902,2140 902,2141 900,2141 900,2142 876,2142 876,2143 875,2143 875,2149 874,2149 874,2151 870,2151 870,2150 869,2150 869,2139 695,2139 695,2140 693,2140 693,2141 692,2141 692,2142 690,2142 690,2143 686,2143 686,2139 484,2139 484,2138 464,2138 464,2137 351,2137 351,2138 247,2138 247,2152 246,2152 246,2154 242,2154 242,2153 241,2153 241,2135 238,2135 238,2134 237,2134 237,2133 236,2133 236,2131 234,2131 234,2128 233,2128 233,2125 232,2125 232,2121 231,2121 231,2119 223,2119 223,2118 224,2118 224,2115 225,2115 225,2114 226,2114 226,2113 227,2113 227,2112 229,2112 229,2111 247,2111 247,2101 248,2101 248,2097 249,2097 249,2094 253,2094 253,2095 254,2095 254,2096 368,2096 368,2093 369,2093 369,2092 370,2092 370,2093 371,2093 371,2095 372,2095 372,2097 373,2097 373,2099 374,2099 374,2101 375,2101 375,2104 376,2104 376,2111 481,2111 481,2091 482,2091 482,2090 536,2090 536,2089 537,2089 537,2090 540,2090 540,2112 646,2112 646,2111 658,2111 658,2099 659,2099 659,2098 660,2098 660,2097 661,2097 661,2096 662,2096 662,2095 664,2095 664,2094 740,2094 740,2093 741,2093 741,2092 742,2092 742,2091 748,2091 748,2092 749,2092 749,2094 750,2094 750,2096 751,2096 751,2111 861,2111 861,2101 862,2101 862,2098 863,2098 863,2097 864,2097 864,2095 867,2095 867,2094 960,2094 960,2091 962,2091 962,2090 1020,2090 1020,2089 1022,2089 1022,2088"/>
	<Word id="r297">
	<Coords points="370,2092 370,2093 371,2093 371,2095 372,2095 372,2097 373,2097 373,2099 374,2099 374,2101 375,2101 375,2104 376,2104 376,2128 380,2128 380,2130 379,2130 379,2132 378,2132 378,2134 377,2134 377,2135 376,2135 376,2136 374,2136 374,2137 351,2137 351,2138 247,2138 247,2152 246,2152 246,2154 242,2154 242,2153 241,2153 241,2135 238,2135 238,2134 237,2134 237,2133 236,2133 236,2131 234,2131 234,2128 233,2128 233,2125 232,2125 232,2121 231,2121 231,2119 223,2119 223,2118 224,2118 224,2115 225,2115 225,2114 226,2114 226,2113 227,2113 227,2112 229,2112 229,2111 247,2111 247,2101 248,2101 248,2097 249,2097 249,2094 253,2094 253,2095 254,2095 254,2096 368,2096 368,2093 369,2093 369,2092"/>
	<TextEquiv>
	<Unicode>ψιλοὶ</Unicode></TextEquiv></Word>
	<Word id="r298">
	<Coords points="484,2090 484,2091 485,2091 485,2092 486,2092 486,2094 487,2094 487,2096 488,2096 488,2098 489,2098 489,2100 490,2100 490,2104 491,2104 491,2106 492,2106 492,2127 495,2127 495,2128 496,2128 496,2129 495,2129 495,2132 494,2132 494,2134 493,2134 493,2135 492,2135 492,2136 491,2136 491,2137 490,2137 490,2138 488,2138 488,2139 484,2139 484,2138 464,2138 464,2137 426,2137 426,2136 425,2136 425,2135 410,2135 410,2133 411,2133 411,2129 412,2129 412,2126 413,2126 413,2124 414,2124 414,2121 415,2121 415,2119 416,2119 416,2115 417,2115 417,2113 419,2113 419,2112 457,2112 457,2111 481,2111 481,2091 482,2091 482,2090"/>
	<TextEquiv>
	<Unicode>καὶ</Unicode></TextEquiv></Word>
	<Word id="r299">
	<Coords points="537,2089 537,2090 540,2090 540,2112 646,2112 646,2111 658,2111 658,2099 659,2099 659,2098 660,2098 660,2097 661,2097 661,2096 662,2096 662,2095 664,2095 664,2094 671,2094 671,2095 672,2095 672,2096 673,2096 673,2097 674,2097 674,2098 675,2098 675,2100 676,2100 676,2111 693,2111 693,2112 696,2112 696,2113 698,2113 698,2114 699,2114 699,2115 700,2115 700,2116 701,2116 701,2120 700,2120 700,2121 697,2121 697,2135 696,2135 696,2138 695,2138 695,2140 693,2140 693,2141 692,2141 692,2142 690,2142 690,2143 686,2143 686,2139 551,2139 551,2138 526,2138 526,2137 525,2137 525,2135 524,2135 524,2134 523,2134 523,2130 524,2130 524,2126 525,2126 525,2122 526,2122 526,2120 527,2120 527,2116 528,2116 528,2113 529,2113 529,2112 531,2112 531,2093 532,2093 532,2091 534,2091 534,2090 536,2090 536,2089"/>
	<TextEquiv>
	<Unicode>ἱππεῖς</Unicode></TextEquiv></Word>
	<Word id="r300">
	<Coords points="748,2091 748,2092 749,2092 749,2094 750,2094 750,2096 751,2096 751,2111 781,2111 781,2112 782,2112 782,2113 783,2113 783,2116 782,2116 782,2117 781,2117 781,2132 780,2132 780,2134 779,2134 779,2135 778,2135 778,2136 777,2136 777,2137 775,2137 775,2138 772,2138 772,2139 739,2139 739,2138 734,2138 734,2137 733,2137 733,2136 732,2136 732,2135 731,2135 731,2134 730,2134 730,2133 729,2133 729,2131 728,2131 728,2123 729,2123 729,2121 730,2121 730,2119 731,2119 731,2117 732,2117 732,2116 733,2116 733,2115 734,2115 734,2114 736,2114 736,2113 737,2113 737,2112 740,2112 740,2093 741,2093 741,2092 742,2092 742,2091"/>
	<TextEquiv>
	<Unicode>ἐκ</Unicode></TextEquiv></Word>
	<Word id="r301">
	<Coords points="873,2094 873,2095 875,2095 875,2096 876,2096 876,2097 877,2097 877,2098 878,2098 878,2099 879,2099 879,2111 903,2111 903,2112 907,2112 907,2113 908,2113 908,2114 909,2114 909,2115 910,2115 910,2117 911,2117 911,2118 910,2118 910,2119 909,2119 909,2121 906,2121 906,2137 905,2137 905,2139 903,2139 903,2140 902,2140 902,2141 900,2141 900,2142 876,2142 876,2143 875,2143 875,2149 874,2149 874,2151 870,2151 870,2150 869,2150 869,2138 830,2138 830,2136 829,2136 829,2120 821,2120 821,2117 822,2117 822,2114 823,2114 823,2113 824,2113 824,2112 861,2112 861,2101 862,2101 862,2098 863,2098 863,2097 864,2097 864,2095 867,2095 867,2094"/>
	<TextEquiv>
	<Unicode>τῆς</Unicode></TextEquiv></Word>
	<Word id="r302">
	<Coords points="1024,2088 1024,2089 1025,2089 1025,2090 1042,2090 1042,2091 1044,2091 1044,2092 1046,2092 1046,2093 1047,2093 1047,2094 1049,2094 1049,2095 1050,2095 1050,2096 1051,2096 1051,2098 1052,2098 1052,2099 1053,2099 1053,2101 1054,2101 1054,2111 1142,2111 1142,2112 1145,2112 1145,2113 1146,2113 1146,2114 1148,2114 1148,2116 1149,2116 1149,2119 1148,2119 1148,2120 1144,2120 1144,2136 1143,2136 1143,2138 1142,2138 1142,2139 1141,2139 1141,2140 1140,2140 1140,2141 1138,2141 1138,2142 1062,2142 1062,2146 1061,2146 1061,2152 1060,2152 1060,2154 1059,2154 1059,2155 1057,2155 1057,2154 1056,2154 1056,2138 956,2138 956,2137 954,2137 954,2136 952,2136 952,2135 951,2135 951,2134 950,2134 950,2133 949,2133 949,2130 948,2130 948,2128 947,2128 947,2126 948,2126 948,2123 949,2123 949,2120 950,2120 950,2118 951,2118 951,2117 952,2117 952,2115 954,2115 954,2114 955,2114 955,2113 957,2113 957,2112 960,2112 960,2091 962,2091 962,2090 1020,2090 1020,2089 1022,2089 1022,2088"/>
	<TextEquiv>
	<Unicode>ἐνέδρας</Unicode></TextEquiv></Word>
	<Word id="r303">
	<Coords points="1366,2088 1366,2089 1367,2089 1367,2111 1501,2111 1501,2110 1508,2110 1508,2111 1509,2111 1509,2112 1511,2112 1511,2113 1512,2113 1512,2114 1513,2114 1513,2119 1514,2119 1514,2128 1525,2128 1525,2129 1528,2129 1528,2130 1529,2130 1529,2131 1530,2131 1530,2138 1529,2138 1529,2140 1528,2140 1528,2141 1527,2141 1527,2142 1526,2142 1526,2143 1525,2143 1525,2144 1524,2144 1524,2145 1519,2145 1519,2138 1428,2138 1428,2137 1294,2137 1294,2138 1288,2138 1288,2140 1287,2140 1287,2150 1286,2150 1286,2153 1285,2153 1285,2154 1284,2154 1284,2153 1283,2153 1283,2151 1220,2151 1220,2150 1219,2150 1219,2149 1218,2149 1218,2139 1217,2139 1217,2138 1216,2138 1216,2137 1194,2137 1194,2136 1192,2136 1192,2135 1190,2135 1190,2134 1189,2134 1189,2131 1188,2131 1188,2128 1187,2128 1187,2124 1188,2124 1188,2121 1189,2121 1189,2119 1190,2119 1190,2117 1191,2117 1191,2116 1192,2116 1192,2115 1193,2115 1193,2114 1194,2114 1194,2113 1197,2113 1197,2112 1200,2112 1200,2091 1226,2091 1226,2090 1228,2090 1228,2091 1229,2091 1229,2093 1360,2093 1360,2091 1361,2091 1361,2088"/>
	<TextEquiv>
	<Unicode>ἐξεφαίνοντο,</Unicode></TextEquiv></Word>
	<Word id="r304">
	<Coords points="1634,2090 1634,2091 1635,2091 1635,2093 1636,2093 1636,2094 1637,2094 1637,2098 1638,2098 1638,2100 1639,2100 1639,2102 1640,2102 1640,2104 1641,2104 1641,2126 1644,2126 1644,2127 1645,2127 1645,2129 1644,2129 1644,2131 1643,2131 1643,2133 1642,2133 1642,2135 1641,2135 1641,2136 1640,2136 1640,2137 1638,2137 1638,2138 1561,2138 1561,2137 1560,2137 1560,2134 1561,2134 1561,2131 1562,2131 1562,2129 1563,2129 1563,2126 1564,2126 1564,2122 1565,2122 1565,2119 1566,2119 1566,2116 1567,2116 1567,2114 1568,2114 1568,2112 1584,2112 1584,2111 1631,2111 1631,2091 1632,2091 1632,2090"/>
	<TextEquiv>
	<Unicode>καὶ</Unicode></TextEquiv></Word>
	<TextEquiv>
	<Unicode>ψιλοὶ καὶ ἱππεῖς ἐκ τῆς ἐνέδρας ἐξεφαίνοντο, καὶ</Unicode></TextEquiv></TextLine>
	<TextLine id="r68">
	<Coords points="1003,2156 1003,2157 1004,2157 1004,2160 1005,2160 1005,2163 1006,2163 1006,2165 1007,2165 1007,2167 1008,2167 1008,2170 1009,2170 1009,2178 1015,2178 1015,2179 1129,2179 1129,2159 1130,2159 1130,2158 1131,2158 1131,2159 1200,2159 1200,2160 1201,2160 1201,2162 1305,2162 1305,2161 1308,2161 1308,2160 1338,2160 1338,2159 1339,2159 1339,2158 1341,2158 1341,2157 1345,2157 1345,2158 1347,2158 1347,2159 1349,2159 1349,2160 1350,2160 1350,2161 1351,2161 1351,2162 1353,2162 1353,2164 1354,2164 1354,2165 1355,2165 1355,2166 1356,2166 1356,2167 1357,2167 1357,2178 1476,2178 1476,2160 1477,2160 1477,2159 1478,2159 1478,2158 1483,2158 1483,2159 1484,2159 1484,2160 1485,2160 1485,2161 1486,2161 1486,2165 1487,2165 1487,2178 1598,2178 1598,2158 1599,2158 1599,2157 1602,2157 1602,2158 1603,2158 1603,2159 1604,2159 1604,2162 1605,2162 1605,2165 1606,2165 1606,2166 1607,2166 1607,2170 1608,2170 1608,2173 1609,2173 1609,2178 1638,2178 1638,2179 1640,2179 1640,2180 1642,2180 1642,2181 1643,2181 1643,2182 1644,2182 1644,2184 1645,2184 1645,2186 1644,2186 1644,2187 1643,2187 1643,2188 1640,2188 1640,2204 1639,2204 1639,2206 1638,2206 1638,2207 1637,2207 1637,2208 1635,2208 1635,2209 1633,2209 1633,2210 1630,2210 1630,2207 1503,2207 1503,2209 1501,2209 1501,2210 1421,2210 1421,2211 1420,2211 1420,2212 1419,2212 1419,2213 1415,2213 1415,2212 1414,2212 1414,2210 1395,2210 1395,2205 1270,2205 1270,2206 1265,2206 1265,2207 1263,2207 1263,2209 1262,2209 1262,2217 1261,2217 1261,2221 1260,2221 1260,2222 1258,2222 1258,2223 1258,2222 1257,2222 1257,2217 1194,2217 1194,2205 1057,2205 1057,2206 903,2206 903,2207 687,2207 687,2208 686,2208 686,2212 685,2212 685,2215 684,2215 684,2218 682,2218 682,2217 681,2217 681,2207 463,2207 463,2210 462,2210 462,2214 461,2214 461,2218 460,2218 460,2220 458,2220 458,2221 457,2221 457,2220 456,2220 456,2206 270,2206 270,2205 234,2205 234,2188 227,2188 227,2187 226,2187 226,2186 225,2186 225,2183 226,2183 226,2181 227,2181 227,2180 228,2180 228,2179 264,2179 264,2158 265,2158 265,2157 267,2157 267,2158 269,2158 269,2161 270,2161 270,2162 271,2162 271,2165 272,2165 272,2166 273,2166 273,2168 274,2168 274,2179 433,2179 433,2168 434,2168 434,2166 435,2166 435,2165 436,2165 436,2164 437,2164 437,2163 440,2163 440,2162 444,2162 444,2163 447,2163 447,2164 448,2164 448,2165 449,2165 449,2166 450,2166 450,2168 451,2168 451,2180 668,2180 668,2172 669,2172 669,2169 670,2169 670,2167 671,2167 671,2165 672,2165 672,2162 673,2162 673,2160 674,2160 674,2159 675,2159 675,2158 676,2158 676,2157 679,2157 679,2158 680,2158 680,2160 709,2160 709,2161 714,2161 714,2162 716,2162 716,2163 718,2163 718,2164 719,2164 719,2166 720,2166 720,2168 721,2168 721,2170 722,2170 722,2179 829,2179 829,2180 831,2180 831,2181 933,2181 933,2180 948,2180 948,2166 950,2166 950,2165 999,2165 999,2157 1000,2157 1000,2156"/>
	<Word id="r305">
	<Coords points="267,2157 267,2158 269,2158 269,2161 270,2161 270,2162 271,2162 271,2165 272,2165 272,2166 273,2166 273,2168 274,2168 274,2179 275,2179 275,2180 276,2180 276,2181 278,2181 278,2182 279,2182 279,2184 280,2184 280,2185 281,2185 281,2195 280,2195 280,2197 279,2197 279,2199 278,2199 278,2200 277,2200 277,2201 276,2201 276,2202 275,2202 275,2203 274,2203 274,2204 272,2204 272,2205 270,2205 270,2206 270,2205 234,2205 234,2188 227,2188 227,2187 226,2187 226,2186 225,2186 225,2183 226,2183 226,2181 227,2181 227,2180 228,2180 228,2179 264,2179 264,2158 265,2158 265,2157"/>
	<TextEquiv>
	<Unicode>τὸ</Unicode></TextEquiv></Word>
	<Word id="r306">
	<Coords points="444,2162 444,2163 447,2163 447,2164 448,2164 448,2165 449,2165 449,2166 450,2166 450,2168 451,2168 451,2180 524,2180 524,2181 525,2181 525,2196 528,2196 528,2199 527,2199 527,2201 526,2201 526,2203 525,2203 525,2204 523,2204 523,2205 522,2205 522,2206 464,2206 464,2207 463,2207 463,2210 462,2210 462,2214 461,2214 461,2218 460,2218 460,2220 458,2220 458,2221 457,2221 457,2220 456,2220 456,2206 332,2206 332,2191 327,2191 327,2189 326,2189 326,2185 327,2185 327,2182 328,2182 328,2181 329,2181 329,2180 334,2180 334,2179 433,2179 433,2168 434,2168 434,2166 435,2166 435,2165 436,2165 436,2164 437,2164 437,2163 440,2163 440,2162"/>
	<TextEquiv>
	<Unicode>πνεῦμα</Unicode></TextEquiv></Word>
	<Word id="r307">
	<Coords points="679,2157 679,2158 680,2158 680,2160 709,2160 709,2161 714,2161 714,2162 716,2162 716,2163 718,2163 718,2164 719,2164 719,2166 720,2166 720,2168 721,2168 721,2170 722,2170 722,2179 829,2179 829,2180 831,2180 831,2181 832,2181 832,2182 833,2182 833,2185 831,2185 831,2192 830,2192 830,2204 829,2204 829,2205 828,2205 828,2206 823,2206 823,2207 687,2207 687,2208 686,2208 686,2212 685,2212 685,2215 684,2215 684,2218 682,2218 682,2217 681,2217 681,2207 556,2207 556,2205 555,2205 556,2205 556,2201 557,2201 557,2200 558,2200 558,2196 559,2196 559,2194 560,2194 560,2190 561,2190 561,2189 562,2189 562,2184 563,2184 563,2182 564,2182 564,2181 600,2181 600,2180 668,2180 668,2172 669,2172 669,2169 670,2169 670,2167 671,2167 671,2165 672,2165 672,2162 673,2162 673,2160 674,2160 674,2159 675,2159 675,2158 676,2158 676,2157"/>
	<TextEquiv>
	<Unicode>κατέβαινε</Unicode></TextEquiv></Word>
	<Word id="r308">
	<Coords points="1003,2156 1003,2157 1004,2157 1004,2160 1005,2160 1005,2163 1006,2163 1006,2165 1007,2165 1007,2167 1008,2167 1008,2170 1009,2170 1009,2178 1015,2178 1015,2179 1016,2179 1016,2186 1015,2186 1015,2190 1014,2190 1014,2192 1013,2192 1013,2195 1012,2195 1012,2196 1011,2196 1011,2197 1010,2197 1010,2199 1008,2199 1008,2200 1007,2200 1007,2202 1005,2202 1005,2203 1003,2203 1003,2204 981,2204 981,2205 978,2205 978,2206 903,2206 903,2207 884,2207 884,2192 878,2192 878,2191 877,2191 877,2187 878,2187 878,2184 879,2184 879,2182 881,2182 881,2181 933,2181 933,2180 948,2180 948,2166 950,2166 950,2165 999,2165 999,2157 1000,2157 1000,2156"/>
	<TextEquiv>
	<Unicode>πολὺ</Unicode></TextEquiv></Word>
	<Word id="r309">
	<Coords points="1131,2158 1131,2159 1132,2159 1132,2160 1133,2160 1133,2162 1134,2162 1134,2164 1135,2164 1135,2167 1136,2167 1136,2168 1137,2168 1137,2171 1138,2171 1138,2195 1142,2195 1142,2197 1141,2197 1141,2200 1140,2200 1140,2201 1139,2201 1139,2202 1138,2202 1138,2203 1137,2203 1137,2204 1136,2204 1136,2205 1057,2205 1057,2206 1057,2205 1056,2205 1056,2202 1057,2202 1057,2197 1058,2197 1058,2194 1059,2194 1059,2191 1060,2191 1060,2189 1061,2189 1061,2185 1062,2185 1062,2182 1063,2182 1063,2181 1064,2181 1064,2180 1079,2180 1079,2179 1129,2179 1129,2159 1130,2159 1130,2158"/>
	<TextEquiv>
	<Unicode>καὶ</Unicode></TextEquiv></Word>
	<Word id="r310">
	<Coords points="1345,2157 1345,2158 1347,2158 1347,2159 1349,2159 1349,2160 1350,2160 1350,2161 1351,2161 1351,2162 1353,2162 1353,2164 1354,2164 1354,2165 1355,2165 1355,2166 1356,2166 1356,2167 1357,2167 1357,2178 1402,2178 1402,2179 1404,2179 1404,2180 1405,2180 1405,2181 1407,2181 1407,2182 1408,2182 1408,2183 1409,2183 1409,2184 1410,2184 1410,2197 1422,2197 1422,2198 1423,2198 1423,2199 1424,2199 1424,2201 1425,2201 1425,2205 1424,2205 1424,2207 1423,2207 1423,2209 1422,2209 1422,2210 1421,2210 1421,2211 1420,2211 1420,2212 1419,2212 1419,2213 1415,2213 1415,2212 1414,2212 1414,2210 1395,2210 1395,2205 1270,2205 1270,2206 1265,2206 1265,2207 1263,2207 1263,2209 1262,2209 1262,2217 1261,2217 1261,2221 1260,2221 1260,2222 1258,2222 1258,2223 1258,2222 1257,2222 1257,2217 1194,2217 1194,2203 1192,2203 1192,2202 1191,2202 1191,2199 1190,2199 1190,2190 1191,2190 1191,2188 1192,2188 1192,2186 1193,2186 1193,2168 1194,2168 1194,2164 1195,2164 1195,2162 1196,2162 1196,2161 1197,2161 1197,2160 1199,2160 1199,2159 1200,2159 1200,2160 1201,2160 1201,2162 1305,2162 1305,2161 1308,2161 1308,2160 1338,2160 1338,2159 1339,2159 1339,2158 1341,2158 1341,2157"/>
	<TextEquiv>
	<Unicode>ζοφῶδες,</Unicode></TextEquiv></Word>
	<Word id="r311">
	<Coords points="1483,2158 1483,2159 1484,2159 1484,2160 1485,2160 1485,2161 1486,2161 1486,2165 1487,2165 1487,2178 1502,2178 1502,2179 1506,2179 1506,2180 1508,2180 1508,2181 1510,2181 1510,2183 1511,2183 1511,2187 1510,2187 1510,2188 1507,2188 1507,2204 1506,2204 1506,2205 1505,2205 1505,2206 1504,2206 1504,2207 1503,2207 1503,2209 1501,2209 1501,2210 1496,2210 1496,2205 1470,2205 1470,2204 1469,2204 1469,2203 1467,2203 1467,2201 1466,2201 1466,2199 1465,2199 1465,2197 1464,2197 1464,2193 1465,2193 1465,2189 1466,2189 1466,2187 1467,2187 1467,2184 1469,2184 1469,2182 1472,2182 1472,2181 1473,2181 1473,2180 1474,2180 1474,2179 1476,2179 1476,2160 1477,2160 1477,2159 1478,2159 1478,2158"/>
	<TextEquiv>
	<Unicode>ἐς</Unicode></TextEquiv></Word>
	<Word id="r312">
	<Coords points="1602,2157 1602,2158 1603,2158 1603,2159 1604,2159 1604,2162 1605,2162 1605,2165 1606,2165 1606,2166 1607,2166 1607,2170 1608,2170 1608,2173 1609,2173 1609,2178 1638,2178 1638,2179 1640,2179 1640,2180 1642,2180 1642,2181 1643,2181 1643,2182 1644,2182 1644,2184 1645,2184 1645,2186 1644,2186 1644,2187 1643,2187 1643,2188 1640,2188 1640,2204 1639,2204 1639,2206 1638,2206 1638,2207 1637,2207 1637,2208 1635,2208 1635,2209 1633,2209 1633,2210 1630,2210 1630,2207 1566,2207 1566,2206 1564,2206 1564,2204 1563,2204 1563,2191 1556,2191 1556,2189 1555,2189 1555,2184 1556,2184 1556,2181 1557,2181 1557,2180 1565,2180 1565,2179 1598,2179 1598,2158 1599,2158 1599,2157"/>
	<TextEquiv>
	<Unicode>τὰς</Unicode></TextEquiv></Word>
	<TextEquiv>
	<Unicode>τὸ πνεῦμα κατέβαινε πολὺ καὶ ζοφῶδες, ἐς τὰς</Unicode></TextEquiv></TextLine>
	<TextLine id="r50">
	<Coords points="230,2223 231,2223 231,2224 233,2224 233,2228 267,2228 267,2229 271,2229 271,2230 274,2230 274,2232 275,2232 275,2233 276,2233 276,2234 277,2234 277,2236 278,2236 278,2247 408,2247 408,2237 409,2237 409,2235 410,2235 410,2233 411,2233 411,2231 412,2231 412,2229 413,2229 413,2227 414,2227 414,2226 416,2226 416,2225 416,2226 418,2226 418,2248 526,2248 526,2230 528,2230 528,2229 539,2229 539,2228 541,2228 541,2227 541,2228 543,2228 543,2232 576,2232 576,2233 577,2233 577,2248 813,2248 813,2227 814,2227 814,2226 818,2226 818,2229 819,2229 819,2231 820,2231 820,2234 821,2234 821,2236 822,2236 822,2238 823,2238 823,2241 824,2241 824,2248 963,2248 963,2247 964,2247 964,2248 1105,2248 1105,2237 1106,2237 1106,2235 1107,2235 1107,2233 1109,2233 1109,2232 1110,2232 1110,2231 1278,2231 1278,2229 1279,2229 1279,2228 1280,2228 1280,2226 1281,2226 1281,2224 1284,2224 1284,2225 1285,2225 1285,2247 1402,2247 1402,2248 1507,2248 1507,2234 1508,2234 1508,2233 1509,2233 1509,2232 1514,2232 1514,2226 1515,2226 1515,2225 1574,2225 1574,2226 1633,2226 1633,2227 1634,2227 1634,2228 1635,2228 1635,2229 1636,2229 1636,2232 1637,2232 1637,2234 1638,2234 1638,2237 1639,2237 1639,2241 1640,2241 1640,2242 1641,2242 1641,2264 1644,2264 1644,2266 1643,2266 1643,2268 1642,2268 1642,2270 1641,2270 1641,2271 1640,2271 1640,2272 1639,2272 1639,2273 1638,2273 1638,2274 1635,2274 1635,2275 1597,2275 1597,2274 1359,2274 1359,2275 1297,2275 1297,2279 1296,2279 1296,2283 1295,2283 1295,2287 1294,2287 1294,2288 1293,2288 1293,2289 1178,2289 1178,2290 1175,2290 1175,2289 1174,2289 1174,2274 1007,2274 1007,2286 1006,2286 1006,2289 1005,2289 1005,2290 1002,2290 1002,2275 712,2275 712,2276 711,2276 711,2280 710,2280 710,2282 709,2282 709,2288 708,2288 708,2290 704,2290 704,2288 703,2288 703,2280 569,2280 569,2287 568,2287 568,2289 567,2289 567,2290 566,2290 566,2291 563,2291 563,2275 330,2275 330,2277 329,2277 329,2280 328,2280 328,2282 327,2282 327,2286 326,2286 326,2287 324,2287 324,2283 323,2283 323,2275 306,2275 306,2274 288,2274 288,2273 241,2273 241,2272 240,2272 240,2239 227,2239 227,2238 226,2238 226,2237 225,2237 225,2236 224,2236 224,2234 223,2234 223,2228 224,2228 224,2227 225,2227 225,2225 227,2225 227,2224 230,2224"/>
	<Word id="r260">
	<Coords points="231,2223 231,2224 233,2224 233,2228 267,2228 267,2229 271,2229 271,2230 274,2230 274,2232 275,2232 275,2233 276,2233 276,2234 277,2234 277,2236 278,2236 278,2247 408,2247 408,2237 409,2237 409,2235 410,2235 410,2233 411,2233 411,2231 412,2231 412,2229 413,2229 413,2227 414,2227 414,2226 416,2226 416,2225 416,2226 418,2226 418,2248 450,2248 450,2249 452,2249 452,2250 487,2250 487,2251 488,2251 488,2255 487,2255 487,2257 486,2257 486,2260 485,2260 485,2262 484,2262 484,2263 483,2263 483,2265 481,2265 481,2266 479,2266 479,2268 478,2268 478,2269 477,2269 477,2270 475,2270 475,2271 474,2271 474,2272 471,2272 471,2273 469,2273 469,2274 468,2274 468,2275 330,2275 330,2277 329,2277 329,2280 328,2280 328,2282 327,2282 327,2286 326,2286 326,2287 324,2287 324,2283 323,2283 323,2275 306,2275 306,2274 288,2274 288,2273 241,2273 241,2272 240,2272 240,2239 227,2239 227,2238 226,2238 226,2237 225,2237 225,2236 224,2236 224,2234 223,2234 223,2228 224,2228 224,2227 225,2227 225,2225 227,2225 227,2224 230,2224 230,2223"/>
	<TextEquiv>
	<Unicode>Ῥωμαίων</Unicode></TextEquiv></Word>
	<Word id="r261">
	<Coords points="541,2228 543,2228 543,2232 576,2232 576,2233 577,2233 577,2248 659,2248 659,2249 663,2249 663,2250 665,2250 665,2251 666,2251 666,2252 667,2252 667,2253 668,2253 668,2254 669,2254 669,2256 668,2256 668,2257 667,2257 667,2258 664,2258 664,2273 663,2273 663,2275 662,2275 662,2276 661,2276 661,2277 660,2277 660,2278 659,2278 659,2279 655,2279 655,2280 569,2280 569,2287 568,2287 568,2289 567,2289 567,2290 566,2290 566,2291 563,2291 563,2274 524,2274 524,2273 522,2273 522,2272 521,2272 521,2271 520,2271 520,2270 519,2270 519,2269 518,2269 518,2267 517,2267 517,2265 516,2265 516,2262 517,2262 517,2258 518,2258 518,2255 519,2255 519,2254 520,2254 520,2253 521,2253 521,2252 522,2252 522,2250 524,2250 524,2249 526,2249 526,2230 528,2230 528,2229 539,2229 539,2228 541,2228 541,2227"/>
	<TextEquiv>
	<Unicode>ὄψεις</Unicode></TextEquiv></Word>
	<Word id="r262">
	<Coords points="818,2226 818,2229 819,2229 819,2231 820,2231 820,2234 821,2234 821,2236 822,2236 822,2238 823,2238 823,2241 824,2241 824,2248 829,2248 829,2264 834,2264 834,2266 833,2266 833,2269 832,2269 832,2270 831,2270 831,2271 830,2271 830,2272 829,2272 829,2273 828,2273 828,2274 783,2274 783,2275 712,2275 712,2276 711,2276 711,2280 710,2280 710,2282 709,2282 709,2288 708,2288 708,2290 704,2290 704,2288 703,2288 703,2287 704,2287 704,2285 705,2285 705,2281 706,2281 706,2278 707,2278 707,2276 708,2276 708,2273 709,2273 709,2268 710,2268 710,2264 711,2264 711,2262 712,2262 712,2259 713,2259 713,2255 714,2255 714,2253 715,2253 715,2251 716,2251 716,2250 733,2250 733,2249 757,2249 757,2248 813,2248 813,2227 814,2227 814,2226"/>
	<TextEquiv>
	<Unicode>μετὰ</Unicode></TextEquiv></Word>
	<Word id="r263">
	<Coords points="1116,2231 1116,2232 1118,2232 1118,2233 1119,2233 1119,2234 1120,2234 1120,2235 1121,2235 1121,2236 1122,2236 1122,2249 1124,2249 1124,2250 1125,2250 1125,2256 1124,2256 1124,2259 1123,2259 1123,2262 1122,2262 1122,2264 1121,2264 1121,2266 1120,2266 1120,2267 1119,2267 1119,2269 1117,2269 1117,2270 1116,2270 1116,2271 1115,2271 1115,2272 1114,2272 1114,2273 1111,2273 1111,2274 1007,2274 1007,2286 1006,2286 1006,2289 1005,2289 1005,2290 1002,2290 1002,2275 862,2275 862,2274 860,2274 861,2274 861,2272 862,2272 862,2268 863,2268 863,2264 864,2264 864,2263 865,2263 865,2258 866,2258 866,2256 867,2256 867,2253 868,2253 868,2250 869,2250 869,2249 885,2249 885,2248 963,2248 963,2247 964,2247 964,2248 1105,2248 1105,2237 1106,2237 1106,2235 1107,2235 1107,2233 1109,2233 1109,2232 1110,2232 1110,2231"/>
	<TextEquiv>
	<Unicode>κονιορτοῦ</Unicode></TextEquiv></Word>
	<Word id="r264">
	<Coords points="1284,2224 1284,2225 1285,2225 1285,2247 1402,2247 1402,2248 1452,2248 1452,2249 1453,2249 1453,2251 1454,2251 1454,2255 1453,2255 1453,2256 1452,2256 1452,2257 1437,2257 1437,2259 1436,2259 1436,2261 1435,2261 1435,2262 1434,2262 1434,2263 1433,2263 1433,2265 1432,2265 1432,2266 1431,2266 1431,2268 1429,2268 1429,2269 1427,2269 1427,2270 1426,2270 1426,2271 1423,2271 1423,2272 1421,2272 1421,2273 1419,2273 1419,2274 1359,2274 1359,2275 1297,2275 1297,2279 1296,2279 1296,2283 1295,2283 1295,2287 1294,2287 1294,2288 1293,2288 1293,2289 1178,2289 1178,2290 1175,2290 1175,2289 1174,2289 1174,2273 1173,2273 1173,2272 1171,2272 1171,2271 1169,2271 1169,2270 1168,2270 1168,2269 1167,2269 1167,2268 1166,2268 1166,2266 1165,2266 1165,2263 1164,2263 1165,2263 1165,2257 1166,2257 1166,2256 1167,2256 1167,2255 1168,2255 1168,2252 1169,2252 1169,2251 1171,2251 1171,2250 1173,2250 1173,2249 1175,2249 1175,2248 1184,2248 1184,2235 1185,2235 1185,2233 1186,2233 1186,2232 1188,2232 1188,2231 1278,2231 1278,2229 1279,2229 1279,2228 1280,2228 1280,2226 1281,2226 1281,2224"/>
	<TextEquiv>
	<Unicode>φερόμενον·</Unicode></TextEquiv></Word>
	<Word id="r265">
	<Coords points="1518,2225 1518,2226 1519,2226 1519,2228 1520,2228 1520,2229 1521,2229 1521,2232 1522,2232 1522,2234 1523,2234 1523,2236 1524,2236 1524,2238 1525,2238 1525,2240 1526,2240 1526,2249 1527,2249 1527,2250 1528,2250 1528,2251 1529,2251 1529,2254 1530,2254 1530,2263 1529,2263 1529,2264 1528,2264 1528,2266 1527,2266 1527,2268 1526,2268 1526,2269 1525,2269 1525,2270 1523,2270 1523,2271 1522,2271 1522,2272 1521,2272 1521,2273 1517,2273 1517,2274 1516,2274 1516,2273 1512,2273 1512,2271 1510,2271 1510,2270 1508,2270 1508,2268 1507,2268 1507,2263 1506,2263 1506,2259 1507,2259 1507,2234 1508,2234 1508,2233 1509,2233 1509,2232 1514,2232 1514,2226 1515,2226 1515,2225"/>
	<TextEquiv>
	<Unicode>ὃ</Unicode></TextEquiv></Word>
	<Word id="r266">
	<Coords points="1633,2226 1633,2227 1634,2227 1634,2228 1635,2228 1635,2229 1636,2229 1636,2232 1637,2232 1637,2234 1638,2234 1638,2237 1639,2237 1639,2241 1640,2241 1640,2242 1641,2242 1641,2264 1644,2264 1644,2266 1643,2266 1643,2268 1642,2268 1642,2270 1641,2270 1641,2271 1640,2271 1640,2272 1639,2272 1639,2273 1638,2273 1638,2274 1635,2274 1635,2275 1597,2275 1597,2274 1558,2274 1558,2273 1557,2273 1557,2272 1556,2272 1557,2272 1557,2270 1558,2270 1558,2267 1559,2267 1559,2265 1560,2265 1560,2262 1561,2262 1561,2259 1562,2259 1562,2257 1563,2257 1563,2253 1564,2253 1564,2249 1565,2249 1565,2248 1566,2248 1566,2247 1630,2247 1630,2227 1631,2227 1631,2226"/>
	<TextEquiv>
	<Unicode>καὶ</Unicode></TextEquiv></Word>
	<TextEquiv>
	<Unicode>Ῥωμαίων ὄψεις μετὰ κονιορτοῦ φερόμενον· ὃ καὶ</Unicode></TextEquiv></TextLine>
	<TextLine id="r71">
	<Coords points="1537,2292 1537,2293 1539,2293 1539,2294 1540,2294 1540,2315 1597,2315 1597,2316 1615,2316 1615,2317 1621,2317 1621,2318 1622,2318 1622,2319 1623,2319 1623,2320 1624,2320 1624,2321 1625,2321 1625,2333 1637,2333 1637,2334 1639,2334 1639,2335 1640,2335 1640,2337 1641,2337 1641,2339 1640,2339 1640,2341 1639,2341 1639,2342 1619,2342 1619,2344 1618,2344 1618,2345 1617,2345 1617,2346 1615,2346 1615,2347 1611,2347 1611,2343 1487,2343 1487,2345 1486,2345 1486,2349 1485,2349 1485,2351 1484,2351 1484,2354 1483,2354 1483,2355 1482,2355 1482,2354 1481,2354 1481,2342 1302,2342 1302,2343 1301,2343 1301,2344 1300,2344 1300,2345 1298,2345 1298,2346 1294,2346 1294,2343 1066,2343 1066,2344 1065,2344 1065,2353 1064,2353 1064,2355 1063,2355 1063,2358 1062,2358 1062,2359 970,2359 970,2358 969,2358 969,2344 891,2344 891,2343 666,2343 666,2345 665,2345 665,2346 664,2346 664,2347 662,2347 662,2348 660,2348 660,2349 658,2349 658,2348 657,2348 657,2344 628,2344 628,2343 369,2343 369,2342 231,2342 231,2346 230,2346 230,2348 229,2348 229,2353 228,2353 228,2355 227,2355 227,2356 226,2356 226,2357 223,2357 223,2355 222,2355 222,2352 223,2352 223,2349 224,2349 224,2346 225,2346 225,2343 226,2343 226,2340 227,2340 227,2336 228,2336 228,2333 229,2333 229,2330 230,2330 230,2326 231,2326 231,2324 232,2324 232,2320 233,2320 233,2318 234,2318 234,2316 284,2316 284,2308 285,2308 285,2305 286,2305 286,2304 287,2304 287,2301 288,2301 288,2300 289,2300 289,2297 290,2297 290,2296 291,2296 291,2295 295,2295 295,2301 304,2301 304,2302 307,2302 307,2303 309,2303 309,2304 310,2304 310,2305 311,2305 311,2306 313,2306 313,2308 314,2308 314,2310 315,2310 315,2312 316,2312 316,2314 317,2314 317,2315 318,2315 318,2316 347,2316 347,2317 537,2317 537,2298 538,2298 538,2296 632,2296 632,2295 632,2296 634,2296 634,2297 794,2297 794,2296 795,2296 795,2295 796,2295 796,2294 799,2294 799,2295 800,2295 800,2296 801,2296 801,2303 817,2303 817,2304 819,2304 819,2305 820,2305 820,2306 821,2306 821,2307 822,2307 822,2308 823,2308 823,2309 824,2309 824,2310 825,2310 825,2312 826,2312 826,2313 827,2313 827,2315 856,2315 856,2316 1101,2316 1101,2306 1102,2306 1102,2304 1103,2304 1103,2302 1104,2302 1104,2300 1106,2300 1106,2299 1109,2299 1109,2298 1112,2298 1112,2299 1114,2299 1114,2300 1115,2300 1115,2301 1117,2301 1117,2302 1118,2302 1118,2304 1119,2304 1119,2316 1266,2316 1266,2294 1270,2294 1270,2295 1271,2295 1271,2298 1272,2298 1272,2301 1273,2301 1273,2304 1274,2304 1274,2308 1275,2308 1275,2316 1420,2316 1420,2302 1421,2302 1421,2301 1423,2301 1423,2302 1426,2302 1426,2303 1428,2303 1428,2304 1530,2304 1530,2302 1531,2302 1531,2300 1532,2300 1532,2298 1533,2298 1533,2296 1534,2296 1534,2294 1535,2294 1535,2293 1536,2293 1536,2292"/>
	<Word id="r313">
	<Coords points="295,2295 295,2301 304,2301 304,2302 307,2302 307,2303 309,2303 309,2304 310,2304 310,2305 311,2305 311,2306 313,2306 313,2308 314,2308 314,2310 315,2310 315,2312 316,2312 316,2314 317,2314 317,2315 318,2315 318,2316 347,2316 347,2317 455,2317 455,2318 456,2318 456,2333 460,2333 460,2335 461,2335 460,2335 460,2336 459,2336 459,2337 458,2337 458,2339 457,2339 457,2340 456,2340 456,2341 455,2341 455,2342 453,2342 453,2343 369,2343 369,2342 231,2342 231,2346 230,2346 230,2348 229,2348 229,2353 228,2353 228,2355 227,2355 227,2356 226,2356 226,2357 223,2357 223,2355 222,2355 222,2352 223,2352 223,2349 224,2349 224,2346 225,2346 225,2343 226,2343 226,2340 227,2340 227,2336 228,2336 228,2333 229,2333 229,2330 230,2330 230,2326 231,2326 231,2324 232,2324 232,2320 233,2320 233,2318 234,2318 234,2316 284,2316 284,2308 285,2308 285,2305 286,2305 286,2304 287,2304 287,2301 288,2301 288,2300 289,2300 289,2297 290,2297 290,2296 291,2296 291,2295"/>
	<TextEquiv>
	<Unicode>μάλιστα</Unicode></TextEquiv></Word>
	<Word id="r314">
	<Coords points="632,2296 634,2296 634,2298 635,2298 635,2301 636,2301 636,2303 637,2303 637,2307 638,2307 638,2309 639,2309 639,2317 664,2317 664,2318 668,2318 668,2319 669,2319 669,2320 670,2320 670,2321 671,2321 671,2323 672,2323 672,2324 671,2324 671,2326 667,2326 667,2343 666,2343 666,2345 665,2345 665,2346 664,2346 664,2347 662,2347 662,2348 660,2348 660,2349 658,2349 658,2348 657,2348 657,2344 628,2344 628,2343 494,2343 494,2342 491,2342 491,2341 490,2341 490,2340 489,2340 489,2339 488,2339 488,2336 487,2336 488,2336 488,2332 489,2332 489,2329 490,2329 490,2326 491,2326 491,2324 492,2324 492,2323 493,2323 493,2322 494,2322 494,2321 495,2321 495,2320 496,2320 496,2319 498,2319 498,2318 500,2318 500,2317 537,2317 537,2298 538,2298 538,2296 632,2296 632,2295"/>
	<TextEquiv>
	<Unicode>αὐτοὺς</Unicode></TextEquiv></Word>
	<Word id="r315">
	<Coords points="799,2294 799,2295 800,2295 800,2296 801,2296 801,2303 817,2303 817,2304 819,2304 819,2305 820,2305 820,2306 821,2306 821,2307 822,2307 822,2308 823,2308 823,2309 824,2309 824,2310 825,2310 825,2312 826,2312 826,2313 827,2313 827,2315 856,2315 856,2316 898,2316 898,2317 900,2317 900,2318 901,2318 901,2321 900,2321 900,2322 899,2322 899,2341 898,2341 898,2342 897,2342 897,2343 895,2343 895,2344 891,2344 891,2343 717,2343 717,2342 715,2342 715,2341 714,2341 714,2340 713,2340 713,2339 712,2339 712,2338 711,2338 711,2337 710,2337 710,2332 709,2332 709,2330 710,2330 710,2326 711,2326 711,2324 712,2324 712,2322 713,2322 713,2321 715,2321 715,2320 716,2320 716,2319 718,2319 718,2318 720,2318 720,2317 723,2317 723,2299 724,2299 724,2298 725,2298 725,2297 794,2297 794,2296 795,2296 795,2295 796,2295 796,2294"/>
	<TextEquiv>
	<Unicode>ἐκώλυε</Unicode></TextEquiv></Word>
	<Word id="r316">
	<Coords points="1112,2298 1112,2299 1114,2299 1114,2300 1115,2300 1115,2301 1117,2301 1117,2302 1118,2302 1118,2304 1119,2304 1119,2316 1153,2316 1153,2317 1154,2317 1154,2324 1153,2324 1153,2325 1152,2325 1152,2327 1151,2327 1151,2329 1150,2329 1150,2331 1149,2331 1149,2332 1148,2332 1148,2333 1147,2333 1147,2334 1146,2334 1146,2335 1145,2335 1145,2336 1143,2336 1143,2337 1142,2337 1142,2338 1141,2338 1141,2339 1140,2339 1140,2340 1138,2340 1138,2341 1136,2341 1136,2342 1133,2342 1133,2343 1066,2343 1066,2344 1065,2344 1065,2353 1064,2353 1064,2355 1063,2355 1063,2358 1062,2358 1062,2359 970,2359 970,2358 969,2358 969,2344 935,2344 935,2343 934,2343 934,2329 928,2329 928,2328 927,2328 927,2322 928,2322 928,2320 929,2320 929,2319 930,2319 930,2318 933,2318 933,2317 985,2317 985,2316 1101,2316 1101,2306 1102,2306 1102,2304 1103,2304 1103,2302 1104,2302 1104,2300 1106,2300 1106,2299 1109,2299 1109,2298"/>
	<TextEquiv>
	<Unicode>προορᾶν</Unicode></TextEquiv></Word>
	<Word id="r317">
	<Coords points="1270,2294 1270,2295 1271,2295 1271,2298 1272,2298 1272,2301 1273,2301 1273,2304 1274,2304 1274,2308 1275,2308 1275,2316 1303,2316 1303,2317 1305,2317 1305,2318 1307,2318 1307,2320 1308,2320 1308,2321 1309,2321 1309,2323 1308,2323 1308,2324 1307,2324 1307,2325 1303,2325 1303,2342 1302,2342 1302,2343 1301,2343 1301,2344 1300,2344 1300,2345 1298,2345 1298,2346 1294,2346 1294,2343 1202,2343 1202,2342 1201,2342 1201,2327 1194,2327 1194,2326 1193,2326 1193,2320 1194,2320 1194,2319 1195,2319 1195,2318 1197,2318 1197,2317 1215,2317 1215,2316 1266,2316 1266,2294"/>
	<TextEquiv>
	<Unicode>τοὺς</Unicode></TextEquiv></Word>
	<Word id="r318">
	<Coords points="1537,2292 1537,2293 1539,2293 1539,2294 1540,2294 1540,2315 1597,2315 1597,2316 1615,2316 1615,2317 1621,2317 1621,2318 1622,2318 1622,2319 1623,2319 1623,2320 1624,2320 1624,2321 1625,2321 1625,2333 1637,2333 1637,2334 1639,2334 1639,2335 1640,2335 1640,2337 1641,2337 1641,2339 1640,2339 1640,2341 1639,2341 1639,2342 1619,2342 1619,2344 1618,2344 1618,2345 1617,2345 1617,2346 1615,2346 1615,2347 1611,2347 1611,2343 1487,2343 1487,2345 1486,2345 1486,2349 1485,2349 1485,2351 1484,2351 1484,2354 1483,2354 1483,2355 1482,2355 1482,2354 1481,2354 1481,2342 1370,2342 1370,2341 1355,2341 1355,2326 1348,2326 1348,2322 1349,2322 1349,2320 1350,2320 1350,2319 1353,2319 1353,2318 1360,2318 1360,2317 1402,2317 1402,2316 1420,2316 1420,2302 1421,2302 1421,2301 1423,2301 1423,2302 1426,2302 1426,2303 1428,2303 1428,2304 1530,2304 1530,2302 1531,2302 1531,2300 1532,2300 1532,2298 1533,2298 1533,2296 1534,2296 1534,2294 1535,2294 1535,2293 1536,2293 1536,2292"/>
	<TextEquiv>
	<Unicode>πολεμίους.</Unicode></TextEquiv></Word>
	<TextEquiv>
	<Unicode>μάλιστα αὐτοὺς ἐκώλυε προορᾶν τοὺς πολεμίους.</Unicode></TextEquiv></TextLine>
	<TextLine id="r13">
	<Coords points="1624,2361 1626,2361 1626,2362 1628,2362 1628,2363 1629,2363 1629,2366 1630,2366 1630,2368 1631,2368 1631,2371 1632,2371 1632,2373 1633,2373 1633,2376 1634,2376 1634,2377 1635,2377 1635,2383 1638,2383 1638,2384 1639,2384 1639,2401 1640,2401 1640,2403 1641,2403 1641,2404 1640,2404 1640,2406 1639,2406 1639,2408 1638,2408 1638,2409 1620,2409 1620,2410 1601,2410 1601,2411 1599,2411 1599,2412 1595,2412 1595,2411 1570,2411 1570,2410 1467,2410 1467,2411 1466,2411 1466,2420 1465,2420 1465,2426 1461,2426 1461,2425 1460,2425 1460,2411 1297,2411 1297,2413 1296,2413 1296,2418 1295,2418 1295,2421 1294,2421 1294,2422 1258,2422 1258,2424 1257,2424 1257,2426 1253,2426 1253,2425 1252,2425 1252,2411 1094,2411 1094,2412 1021,2412 1021,2413 1019,2413 1019,2412 890,2412 890,2418 889,2418 889,2423 888,2423 888,2425 887,2425 887,2428 883,2428 883,2427 882,2427 882,2426 881,2426 881,2418 836,2418 836,2417 835,2417 835,2413 687,2413 687,2418 686,2418 686,2420 685,2420 685,2422 684,2422 684,2424 680,2424 680,2423 679,2423 679,2412 663,2412 663,2411 535,2411 535,2415 534,2415 534,2419 533,2419 533,2422 532,2422 532,2424 531,2424 531,2425 528,2425 528,2424 527,2424 527,2413 410,2413 410,2415 409,2415 409,2419 408,2419 408,2421 407,2421 407,2423 405,2423 405,2411 325,2411 325,2410 234,2410 234,2409 233,2409 233,2393 225,2393 225,2391 224,2391 224,2390 225,2390 225,2386 226,2386 226,2385 227,2385 227,2384 229,2384 229,2383 275,2383 275,2377 276,2377 276,2375 277,2375 277,2374 278,2374 278,2372 279,2372 279,2370 280,2370 280,2368 281,2368 281,2366 282,2366 282,2365 283,2365 283,2364 284,2364 284,2363 285,2363 285,2362 287,2362 287,2363 288,2363 288,2364 289,2364 289,2384 417,2384 417,2380 418,2380 418,2377 419,2377 419,2375 420,2375 420,2373 421,2373 421,2372 422,2372 422,2371 424,2371 424,2370 425,2370 425,2369 426,2369 426,2368 427,2368 427,2367 466,2367 466,2365 467,2365 467,2364 468,2364 468,2363 470,2363 470,2364 471,2364 471,2371 579,2371 579,2370 580,2370 580,2368 581,2368 581,2366 583,2366 583,2365 584,2365 584,2364 589,2364 589,2366 624,2366 624,2367 627,2367 627,2368 630,2368 630,2369 631,2369 631,2370 632,2370 632,2371 633,2371 633,2372 634,2372 634,2375 635,2375 635,2385 769,2385 769,2376 770,2376 770,2374 771,2374 771,2372 772,2372 772,2370 773,2370 773,2368 774,2368 774,2366 775,2366 775,2365 777,2365 777,2366 778,2366 778,2384 929,2384 929,2364 930,2364 930,2362 933,2362 933,2363 934,2363 934,2365 935,2365 935,2367 936,2367 936,2368 937,2368 937,2371 938,2371 938,2373 939,2373 939,2376 940,2376 940,2377 941,2377 941,2385 1074,2385 1074,2376 1075,2376 1075,2375 1076,2375 1076,2373 1077,2373 1077,2371 1078,2371 1078,2369 1079,2369 1079,2368 1080,2368 1080,2366 1081,2366 1081,2364 1083,2364 1083,2363 1086,2363 1086,2384 1231,2384 1231,2376 1232,2376 1232,2366 1234,2366 1234,2365 1314,2365 1314,2364 1317,2364 1317,2363 1400,2363 1400,2383 1568,2383 1568,2365 1569,2365 1569,2364 1570,2364 1570,2363 1571,2363 1571,2362 1624,2362"/>
	<Word id="r97">
	<Coords points="287,2362 287,2363 288,2363 288,2364 289,2364 289,2404 288,2404 288,2405 287,2405 287,2407 286,2407 286,2408 284,2408 284,2409 282,2409 282,2410 234,2410 234,2409 233,2409 233,2393 225,2393 225,2391 224,2391 224,2390 225,2390 225,2386 226,2386 226,2385 227,2385 227,2384 229,2384 229,2383 275,2383 275,2377 276,2377 276,2375 277,2375 277,2374 278,2374 278,2372 279,2372 279,2370 280,2370 280,2368 281,2368 281,2366 282,2366 282,2365 283,2365 283,2364 284,2364 284,2363 285,2363 285,2362"/>
	<TextEquiv>
	<Unicode>τά</Unicode></TextEquiv></Word>
	<Word id="r98">
	<Coords points="366,2384 366,2385 368,2385 368,2386 369,2386 369,2389 368,2389 368,2390 367,2390 367,2408 366,2408 366,2409 365,2409 365,2410 364,2410 364,2411 325,2411 325,2410 324,2410 324,2409 323,2409 323,2394 316,2394 316,2393 315,2393 315,2388 316,2388 316,2386 317,2386 317,2385 320,2385 320,2384"/>
	<TextEquiv>
	<Unicode>τε</Unicode></TextEquiv></Word>
	<Word id="r99">
	<Coords points="470,2363 470,2364 471,2364 471,2371 479,2371 479,2372 482,2372 482,2373 484,2373 484,2374 485,2374 485,2375 486,2375 486,2376 488,2376 488,2378 489,2378 489,2379 490,2379 490,2382 491,2382 491,2385 492,2385 492,2386 536,2386 536,2387 537,2387 537,2388 538,2388 538,2389 539,2389 539,2390 540,2390 540,2398 539,2398 539,2401 538,2401 538,2404 537,2404 537,2409 536,2409 536,2411 535,2411 535,2415 534,2415 534,2419 533,2419 533,2422 532,2422 532,2424 531,2424 531,2425 528,2425 528,2424 527,2424 527,2413 410,2413 410,2415 409,2415 409,2419 408,2419 408,2421 407,2421 407,2423 405,2423 405,2416 406,2416 406,2412 407,2412 407,2408 408,2408 408,2406 409,2406 409,2404 410,2404 410,2399 411,2399 411,2396 412,2396 412,2394 413,2394 413,2390 414,2390 414,2386 415,2386 415,2385 416,2385 416,2384 417,2384 417,2380 418,2380 418,2377 419,2377 419,2375 420,2375 420,2373 421,2373 421,2372 422,2372 422,2371 424,2371 424,2370 425,2370 425,2369 426,2369 426,2368 427,2368 427,2367 466,2367 466,2365 467,2365 467,2364 468,2364 468,2363"/>
	<TextEquiv>
	<Unicode>βέλη</Unicode></TextEquiv></Word>
	<Word id="r100">
	<Coords points="589,2364 589,2366 624,2366 624,2367 627,2367 627,2368 630,2368 630,2369 631,2369 631,2370 632,2370 632,2371 633,2371 633,2372 634,2372 634,2375 635,2375 635,2385 769,2385 769,2376 770,2376 770,2374 771,2374 771,2372 772,2372 772,2370 773,2370 773,2368 774,2368 774,2366 775,2366 775,2365 777,2365 777,2366 778,2366 778,2384 842,2384 842,2385 846,2385 846,2386 847,2386 847,2387 849,2387 849,2388 850,2388 850,2390 851,2390 851,2394 850,2394 850,2395 847,2395 847,2411 846,2411 846,2413 845,2413 845,2415 844,2415 844,2416 843,2416 843,2417 840,2417 840,2418 836,2418 836,2417 835,2417 835,2413 687,2413 687,2418 686,2418 686,2420 685,2420 685,2422 684,2422 684,2424 680,2424 680,2423 679,2423 679,2412 663,2412 663,2411 597,2411 597,2380 584,2380 584,2379 582,2379 582,2378 581,2378 581,2376 580,2376 580,2375 579,2375 579,2370 580,2370 580,2368 581,2368 581,2366 583,2366 583,2365 584,2365 584,2364"/>
	<TextEquiv>
	<Unicode>Ῥωμαίοις</Unicode></TextEquiv></Word>
	<Word id="r101">
	<Coords points="933,2362 933,2363 934,2363 934,2365 935,2365 935,2367 936,2367 936,2368 937,2368 937,2371 938,2371 938,2373 939,2373 939,2376 940,2376 940,2377 941,2377 941,2385 943,2385 943,2386 972,2386 972,2389 973,2389 973,2391 972,2391 972,2393 971,2393 971,2397 970,2397 970,2399 969,2399 969,2401 967,2401 967,2402 966,2402 966,2403 965,2403 965,2404 964,2404 964,2405 963,2405 963,2406 962,2406 962,2407 960,2407 960,2408 958,2408 958,2409 957,2409 957,2410 954,2410 954,2411 951,2411 951,2412 890,2412 890,2418 889,2418 889,2423 888,2423 888,2425 887,2425 887,2428 883,2428 883,2427 882,2427 882,2426 881,2426 881,2424 882,2424 882,2422 883,2422 883,2419 884,2419 884,2415 885,2415 885,2413 886,2413 886,2409 887,2409 887,2405 888,2405 888,2402 889,2402 889,2400 890,2400 890,2396 891,2396 891,2393 892,2393 892,2390 893,2390 893,2388 894,2388 894,2386 896,2386 896,2385 929,2385 929,2364 930,2364 930,2362"/>
	<TextEquiv>
	<Unicode>μὲν</Unicode></TextEquiv></Word>
	<Word id="r102">
	<Coords points="1086,2363 1086,2384 1181,2384 1181,2400 1185,2400 1185,2401 1184,2401 1184,2403 1183,2403 1183,2405 1182,2405 1182,2407 1181,2407 1181,2408 1180,2408 1180,2409 1178,2409 1178,2410 1134,2410 1134,2411 1094,2411 1094,2412 1021,2412 1021,2413 1019,2413 1019,2412 1017,2412 1017,2396 1012,2396 1012,2394 1011,2394 1011,2391 1012,2391 1012,2388 1013,2388 1013,2386 1015,2386 1015,2385 1074,2385 1074,2376 1075,2376 1075,2375 1076,2375 1076,2373 1077,2373 1077,2371 1078,2371 1078,2369 1079,2369 1079,2368 1080,2368 1080,2366 1081,2366 1081,2364 1083,2364 1083,2363"/>
	<TextEquiv>
	<Unicode>πάντα</Unicode></TextEquiv></Word>
	<Word id="r103">
	<Coords points="1400,2363 1400,2383 1482,2383 1482,2384 1522,2384 1522,2400 1525,2400 1525,2403 1524,2403 1524,2405 1523,2405 1523,2407 1522,2407 1522,2408 1504,2408 1504,2409 1479,2409 1479,2410 1467,2410 1467,2411 1466,2411 1466,2420 1465,2420 1465,2426 1461,2426 1461,2425 1460,2425 1460,2411 1297,2411 1297,2413 1296,2413 1296,2418 1295,2418 1295,2421 1294,2421 1294,2422 1258,2422 1258,2424 1257,2424 1257,2426 1253,2426 1253,2425 1252,2425 1252,2411 1225,2411 1225,2410 1224,2410 1224,2409 1222,2409 1222,2408 1221,2408 1221,2407 1220,2407 1220,2406 1219,2406 1219,2400 1220,2400 1220,2395 1221,2395 1221,2393 1222,2393 1222,2392 1224,2392 1224,2391 1225,2391 1225,2388 1226,2388 1226,2387 1227,2387 1227,2386 1228,2386 1228,2385 1231,2385 1231,2376 1232,2376 1232,2366 1234,2366 1234,2365 1314,2365 1314,2364 1317,2364 1317,2363"/>
	<TextEquiv>
	<Unicode>ἀμβλύτερα</Unicode></TextEquiv></Word>
	<Word id="r104">
	<Coords points="1626,2361 1626,2362 1628,2362 1628,2363 1629,2363 1629,2366 1630,2366 1630,2368 1631,2368 1631,2371 1632,2371 1632,2373 1633,2373 1633,2376 1634,2376 1634,2377 1635,2377 1635,2383 1638,2383 1638,2384 1639,2384 1639,2401 1640,2401 1640,2403 1641,2403 1641,2404 1640,2404 1640,2406 1639,2406 1639,2408 1638,2408 1638,2409 1620,2409 1620,2410 1601,2410 1601,2411 1599,2411 1599,2412 1595,2412 1595,2411 1570,2411 1570,2410 1568,2410 1568,2409 1566,2409 1566,2407 1564,2407 1564,2405 1563,2405 1563,2401 1562,2401 1562,2398 1563,2398 1563,2395 1564,2395 1564,2392 1566,2392 1566,2390 1567,2390 1567,2389 1568,2389 1568,2365 1569,2365 1569,2364 1570,2364 1570,2363 1571,2363 1571,2362 1624,2362 1624,2361"/>
	<TextEquiv>
	<Unicode>διὰ</Unicode></TextEquiv></Word>
	<TextEquiv>
	<Unicode>τά τε βέλη Ῥωμαίοις μὲν πάντα ἀμβλύτερα διὰ</Unicode></TextEquiv></TextLine>
	<TextLine id="r338">
	<Coords points="167,2432 167,2551 383,2551 383,2432"/>
	<Word id="r344">
	<Coords points="203,2435 203,2535 364,2535 364,2435"/>
	<TextEquiv>
	<Unicode>338</Unicode></TextEquiv></Word>
	<TextEquiv>
	<Unicode>338</Unicode></TextEquiv></TextLine></TextRegion></Page></PcGts>
