1747 2693
118 270 220 309 CAP.

150 313 202 343 IV

293 100 616 206 APPIAN'S
638 103 896 200 ROMAN
919 109 1267 196 HISTORY,
1277 100 1470 209 BOOK
1490 119 1600 203 VII

243 251 335 312 τὴν
369 252 669 301 ἀντιπνοιαν
712 252 787 313 ἦν,
817 257 923 305 τοῖς
966 253 1017 302 δὲ
1056 254 1260 320 ἐχθροῖς
1303 256 1543 321 ἐπιτυχῆ,
1571 260 1658 305 τοῦ

242 327 532 390 πνεύματος
574 327 667 388 τὴν
705 327 877 387 βολὴν
919 329 1285 383 συνωθοῦντος.
1360 329 1407 378 οἱ
1450 331 1500 379 δὲ
1546 334 1661 382 οὔτε

243 401 496 452 ἐκκλίνειν
544 401 678 450 αὐτὰ
725 406 1044 467 προορῶντες
1094 402 1197 451 οὔτ᾽
1247 404 1453 470 ἀφιέναι
1491 410 1661 459 καλῶς

243 477 527 540 δυνάμενοι,
573 476 732 543 σφίσι
782 499 837 526 τε
885 478 1060 530 αὐτοῖς
1110 481 1520 543 περιπταίοντες,
1566 481 1661 543 ἤδη

242 551 491 606 ποικίλως
517 553 876 617 ἐθορυβοῦντο.

314 633 389 675 23.
430 625 559 677 Τότε
596 627 655 688 δὴ
697 627 785 677 τὸν
821 627 999 685 καιρὸν
1031 626 1244 692 ὁρῶντες
1283 628 1372 679 τὸν
1406 631 1660 693 ἐπηγγελ-

243 702 392 764 μένον
419 701 607 767 σφίσιν
633 701 679 751 οἱ
706 704 1060 758 πεντακόσιοι,
1089 701 1153 752 τὰ
1194 702 1318 769 ξίφη
1357 703 1423 753 τὰ
1459 705 1660 770 βραχύ-

246 798 366 840 τερα
425 778 481 826 ἐκ
542 780 642 826 τῶν
706 777 918 826 κόλπων
979 778 1377 833 ἐπισπάσαντες
1426 781 1661 845 πρώτους

245 851 463 916 ἀνῄρουν
491 851 559 901 ὧν
597 853 733 914 ἦσαν
771 852 958 909 ὀπίσω,
986 852 1117 914 μετὰ
1156 853 1195 902 δ᾽
1235 853 1470 911 ἐκείνους,
1499 856 1662 919 ἁρπά-

245 947 431 980 σαντες
458 929 627 977 αὐτῶν
653 925 717 976 τὰ
747 925 871 993 ξίφη
898 925 962 977 τὰ
998 929 1155 991 μείζω
1194 928 1279 977 καὶ
1320 928 1410 983 τὰς
1437 929 1663 983 ἀσπίδας

246 1003 332 1051 καὶ
371 1001 436 1051 τὰ
482 1001 689 1067 δόρατα,
717 1006 884 1053 πᾶσιν
928 1002 1205 1053 ἐνέπιπτον
1243 1005 1331 1053 καὶ
1367 1005 1664 1068 μετεπήδων

245 1077 483 1142 ἀφειδῶς·
540 1079 627 1127 καὶ
678 1077 834 1143 φόνον
879 1078 1174 1142 εἰργάζοντο
1226 1084 1483 1129 πλεῖστον
1526 1080 1662 1130 οὗτοι

243 1153 496 1217 μάλιστα,
525 1152 616 1202 ἅτε
652 1153 863 1203 πάντων
903 1154 1044 1206 ὄντες
1083 1152 1267 1203 ὀπίσω.
1341 1155 1399 1204 τό
1426 1176 1481 1204 τε
1508 1155 1666 1205 κακὸν

245 1228 339 1291 ἤδη
367 1227 506 1278 πολὺ
532 1232 638 1282 τοῖς
673 1227 945 1290 Ῥωμαίοις
985 1228 1072 1277 καὶ
1110 1230 1354 1278 ποικίλον
1380 1229 1456 1293 ἦν,
1484 1251 1664 1279 πονου-

245 1303 413 1368 μένοις
449 1304 541 1368 μὲν
588 1302 687 1353 ὑπὸ
732 1307 834 1354 τῶν
873 1304 1130 1361 ἐναντίων,
1170 1304 1587 1371 κεκυκλωμένοις
1626 1306 1664 1355 δ᾽

247 1378 347 1428 ὑπὸ
384 1384 474 1442 τῆς
513 1377 729 1445 ἐνέδρας,
769 1377 1150 1445 ἀναιρουμένοις
1190 1378 1231 1427 δ᾽
1272 1378 1370 1428 ὑπὸ
1409 1383 1510 1429 τῶν
1545 1382 1665 1430 ἀνα-

243 1454 581 1519 μεμιγμένων.
656 1453 759 1502 οὐδ᾽
800 1452 1122 1519 ἐπιστρέψαι
1171 1453 1300 1519 πρὸς
1344 1453 1529 1509 αὐτοὺς
1558 1455 1664 1505 ἐδύ-

246 1551 398 1580 ναντο
433 1528 515 1578 διὰ
547 1527 664 1581 τοὺς
702 1527 1051 1590 ἐπικειμένους
1089 1526 1277 1593 σφίσιν
1312 1529 1369 1578 ἐκ
1405 1528 1663 1593 μετώπου·

247 1604 349 1654 οὐδ᾽
375 1602 762 1668 ἐπεγίγνωσκον
789 1603 863 1653 ἔτι
891 1603 1083 1657 αὐτοὺς
1101 1605 1347 1668 εὐμαρῶς,
1373 1602 1665 1668 Ῥωμαϊκὰς

247 1679 476 1733 ἀσπίδας
526 1679 756 1745 ἔχοντας.
853 1678 982 1743 ὑπὲρ
1043 1677 1253 1727 ἅπαντα
1317 1677 1357 1727 δ᾽
1407 1680 1591 1731 αὐτοὺς
1641 1681 1664 1730 ὁ

248 1755 507 1819 κονιορτὸς
531 1754 774 1821 ἠνώχλει,
804 1752 890 1802 καὶ
928 1754 1020 1802 οὐκ
1059 1752 1202 1820 εἶχον
1240 1751 1342 1802 οὐδ᾽
1371 1752 1578 1803 εἰκάσαι
1606 1755 1663 1804 τὸ

249 1826 558 1887 συμβαῖνον,
587 1822 707 1870 ἀλλ᾽
735 1822 840 1870 οἷον
867 1822 918 1870 ἐν
945 1822 1152 1885 θορύβῳ
1182 1822 1267 1870 καὶ
1296 1823 1463 1886 φόβῳ,
1491 1823 1665 1873 πάντα

248 1892 415 1942 πλείω
465 1891 751 1955 νομίζοντες
790 1889 933 1946 εἶναι,
974 1889 1060 1939 καὶ
1110 1889 1201 1942 τὰς
1250 1891 1452 1952 ἐνέδρας
1490 1893 1546 1941 οὐ
1585 1913 1663 1940 το-

249 1960 463 2017 σαύτας,
492 1960 606 2009 οὐδὲ
646 1958 762 2012 τοὺς
799 1957 1175 2010 πεντακοσίους
1213 1957 1398 2012 εἰδότες
1425 1959 1503 2008 ὅτι
1528 1960 1663 2022 ἦσαν

249 2030 604 2085 πεντακόσιοι,
656 2027 778 2076 ἀλλ᾽
829 2027 952 2076 ὅλον
1003 2030 1152 2091 σφῶν
1202 2027 1259 2075 τὸ
1310 2028 1665 2092 στρατόπεδον

250 2097 351 2147 ὑπὸ
416 2096 615 2146 ἱππέων
678 2095 763 2145 καὶ
823 2093 1127 2159 αὐτομόλων
1186 2094 1457 2158 ἡγούμενοι
1518 2118 1661 2146 κεκυ-

249 2168 502 2223 κλῶσθαι,
524 2167 805 2230 τραπέντες
831 2163 1047 2229 ἔφευγον
1072 2162 1327 2227 ἀκόσμως,
1349 2168 1545 2226 πρῶτοι
1571 2165 1663 2226 μὲν

249 2236 297 2284 οἱ
322 2235 408 2284 ἐπὶ
445 2238 536 2283 τοῦ
574 2233 753 2297 δεξιοῦ,
783 2232 870 2282 καὶ
908 2231 931 2280 ὁ
970 2231 1232 2297 Τερέντιος
1268 2234 1441 2286 αὐτοῖς
1478 2234 1663 2302 ἐξῆρχε

248 2308 338 2365 τῆς
375 2308 556 2367 φυγῆς,
594 2301 725 2366 μετὰ
762 2301 801 2350 δ᾽
838 2301 1060 2354 ἐκείνους
1086 2300 1132 2349 οἱ
1169 2299 1226 2349 τὸ
1262 2300 1413 2350 λαιὸν
1439 2301 1659 2368 ἔχοντες,

248 2371 316 2421 ὧν
367 2371 390 2420 ὁ
442 2369 736 2436 Σερουίλιος
785 2368 1064 2433 ἡγούμενος
1111 2368 1242 2428 πρὸς
1290 2368 1380 2419 τὸν
1419 2370 1660 2433 Αἰμίλιον

229 2464 367 2532 340
