<?xml version="1.0" encoding="UTF-8"?>
<PcGts xmlns="http://schema.primaresearch.org/PAGE/gts/pagecontent/2013-07-15" xmlns:xsi="http://www.w3.org/2001/XMLSchema-instance" xsi:schemaLocation="http://schema.primaresearch.org/PAGE/gts/pagecontent/2013-07-15 http://schema.primaresearch.org/PAGE/gts/pagecontent/2013-07-15/pagecontent.xsd">
	<Metadata>
	<Creator></Creator>
	<Created>2014-06-13T00:49:29</Created>
	<LastChange>2014-06-14T20:33:25</LastChange></Metadata>
	<Page imageFilename="0358.jpg" imageWidth="1747" imageHeight="2693">
	<TextRegion id="r329" type="paragraph">
	<Coords points="102,251 102,334 216,334 216,251"/>
	<TextLine id="r330">
	<Coords points="107,255 107,298 215,298 215,255"/>
	<Word id="r333">
	<Coords points="110,258 110,296 215,296 215,258"/>
	<TextEquiv>
	<Unicode>CAP.</Unicode></TextEquiv></Word>
	<TextEquiv>
	<Unicode>CAP.</Unicode></TextEquiv></TextLine>
	<TextLine id="r332">
	<Coords points="136,299 136,333 189,333 189,299"/>
	<Word id="r334">
	<Coords points="138,300 138,333 187,333 187,300"/>
	<TextEquiv>
	<Unicode>IV</Unicode></TextEquiv></Word>
	<TextEquiv>
	<Unicode>IV</Unicode></TextEquiv></TextLine></TextRegion>
	<TextRegion id="r2" type="paragraph">
	<Coords points="187,58 1648,54 1693,223 1691,2517 154,2570 143,2449 218,220"/>
	<TextLine id="r321">
	<Coords points="277,87 277,209 1619,209 1619,87"/>
	<Word id="r323">
	<Coords points="290,93 290,190 622,190 622,93"/>
	<TextEquiv>
	<Unicode>APPIAN'S</Unicode></TextEquiv></Word>
	<Word id="r324">
	<Coords points="632,100 632,180 900,180 900,100"/>
	<TextEquiv>
	<Unicode>ROMAN</Unicode></TextEquiv></Word>
	<Word id="r325">
	<Coords points="912,103 912,183 1251,183 1251,103"/>
	<TextEquiv>
	<Unicode>HISTORY,</Unicode></TextEquiv></Word>
	<Word id="r326">
	<Coords points="1254,106 1254,183 1461,183 1461,106"/>
	<TextEquiv>
	<Unicode>BOOK</Unicode></TextEquiv></Word>
	<Word id="r327">
	<Coords points="1483,103 1483,190 1596,190 1596,103"/>
	<TextEquiv>
	<Unicode>VII</Unicode></TextEquiv></Word>
	<TextEquiv>
	<Unicode>APPIAN'S ROMAN HISTORY, BOOK VII</Unicode></TextEquiv></TextLine>
	<TextLine id="r4">
	<Coords points="925,240 927,240 927,241 929,241 929,242 1098,242 1098,243 1099,243 1099,263 1230,263 1230,244 1232,244 1232,243 1243,243 1243,242 1244,242 1244,241 1245,241 1245,240 1247,240 1247,241 1249,241 1249,242 1250,242 1250,262 1460,262 1460,244 1461,244 1461,243 1462,243 1462,242 1464,242 1464,241 1468,241 1468,242 1469,242 1469,264 1571,264 1571,256 1572,256 1572,252 1573,252 1573,249 1574,249 1574,247 1576,247 1576,246 1579,246 1579,247 1580,247 1580,264 1650,264 1650,265 1651,265 1651,271 1650,271 1650,277 1649,277 1649,278 1648,278 1648,280 1647,280 1647,282 1646,282 1646,283 1644,283 1644,284 1643,284 1643,285 1642,285 1642,286 1641,286 1641,287 1639,287 1639,288 1638,288 1638,289 1636,289 1636,290 1634,290 1634,291 1633,291 1633,292 1629,292 1629,291 1459,291 1459,292 1408,292 1408,291 1258,291 1258,295 1257,295 1257,303 1256,303 1256,304 1255,304 1255,305 1252,305 1252,304 1251,304 1251,291 1020,291 1020,293 1019,293 1019,297 1018,297 1018,301 1017,301 1017,303 1016,303 1016,304 1015,304 1015,305 1012,305 1012,304 1011,304 1011,295 953,295 953,291 834,291 834,292 830,292 830,293 829,293 829,292 714,292 714,295 713,295 713,302 712,302 712,306 711,306 711,307 708,307 708,305 707,305 707,292 605,292 605,293 603,293 603,292 566,292 566,291 463,291 463,292 414,292 414,297 413,297 413,300 412,300 412,303 411,303 411,306 410,306 410,307 343,307 343,308 342,308 342,307 340,307 340,294 244,294 244,293 242,293 242,292 241,292 241,291 240,291 240,290 239,290 239,289 238,289 238,287 237,287 237,285 236,285 236,281 237,281 237,277 238,277 238,275 239,275 239,274 240,274 240,272 241,272 241,248 242,248 242,246 243,246 243,245 302,245 302,244 304,244 304,243 308,243 308,244 327,244 327,245 329,245 329,246 330,246 330,247 332,247 332,248 333,248 333,249 335,249 335,251 336,251 336,252 337,252 337,254 338,254 338,257 339,257 339,265 462,265 462,264 483,264 483,265 597,265 597,246 598,246 598,244 599,244 599,243 601,243 601,244 602,244 602,245 603,245 603,246 604,246 604,248 605,248 605,250 606,250 606,253 607,253 607,255 608,255 608,257 609,257 609,260 610,260 610,263 741,263 741,243 742,243 742,242 745,242 745,243 746,243 746,244 924,244 924,241 925,241"/>
	<Word id="r46">
	<Coords points="308,243 308,244 327,244 327,245 329,245 329,246 330,246 330,247 332,247 332,248 333,248 333,249 335,249 335,251 336,251 336,252 337,252 337,254 338,254 338,257 339,257 339,265 462,265 462,264 483,264 483,265 484,265 484,266 485,266 485,269 486,269 485,269 485,272 484,272 484,273 483,273 483,274 467,274 467,288 466,288 466,290 465,290 465,291 463,291 463,292 414,292 414,297 413,297 413,300 412,300 412,303 411,303 411,306 410,306 410,307 343,307 343,308 342,308 342,307 340,307 340,294 244,294 244,293 242,293 242,292 241,292 241,291 240,291 240,290 239,290 239,289 238,289 238,287 237,287 237,285 236,285 236,281 237,281 237,277 238,277 238,275 239,275 239,274 240,274 240,272 241,272 241,248 242,248 242,246 243,246 243,245 302,245 302,244 304,244 304,243"/>
	<TextEquiv>
	<Unicode>διέδραμε·</Unicode></TextEquiv></Word>
	<Word id="r47">
	<Coords points="601,243 601,244 602,244 602,245 603,245 603,246 604,246 604,248 605,248 605,250 606,250 606,253 607,253 607,255 608,255 608,257 609,257 609,260 610,260 610,281 614,281 614,282 613,282 613,284 612,284 612,286 611,286 611,288 610,288 610,290 609,290 609,291 608,291 608,292 605,292 605,293 603,293 603,292 566,292 566,291 528,291 528,290 527,290 527,289 528,289 528,283 529,283 529,280 530,280 530,278 531,278 531,276 532,276 532,273 533,273 533,269 534,269 534,266 536,266 536,265 597,265 597,246 598,246 598,244 599,244 599,243"/>
	<TextEquiv>
	<Unicode>καὶ</Unicode></TextEquiv></Word>
	<Word id="r48">
	<Coords points="745,242 745,243 746,243 746,244 747,244 747,245 748,245 748,247 749,247 749,250 750,250 750,252 751,252 751,255 752,255 752,257 753,257 753,280 757,280 757,284 756,284 756,285 755,285 755,287 754,287 754,288 753,288 753,290 752,290 752,291 749,291 749,292 714,292 714,295 713,295 713,302 712,302 712,306 711,306 711,307 708,307 708,305 707,305 707,292 647,292 647,291 646,291 646,278 642,278 642,277 641,277 641,276 640,276 640,271 641,271 641,269 642,269 642,268 643,268 643,267 644,267 644,266 646,266 646,265 694,265 694,264 698,264 698,263 741,263 741,243 742,243 742,242"/>
	<TextEquiv>
	<Unicode>περὶ</Unicode></TextEquiv></Word>
	<Word id="r49">
	<Coords points="927,240 927,241 929,241 929,243 930,243 930,246 931,246 931,248 932,248 932,251 933,251 933,254 934,254 934,259 935,259 935,263 960,263 960,264 963,264 963,265 966,265 966,267 967,267 967,268 968,268 968,273 967,273 967,274 964,274 964,289 963,289 963,291 962,291 962,292 961,292 961,293 960,293 960,294 958,294 958,295 953,295 953,291 834,291 834,292 830,292 830,293 829,293 829,292 826,292 826,291 805,291 805,290 788,290 788,289 786,289 786,287 785,287 785,286 784,286 784,278 785,278 785,275 786,275 786,273 787,273 787,271 788,271 788,269 789,269 789,268 790,268 790,267 792,267 792,266 793,266 793,265 795,265 795,264 798,264 798,263 830,263 830,246 831,246 831,245 832,245 832,244 924,244 924,241 925,241 925,240"/>
	<TextEquiv>
	<Unicode>αὐτοὺς</Unicode></TextEquiv></Word>
	<Word id="r50">
	<Coords points="1014,242 1014,243 1016,243 1016,244 1018,244 1018,245 1019,245 1019,246 1021,246 1021,247 1022,247 1022,248 1023,248 1023,264 1054,264 1054,265 1055,265 1055,270 1054,270 1054,272 1053,272 1053,276 1052,276 1052,278 1051,278 1051,279 1050,279 1050,281 1049,281 1049,282 1048,282 1048,283 1046,283 1046,284 1045,284 1045,286 1044,286 1044,287 1042,287 1042,288 1040,288 1040,289 1037,289 1037,290 1034,290 1034,291 1020,291 1020,293 1019,293 1019,297 1018,297 1018,301 1017,301 1017,303 1016,303 1016,304 1015,304 1015,305 1012,305 1012,304 1011,304 1011,289 1000,289 1000,275 995,275 995,274 994,274 994,273 995,273 995,270 996,270 996,269 997,269 997,267 998,267 998,266 999,266 999,265 1003,265 1003,264 1004,264 1004,248 1005,248 1005,247 1006,247 1006,246 1007,246 1007,245 1008,245 1008,244 1010,244 1010,243 1012,243 1012,242"/>
	<TextEquiv>
	<Unicode>ἦν</Unicode></TextEquiv></Word>
	<Word id="r51">
	<Coords points="1098,242 1098,243 1099,243 1099,263 1157,263 1157,264 1195,264 1195,265 1196,265 1196,266 1197,266 1197,270 1196,270 1196,274 1195,274 1195,276 1194,276 1194,277 1193,277 1193,278 1192,278 1192,279 1191,279 1191,281 1190,281 1190,282 1189,282 1189,283 1187,283 1187,284 1186,284 1186,285 1185,285 1185,286 1184,286 1184,287 1183,287 1183,288 1181,288 1181,289 1179,289 1179,290 1177,290 1177,291 1079,291 1079,290 1077,290 1077,289 1076,289 1076,288 1075,288 1075,287 1074,287 1074,285 1073,285 1073,281 1072,281 1072,278 1073,278 1073,275 1074,275 1074,271 1075,271 1075,270 1076,270 1076,269 1077,269 1077,268 1078,268 1078,253 1079,253 1079,247 1080,247 1080,246 1081,246 1081,245 1093,245 1093,243 1094,243 1094,242"/>
	<TextEquiv>
	<Unicode>ὅσον</Unicode></TextEquiv></Word>
	<Word id="r52">
	<Coords points="1247,240 1247,241 1249,241 1249,242 1250,242 1250,262 1392,262 1392,263 1430,263 1430,264 1431,264 1431,267 1432,267 1432,269 1431,269 1431,272 1430,272 1430,273 1429,273 1429,276 1428,276 1428,278 1427,278 1427,279 1426,279 1426,281 1425,281 1425,282 1423,282 1423,283 1422,283 1422,284 1421,284 1421,285 1419,285 1419,287 1418,287 1418,288 1416,288 1416,289 1414,289 1414,290 1411,290 1411,291 1408,291 1408,292 1408,291 1258,291 1258,295 1257,295 1257,303 1256,303 1256,304 1255,304 1255,305 1252,305 1252,304 1251,304 1251,290 1240,290 1240,289 1223,289 1223,288 1221,288 1221,286 1220,286 1220,285 1219,285 1219,283 1218,283 1218,277 1219,277 1219,274 1220,274 1220,272 1221,272 1221,270 1222,270 1222,269 1223,269 1223,268 1224,268 1224,267 1225,267 1225,266 1227,266 1227,265 1229,265 1229,264 1230,264 1230,244 1232,244 1232,243 1243,243 1243,242 1244,242 1244,241 1245,241 1245,240"/>
	<TextEquiv>
	<Unicode>ἄριστον</Unicode></TextEquiv></Word>
	<Word id="r53">
	<Coords points="1468,241 1468,242 1469,242 1469,264 1571,264 1571,256 1572,256 1572,252 1573,252 1573,249 1574,249 1574,247 1576,247 1576,246 1579,246 1579,247 1580,247 1580,264 1650,264 1650,265 1651,265 1651,271 1650,271 1650,277 1649,277 1649,278 1648,278 1648,280 1647,280 1647,282 1646,282 1646,283 1644,283 1644,284 1643,284 1643,285 1642,285 1642,286 1641,286 1641,287 1639,287 1639,288 1638,288 1638,289 1636,289 1636,290 1634,290 1634,291 1633,291 1633,292 1629,292 1629,291 1459,291 1459,292 1458,292 1458,291 1455,291 1455,290 1454,290 1454,288 1453,288 1453,281 1454,281 1454,277 1455,277 1455,272 1456,272 1456,270 1457,270 1457,266 1458,266 1458,265 1459,265 1459,264 1460,264 1460,244 1461,244 1461,243 1462,243 1462,242 1464,242 1464,241"/>
	<TextEquiv>
	<Unicode>ἱππέων</Unicode></TextEquiv></Word>
	<TextEquiv>
	<Unicode>διέδραμε· καὶ περὶ αὐτοὺς ἦν ὅσον ἄριστον ἱππέων</Unicode></TextEquiv></TextLine>
	<TextLine id="r5">
	<Coords points="1060,309 1060,330 1099,330 1099,331 1138,331 1138,332 1141,332 1141,333 1143,333 1143,334 1144,334 1144,335 1145,335 1145,348 1156,348 1156,349 1158,349 1158,350 1159,350 1159,351 1160,351 1160,354 1161,354 1160,354 1160,356 1159,356 1159,357 1158,357 1158,358 1139,358 1139,360 1138,360 1138,361 1137,361 1137,362 1134,362 1134,363 1131,363 1131,362 1130,362 1130,358 1015,358 1015,370 1014,370 1014,373 1013,373 1013,374 1010,374 1010,372 940,372 940,371 939,371 939,369 938,369 938,363 899,363 899,359 761,359 761,360 728,360 728,366 727,366 727,372 726,372 726,375 725,375 725,376 722,376 722,375 721,375 721,373 672,373 672,372 671,372 671,371 670,371 670,367 519,367 519,369 517,369 517,370 515,370 515,371 513,371 513,372 510,372 510,373 509,373 509,372 506,372 506,371 505,371 505,370 504,370 504,361 396,361 396,362 321,362 321,363 249,363 249,362 247,362 247,361 246,361 246,359 245,359 245,345 238,345 238,344 237,344 237,339 238,339 238,337 239,337 239,336 240,336 240,335 247,335 247,334 283,334 283,333 285,333 285,334 387,334 387,314 388,314 388,313 389,313 389,312 392,312 392,313 393,313 393,315 394,315 394,316 395,316 395,318 396,318 396,321 397,321 397,322 398,322 398,325 399,325 399,328 400,328 400,332 505,332 505,318 506,318 506,316 507,316 507,315 509,315 509,314 511,314 511,313 513,313 513,314 551,314 551,315 653,315 653,312 755,312 755,311 756,311 756,310 757,310 757,311 759,311 759,313 760,313 760,315 761,315 761,318 762,318 762,320 763,320 763,322 764,322 764,325 765,325 765,327 766,327 766,332 870,332 870,312 871,312 871,311 872,311 872,310 873,310 873,311 874,311 874,312 875,312 875,315 876,315 876,319 877,319 877,321 878,321 878,326 879,326 879,331 986,331 986,330 1048,330 1048,321 1049,321 1049,318 1050,318 1050,315 1051,315 1051,314 1052,314 1052,313 1053,313 1053,312 1054,312 1054,310 1057,310 1057,309"/>
	<Word id="r54">
	<Coords points="285,333 285,334 290,334 290,335 291,335 291,336 292,336 292,337 293,337 293,338 292,338 292,340 291,340 291,341 290,341 290,359 289,359 289,361 287,361 287,362 284,362 284,363 249,363 249,362 247,362 247,361 246,361 246,359 245,359 245,345 238,345 238,344 237,344 237,339 238,339 238,337 239,337 239,336 240,336 240,335 247,335 247,334 283,334 283,333"/>
	<TextEquiv>
	<Unicode>τε</Unicode></TextEquiv></Word>
	<Word id="r55">
	<Coords points="392,312 392,313 393,313 393,315 394,315 394,316 395,316 395,318 396,318 396,321 397,321 397,322 398,322 398,325 399,325 399,328 400,328 400,348 402,348 402,349 404,349 404,352 403,352 403,355 402,355 402,357 401,357 401,358 400,358 400,359 399,359 399,360 398,360 398,361 396,361 396,362 321,362 321,363 319,363 319,362 317,362 317,357 318,357 318,354 319,354 319,352 320,352 320,350 321,350 321,346 322,346 322,342 323,342 323,339 324,339 324,336 325,336 325,335 341,335 341,334 387,334 387,314 388,314 388,313 389,313 389,312"/>
	<TextEquiv>
	<Unicode>καὶ</Unicode></TextEquiv></Word>
	<Word id="r56">
	<Coords points="513,313 513,314 551,314 551,315 553,315 553,316 554,316 554,317 555,317 555,318 556,318 556,321 557,321 557,323 558,323 558,333 592,333 592,334 594,334 594,336 595,336 595,350 606,350 606,351 607,351 607,352 609,352 609,354 610,354 610,360 609,360 609,363 608,363 608,364 606,364 606,365 604,365 604,366 603,366 603,367 519,367 519,369 517,369 517,370 515,370 515,371 513,371 513,372 510,372 510,373 509,373 509,372 506,372 506,371 505,371 505,370 504,370 504,361 436,361 436,347 430,347 430,345 429,345 429,342 430,342 430,338 431,338 431,336 433,336 433,335 440,335 440,334 484,334 484,333 488,333 488,332 505,332 505,318 506,318 506,316 507,316 507,315 509,315 509,314 511,314 511,313"/>
	<TextEquiv>
	<Unicode>πεζῶν,</Unicode></TextEquiv></Word>
	<Word id="r57">
	<Coords points="757,310 757,311 759,311 759,313 760,313 760,315 761,315 761,318 762,318 762,320 763,320 763,322 764,322 764,325 765,325 765,327 766,327 766,347 770,347 770,350 769,350 769,354 767,354 767,356 766,356 766,357 765,357 765,358 764,358 764,359 761,359 761,360 728,360 728,366 727,366 727,372 726,372 726,375 725,375 725,376 722,376 722,375 721,375 721,373 672,373 672,372 671,372 671,371 670,371 670,359 641,359 641,358 640,358 640,357 639,357 639,355 638,355 638,346 639,346 639,344 640,344 640,342 641,342 641,340 642,340 642,339 643,339 643,338 644,338 644,337 645,337 645,336 648,336 648,335 649,335 649,334 653,334 653,312 755,312 755,311 756,311 756,310"/>
	<TextEquiv>
	<Unicode>ἀμφὶ</Unicode></TextEquiv></Word>
	<Word id="r58">
	<Coords points="873,310 873,311 874,311 874,312 875,312 875,315 876,315 876,319 877,319 877,321 878,321 878,326 879,326 879,332 905,332 905,333 909,333 909,334 911,334 911,336 912,336 912,337 913,337 913,341 912,341 912,342 909,342 909,356 908,356 908,359 907,359 907,361 905,361 905,362 904,362 904,363 899,363 899,359 807,359 807,358 806,358 806,357 805,357 805,342 798,342 798,341 797,341 797,336 798,336 798,334 800,334 800,333 802,333 802,332 870,332 870,312 871,312 871,311 872,311 872,310"/>
	<TextEquiv>
	<Unicode>τοὺς</Unicode></TextEquiv></Word>
	<Word id="r59">
	<Coords points="1060,309 1060,330 1099,330 1099,331 1138,331 1138,332 1141,332 1141,333 1143,333 1143,334 1144,334 1144,335 1145,335 1145,348 1156,348 1156,349 1158,349 1158,350 1159,350 1159,351 1160,351 1160,354 1161,354 1160,354 1160,356 1159,356 1159,357 1158,357 1158,358 1139,358 1139,360 1138,360 1138,361 1137,361 1137,362 1134,362 1134,363 1131,363 1131,362 1130,362 1130,358 1015,358 1015,370 1014,370 1014,373 1013,373 1013,374 1010,374 1010,372 940,372 940,371 939,371 939,369 938,369 938,368 939,368 939,366 940,366 940,362 941,362 941,359 942,359 942,355 943,355 943,353 944,353 944,349 945,349 945,346 946,346 946,343 947,343 947,339 948,339 948,335 949,335 949,332 950,332 950,331 986,331 986,330 1048,330 1048,321 1049,321 1049,318 1050,318 1050,315 1051,315 1051,314 1052,314 1052,313 1053,313 1053,312 1054,312 1054,310 1057,310 1057,309"/>
	<TextEquiv>
	<Unicode>μυρίους.</Unicode></TextEquiv></Word>
	<TextEquiv>
	<Unicode>τε καὶ πεζῶν, ἀμφὶ τοὺς μυρίους.</Unicode></TextEquiv></TextLine>
	<TextLine id="r38">
	<Coords points="695,377 695,378 697,378 697,400 802,400 802,399 840,399 840,381 841,381 841,380 842,380 842,379 844,379 844,378 870,378 870,379 980,379 980,378 981,378 981,377 982,377 982,378 984,378 984,379 985,379 985,381 1157,381 1157,380 1158,380 1158,378 1160,378 1160,377 1176,377 1176,379 1177,379 1177,399 1393,399 1393,384 1394,384 1394,380 1395,380 1395,378 1396,378 1396,377 1401,377 1401,378 1403,378 1403,399 1519,399 1519,400 1623,400 1623,401 1625,401 1625,402 1626,402 1626,405 1627,405 1627,407 1628,407 1628,409 1650,409 1650,410 1651,410 1651,413 1650,413 1650,414 1649,414 1649,415 1626,415 1626,419 1625,419 1625,423 1624,423 1624,425 1623,425 1623,432 1622,432 1622,434 1621,434 1621,439 1620,439 1620,440 1617,440 1617,441 1616,441 1616,440 1614,440 1614,428 1505,428 1505,430 1504,430 1504,435 1503,435 1503,442 1501,442 1501,443 1499,443 1499,442 1498,442 1498,440 1497,440 1497,427 1438,427 1438,426 1309,426 1309,427 1224,427 1224,426 1105,426 1105,427 1101,427 1101,426 954,426 954,427 808,427 808,429 807,429 807,430 806,430 806,431 802,431 802,432 800,432 800,431 799,431 799,428 685,428 685,429 647,429 647,436 646,436 646,442 645,442 645,443 642,443 642,442 641,442 641,429 588,429 588,428 471,428 471,429 380,429 380,430 378,430 378,429 376,429 376,428 312,428 312,400 311,400 311,393 312,393 312,392 313,392 313,391 314,391 314,390 315,390 315,389 317,389 317,388 424,388 424,383 426,383 426,382 462,382 462,381 466,381 466,382 469,382 469,400 585,400 585,397 586,397 586,395 587,395 587,393 588,393 588,391 589,391 589,390 590,390 590,389 591,389 591,388 592,388 592,386 593,386 593,385 594,385 594,384 596,384 596,383 597,383 597,382 598,382 598,381 603,381 603,380 692,380 692,378 694,378 694,377"/>
	<Word id="r262">
	<Coords points="317,388 360,388 360,389 361,389 361,413 367,413 367,414 369,414 369,421 381,421 381,422 383,422 383,428 382,428 382,429 380,429 380,430 378,430 378,429 376,429 376,428 312,428 312,400 311,400 311,393 312,393 312,392 313,392 313,391 314,391 314,390 315,390 315,389 317,389"/>
	<TextEquiv>
	<Unicode>24.</Unicode></TextEquiv></Word>
	<Word id="r264">
	<Coords points="695,377 695,378 697,378 697,400 802,400 802,399 804,399 804,400 808,400 808,401 809,401 809,402 811,402 811,403 812,403 812,404 813,404 813,405 814,405 814,408 813,408 813,409 812,409 812,410 810,410 810,424 809,424 809,427 808,427 808,429 807,429 807,430 806,430 806,431 802,431 802,432 800,432 800,431 799,431 799,428 685,428 685,429 647,429 647,436 646,436 646,442 645,442 645,443 642,443 642,442 641,442 641,429 588,429 588,428 471,428 471,429 426,429 426,428 424,428 424,383 426,383 426,382 462,382 462,381 466,381 466,382 469,382 469,400 585,400 585,397 586,397 586,395 587,395 587,393 588,393 588,391 589,391 589,390 590,390 590,389 591,389 591,388 592,388 592,386 593,386 593,385 594,385 594,384 596,384 596,383 597,383 597,382 598,382 598,381 603,381 603,380 692,380 692,378 694,378 694,377"/>
	<TextEquiv>
	<Unicode>Καταθορόντες</Unicode></TextEquiv></Word>
	<Word id="r265">
	<Coords points="870,378 870,379 872,379 872,380 873,380 873,381 874,381 874,383 875,383 875,385 874,385 874,389 873,389 873,392 872,392 872,393 870,393 870,394 860,394 860,417 859,417 859,420 858,420 858,421 857,421 857,422 856,422 856,423 855,423 855,425 853,425 853,426 851,426 851,427 842,427 842,426 840,426 840,425 838,425 838,423 837,423 837,422 836,422 836,419 835,419 835,411 836,411 836,409 837,409 837,408 838,408 838,406 839,406 839,405 840,405 840,381 841,381 841,380 842,380 842,379 844,379 844,378"/>
	<TextEquiv>
	<Unicode>δ᾽</Unicode></TextEquiv></Word>
	<Word id="r266">
	<Coords points="982,377 982,378 984,378 984,379 985,379 985,381 986,381 986,382 987,382 987,385 988,385 988,387 989,387 989,389 990,389 990,392 991,392 991,401 992,401 992,402 994,402 994,403 995,403 995,404 996,404 996,405 997,405 997,406 998,406 998,409 997,409 997,415 996,415 996,418 995,418 995,420 994,420 994,422 993,422 993,423 991,423 991,424 990,424 990,425 988,425 988,426 954,426 954,427 899,427 899,426 896,426 896,425 895,425 895,423 894,423 894,422 893,422 893,414 894,414 894,412 895,412 895,410 896,410 896,409 897,409 897,408 898,408 898,407 899,407 899,406 900,406 900,404 901,404 901,403 903,403 903,402 906,402 906,401 908,401 908,381 909,381 909,380 910,380 910,379 980,379 980,378 981,378 981,377"/>
	<TextEquiv>
	<Unicode>ἀπὸ</Unicode></TextEquiv></Word>
	<Word id="r267">
	<Coords points="1079,381 1079,382 1083,382 1083,383 1085,383 1085,384 1086,384 1086,385 1087,385 1087,387 1088,387 1088,388 1089,388 1089,400 1124,400 1124,401 1125,401 1125,404 1126,404 1126,406 1125,406 1125,408 1124,408 1124,410 1123,410 1123,412 1122,412 1122,414 1121,414 1121,416 1120,416 1120,417 1119,417 1119,418 1118,418 1118,419 1116,419 1116,420 1115,420 1115,421 1114,421 1114,422 1112,422 1112,423 1111,423 1111,424 1109,424 1109,425 1108,425 1108,426 1105,426 1105,427 1101,427 1101,426 1035,426 1035,425 1034,425 1034,408 1026,408 1026,406 1025,406 1026,406 1026,404 1027,404 1027,402 1028,402 1028,401 1031,401 1031,400 1069,400 1069,389 1070,389 1070,386 1071,386 1071,385 1072,385 1072,383 1074,383 1074,382 1077,382 1077,381"/>
	<TextEquiv>
	<Unicode>τῶν</Unicode></TextEquiv></Word>
	<Word id="r268">
	<Coords points="1176,377 1176,379 1177,379 1177,399 1289,399 1289,400 1329,400 1329,405 1330,405 1330,407 1329,407 1329,410 1328,410 1328,411 1327,411 1327,413 1326,413 1326,414 1325,414 1325,415 1324,415 1324,417 1323,417 1323,418 1322,418 1322,419 1320,419 1320,420 1319,420 1319,421 1318,421 1318,422 1317,422 1317,423 1315,423 1315,424 1313,424 1313,425 1311,425 1311,426 1309,426 1309,427 1224,427 1224,426 1160,426 1160,425 1157,425 1157,424 1156,424 1156,422 1155,422 1155,389 1154,389 1154,383 1155,383 1155,382 1156,382 1156,381 1157,381 1157,380 1158,380 1158,378 1160,378 1160,377"/>
	<TextEquiv>
	<Unicode>ἵππων</Unicode></TextEquiv></Word>
	<Word id="r269">
	<Coords points="1401,377 1401,378 1403,378 1403,382 1402,382 1402,383 1401,383 1401,416 1400,416 1400,419 1399,419 1399,421 1398,421 1398,422 1397,422 1397,424 1395,424 1395,425 1394,425 1394,426 1367,426 1367,425 1362,425 1362,424 1360,424 1360,423 1359,423 1359,421 1358,421 1358,420 1357,420 1357,417 1356,417 1356,413 1357,413 1357,408 1358,408 1358,406 1359,406 1359,405 1360,405 1360,404 1361,404 1361,403 1362,403 1362,402 1363,402 1363,401 1364,401 1364,400 1367,400 1367,399 1393,399 1393,384 1394,384 1394,380 1395,380 1395,378 1396,378 1396,377"/>
	<TextEquiv>
	<Unicode>οἱ</Unicode></TextEquiv></Word>
	<Word id="r270">
	<Coords points="1519,399 1519,400 1623,400 1623,401 1625,401 1625,402 1626,402 1626,405 1627,405 1627,407 1628,407 1628,409 1650,409 1650,410 1651,410 1651,413 1650,413 1650,414 1649,414 1649,415 1626,415 1626,419 1625,419 1625,423 1624,423 1624,425 1623,425 1623,432 1622,432 1622,434 1621,434 1621,439 1620,439 1620,440 1617,440 1617,441 1616,441 1616,440 1614,440 1614,428 1505,428 1505,430 1504,430 1504,435 1503,435 1503,442 1501,442 1501,443 1499,443 1499,442 1498,442 1498,440 1497,440 1497,427 1438,427 1438,426 1434,426 1434,425 1433,425 1433,424 1432,424 1432,423 1431,423 1431,422 1430,422 1430,420 1429,420 1429,418 1428,418 1428,414 1429,414 1429,412 1430,412 1430,410 1431,410 1431,408 1432,408 1432,407 1433,407 1433,405 1434,405 1434,404 1435,404 1435,403 1437,403 1437,402 1438,402 1438,401 1442,401 1442,400 1476,400 1476,399"/>
	<TextEquiv>
	<Unicode>στρατη-</Unicode></TextEquiv></Word>
	<TextEquiv>
	<Unicode>24. Καταθορόντες δ᾽ ἀπὸ τῶν ἵππων οἱ στρατη-</Unicode></TextEquiv></TextLine>
	<TextLine id="r7">
	<Coords points="854,445 855,445 855,446 857,446 857,448 858,448 858,467 997,467 997,449 998,449 998,448 1000,448 1000,447 1012,447 1012,446 1013,446 1013,445 1016,445 1016,446 1017,446 1017,453 1064,453 1064,454 1067,454 1067,455 1069,455 1069,456 1070,456 1070,457 1071,457 1071,458 1072,458 1072,459 1073,459 1073,461 1074,461 1074,462 1075,462 1075,464 1076,464 1076,465 1077,465 1077,467 1188,467 1188,453 1189,453 1189,450 1190,450 1190,449 1191,449 1191,448 1192,448 1192,447 1194,447 1194,446 1202,446 1202,447 1204,447 1204,448 1205,448 1205,449 1206,449 1206,452 1207,452 1207,468 1354,468 1354,467 1356,467 1356,448 1357,448 1357,447 1414,447 1414,446 1415,446 1415,445 1480,445 1480,446 1481,446 1481,468 1563,468 1563,469 1595,469 1595,470 1633,470 1633,472 1634,472 1634,486 1644,486 1644,487 1646,487 1646,488 1647,488 1647,489 1648,489 1648,491 1649,491 1649,495 1648,495 1648,497 1647,497 1647,499 1646,499 1646,500 1645,500 1645,501 1644,501 1644,502 1643,502 1643,503 1640,503 1640,504 1638,504 1638,503 1637,503 1637,496 1573,496 1573,495 1204,495 1204,499 1203,499 1203,503 1202,503 1202,505 1201,505 1201,507 1196,507 1196,495 875,495 875,496 792,496 792,497 791,497 791,498 790,498 790,499 788,499 788,500 782,500 782,496 620,496 620,497 484,497 484,499 483,499 483,502 482,502 482,506 481,506 481,509 480,509 480,510 476,510 476,507 475,507 475,497 334,497 334,499 333,499 333,500 332,500 332,501 331,501 331,503 330,503 330,504 328,504 328,505 325,505 325,506 257,506 257,509 256,509 256,511 254,511 254,512 252,512 252,513 252,512 250,512 250,511 249,511 249,490 239,490 239,489 238,489 238,487 237,487 237,482 236,482 236,480 237,480 237,477 238,477 238,475 240,475 240,473 242,473 242,472 308,472 308,464 309,464 309,461 310,461 310,457 311,457 311,454 312,454 312,452 313,452 313,450 314,450 314,449 315,449 315,448 317,448 317,447 319,447 319,448 321,448 321,470 434,470 434,451 435,451 435,449 439,449 439,451 440,451 440,452 441,452 441,454 442,454 442,458 443,458 443,460 444,460 444,461 445,461 445,464 446,464 446,469 572,469 572,449 574,449 574,448 576,448 576,447 580,447 580,448 754,448 754,447 853,447 853,446 854,446"/>
	<Word id="r60">
	<Coords points="319,447 319,448 321,448 321,488 331,488 331,489 332,489 332,490 333,490 333,492 334,492 334,499 333,499 333,500 332,500 332,501 331,501 331,503 330,503 330,504 328,504 328,505 325,505 325,506 257,506 257,509 256,509 256,511 254,511 254,512 252,512 252,513 252,512 250,512 250,511 249,511 249,490 239,490 239,489 238,489 238,487 237,487 237,482 236,482 236,480 237,480 237,477 238,477 238,475 240,475 240,473 242,473 242,472 308,472 308,464 309,464 309,461 310,461 310,457 311,457 311,454 312,454 312,452 313,452 313,450 314,450 314,449 315,449 315,448 317,448 317,447"/>
	<TextEquiv>
	<Unicode>γοί,</Unicode></TextEquiv></Word>
	<Word id="r61">
	<Coords points="439,449 439,451 440,451 440,452 441,452 441,454 442,454 442,458 443,458 443,460 444,460 444,461 445,461 445,464 446,464 446,485 448,485 448,486 449,486 449,490 448,490 448,492 447,492 447,493 446,493 446,494 445,494 445,495 444,495 444,496 443,496 443,497 364,497 364,496 363,496 363,495 364,495 364,491 365,491 365,487 366,487 366,485 367,485 367,483 368,483 368,480 369,480 369,475 370,475 370,473 371,473 371,472 372,472 372,471 387,471 387,470 434,470 434,451 435,451 435,449"/>
	<TextEquiv>
	<Unicode>καὶ</Unicode></TextEquiv></Word>
	<Word id="r62">
	<Coords points="580,447 580,448 581,448 581,449 582,449 582,450 583,450 583,453 584,453 584,458 583,458 583,461 582,461 582,462 581,462 581,464 579,464 579,465 578,465 578,466 576,466 576,467 574,467 574,468 572,468 572,469 571,469 571,473 570,473 570,475 559,475 559,479 558,479 558,493 557,493 557,495 556,495 556,496 555,496 555,497 484,497 484,499 483,499 483,502 482,502 482,506 481,506 481,509 480,509 480,510 476,510 476,507 475,507 476,507 476,503 477,503 477,499 478,499 478,496 479,496 479,494 480,494 480,489 481,489 481,486 482,486 482,483 483,483 483,479 484,479 484,475 485,475 485,472 486,472 486,470 487,470 487,469 572,469 572,449 574,449 574,448 576,448 576,447"/>
	<TextEquiv>
	<Unicode>μετ᾽</Unicode></TextEquiv></Word>
	<Word id="r63">
	<Coords points="758,447 758,448 759,448 759,451 760,451 760,453 761,453 761,456 762,456 762,461 763,461 763,468 789,468 789,469 793,469 793,470 794,470 794,471 795,471 795,472 796,472 796,473 797,473 797,474 798,474 798,477 797,477 797,478 796,478 796,479 793,479 793,495 792,495 792,497 791,497 791,498 790,498 790,499 788,499 788,500 782,500 782,496 620,496 620,497 618,497 618,496 616,496 616,495 614,495 614,493 613,493 613,491 612,491 612,483 613,483 613,481 614,481 614,478 615,478 615,477 616,477 616,476 617,476 617,474 618,474 618,473 619,473 619,472 621,472 621,471 623,471 623,470 636,470 636,469 661,469 661,450 662,450 662,449 663,449 663,448 754,448 754,447"/>
	<TextEquiv>
	<Unicode>αὐτοὺς</Unicode></TextEquiv></Word>
	<Word id="r64">
	<Coords points="855,445 855,446 857,446 857,448 858,448 858,467 941,467 941,468 943,468 943,483 947,483 947,485 946,485 946,488 945,488 945,490 944,490 944,491 943,491 943,492 942,492 942,493 941,493 941,494 937,494 937,495 875,495 875,496 875,495 838,495 838,494 836,494 836,493 835,493 835,492 834,492 834,491 833,491 833,489 832,489 832,487 831,487 831,480 832,480 832,478 833,478 833,474 834,474 834,473 835,473 835,472 837,472 837,453 838,453 838,451 839,451 839,450 841,450 841,449 852,449 852,447 853,447 853,446 854,446 854,445"/>
	<TextEquiv>
	<Unicode>ὅσοι</Unicode></TextEquiv></Word>
	<Word id="r65">
	<Coords points="1016,445 1016,446 1017,446 1017,453 1064,453 1064,454 1067,454 1067,455 1069,455 1069,456 1070,456 1070,457 1071,457 1071,458 1072,458 1072,459 1073,459 1073,461 1074,461 1074,462 1075,462 1075,464 1076,464 1076,465 1077,465 1077,467 1138,467 1138,468 1139,468 1139,483 1143,483 1143,485 1142,485 1142,487 1141,487 1141,488 1140,488 1140,489 1139,489 1139,491 1137,491 1137,492 1136,492 1136,493 1135,493 1135,494 1110,494 1110,495 993,495 993,494 989,494 989,493 988,493 988,492 987,492 987,490 986,490 986,487 985,487 985,482 986,482 986,480 987,480 987,476 988,476 988,475 989,475 989,474 990,474 990,473 991,473 991,472 992,472 992,471 993,471 993,470 994,470 994,469 996,469 996,468 997,468 997,449 998,449 998,448 1000,448 1000,447 1012,447 1012,446 1013,446 1013,445"/>
	<TextEquiv>
	<Unicode>ἄλλοι</Unicode></TextEquiv></Word>
	<Word id="r66">
	<Coords points="1202,446 1202,447 1204,447 1204,448 1205,448 1205,449 1206,449 1206,452 1207,452 1207,468 1316,468 1316,470 1317,470 1317,474 1316,474 1316,477 1315,477 1315,479 1314,479 1314,481 1313,481 1313,482 1312,482 1312,484 1311,484 1311,485 1310,485 1310,486 1309,486 1309,487 1308,487 1308,488 1306,488 1306,489 1304,489 1304,490 1303,490 1303,491 1302,491 1302,492 1300,492 1300,493 1297,493 1297,494 1294,494 1294,495 1204,495 1204,499 1203,499 1203,503 1202,503 1202,505 1201,505 1201,507 1196,507 1196,492 1184,492 1184,491 1183,491 1183,477 1179,477 1179,473 1180,473 1180,471 1181,471 1181,470 1182,470 1182,469 1183,469 1183,468 1185,468 1185,467 1188,467 1188,453 1189,453 1189,450 1190,450 1190,449 1191,449 1191,448 1192,448 1192,447 1194,447 1194,446"/>
	<TextEquiv>
	<Unicode>ἦσαν</Unicode></TextEquiv></Word>
	<Word id="r67">
	<Coords points="1417,445 1417,446 1419,446 1419,448 1420,448 1420,450 1421,450 1421,452 1422,452 1422,455 1423,455 1423,458 1424,458 1424,459 1425,459 1425,483 1429,483 1429,484 1430,484 1430,485 1429,485 1429,487 1428,487 1428,489 1427,489 1427,491 1426,491 1426,492 1425,492 1425,493 1424,493 1424,494 1422,494 1422,495 1377,495 1377,494 1355,494 1355,493 1351,493 1351,492 1349,492 1349,491 1348,491 1348,490 1346,490 1346,489 1345,489 1345,485 1344,485 1344,484 1343,484 1343,480 1344,480 1344,478 1345,478 1345,477 1346,477 1346,473 1347,473 1347,472 1348,472 1348,471 1349,471 1349,470 1350,470 1350,469 1352,469 1352,468 1354,468 1354,467 1356,467 1356,448 1357,448 1357,447 1414,447 1414,446 1415,446 1415,445"/>
	<TextEquiv>
	<Unicode>ἐπὶ</Unicode></TextEquiv></Word>
	<Word id="r68">
	<Coords points="1480,445 1480,446 1481,446 1481,468 1563,468 1563,469 1595,469 1595,470 1633,470 1633,472 1634,472 1634,486 1644,486 1644,487 1646,487 1646,488 1647,488 1647,489 1648,489 1648,491 1649,491 1649,495 1648,495 1648,497 1647,497 1647,499 1646,499 1646,500 1645,500 1645,501 1644,501 1644,502 1643,502 1643,503 1640,503 1640,504 1638,504 1638,503 1637,503 1637,496 1573,496 1573,495 1460,495 1460,494 1459,494 1459,492 1458,492 1458,458 1457,458 1457,455 1458,455 1458,453 1459,453 1459,450 1460,450 1460,449 1461,449 1461,448 1462,448 1462,447 1464,447 1464,446 1479,446 1479,445"/>
	<TextEquiv>
	<Unicode>ἵππων,</Unicode></TextEquiv></Word>
	<TextEquiv>
	<Unicode>γοί, καὶ μετ᾽ αὐτοὺς ὅσοι ἄλλοι ἦσαν ἐπὶ ἵππων,</Unicode></TextEquiv></TextLine>
	<TextLine id="r8">
	<Coords points="1274,513 1274,514 1275,514 1275,515 1308,515 1308,516 1310,516 1310,517 1311,517 1311,518 1313,518 1313,520 1314,520 1314,521 1315,521 1315,523 1316,523 1316,534 1356,534 1356,535 1552,535 1552,524 1553,524 1553,523 1554,523 1554,522 1555,522 1555,523 1561,523 1561,524 1563,524 1563,525 1564,525 1564,526 1566,526 1566,527 1567,527 1567,528 1568,528 1568,530 1569,530 1569,531 1570,531 1570,533 1571,533 1571,535 1572,535 1572,537 1623,537 1623,538 1624,538 1624,539 1625,539 1625,540 1626,540 1626,541 1627,541 1627,544 1628,544 1628,545 1650,545 1650,546 1651,546 1651,550 1650,550 1650,551 1628,551 1628,552 1627,552 1627,553 1626,553 1626,554 1625,554 1625,556 1624,556 1624,557 1623,557 1623,559 1622,559 1622,561 1620,561 1620,562 1618,562 1618,563 1581,563 1581,564 1580,564 1580,563 1281,563 1281,568 1280,568 1280,570 1279,570 1279,573 1278,573 1278,574 1276,574 1276,573 1275,573 1275,564 1103,564 1103,565 1102,565 1102,566 1101,566 1101,567 1098,567 1098,568 1094,568 1094,567 1093,567 1093,565 1014,565 1014,564 800,564 800,565 722,565 722,566 721,566 721,567 719,567 719,568 717,568 717,569 714,569 714,568 712,568 712,565 503,565 503,577 502,577 502,578 501,578 501,580 499,580 499,581 498,581 498,582 495,582 495,583 490,583 490,582 466,582 466,581 390,581 390,580 388,580 388,579 342,579 342,578 340,578 340,577 339,577 339,576 338,576 338,568 248,568 248,567 245,567 245,566 244,566 244,565 242,565 242,564 241,564 241,563 240,563 240,561 239,561 239,557 238,557 238,554 239,554 239,550 240,550 240,549 241,549 241,547 242,547 242,546 243,546 243,545 244,545 244,544 245,544 245,543 246,543 246,542 248,542 248,541 250,541 250,540 251,540 251,521 252,521 252,520 344,520 344,519 347,519 347,520 348,520 348,524 452,524 452,522 453,522 453,521 454,521 454,518 456,518 456,517 457,517 457,516 460,516 460,518 461,518 461,536 502,536 502,537 668,537 668,536 684,536 684,526 685,526 685,524 686,524 686,522 687,522 687,521 689,521 689,520 693,520 693,519 761,519 761,517 762,517 762,516 763,516 763,515 765,515 765,514 770,514 770,515 771,515 771,516 772,516 772,536 895,536 895,526 896,526 896,523 897,523 897,522 898,522 898,521 899,521 899,520 900,520 900,519 904,519 904,518 904,519 909,519 909,520 911,520 911,521 912,521 912,522 913,522 913,524 914,524 914,536 1048,536 1048,535 1065,535 1065,527 1066,527 1066,524 1067,524 1067,522 1068,522 1068,521 1069,521 1069,520 1070,520 1070,519 1074,519 1074,518 1130,518 1130,517 1131,517 1131,515 1138,515 1138,516 1139,516 1139,517 1268,517 1268,516 1269,516 1269,515 1270,515 1270,514 1271,514 1271,513"/>
	<Word id="r69">
	<Coords points="460,516 460,518 461,518 461,536 502,536 502,537 564,537 564,538 593,538 593,539 595,539 595,541 596,541 596,542 595,542 595,546 594,546 594,549 593,549 593,551 592,551 592,552 591,552 591,554 590,554 590,555 589,555 589,556 588,556 588,557 586,557 586,558 585,558 585,559 584,559 584,560 583,560 583,561 581,561 581,562 580,562 580,563 578,563 578,564 576,564 576,565 503,565 503,577 502,577 502,578 501,578 501,580 499,580 499,581 498,581 498,582 495,582 495,583 490,583 490,582 466,582 466,581 390,581 390,580 388,580 388,579 342,579 342,578 340,578 340,577 339,577 339,576 338,576 338,568 248,568 248,567 245,567 245,566 244,566 244,565 242,565 242,564 241,564 241,563 240,563 240,561 239,561 239,557 238,557 238,554 239,554 239,550 240,550 240,549 241,549 241,547 242,547 242,546 243,546 243,545 244,545 244,544 245,544 245,543 246,543 246,542 248,542 248,541 250,541 250,540 251,540 251,521 252,521 252,520 344,520 344,519 347,519 347,520 348,520 348,524 452,524 452,522 453,522 453,521 454,521 454,518 456,518 456,517 457,517 457,516"/>
	<TextEquiv>
	<Unicode>ἐπεζομάχουν</Unicode></TextEquiv></Word>
	<Word id="r70">
	<Coords points="695,519 695,520 698,520 698,521 700,521 700,522 701,522 701,523 702,523 702,526 703,526 703,536 721,536 721,537 723,537 723,538 725,538 725,539 726,539 726,540 727,540 727,541 728,541 728,544 729,544 728,544 728,546 727,546 727,547 723,547 723,565 722,565 722,566 721,566 721,567 719,567 719,568 717,568 717,569 714,569 714,568 712,568 712,565 632,565 632,564 630,564 630,549 622,549 622,547 621,547 621,544 622,544 622,540 623,540 623,539 624,539 624,538 633,538 633,537 668,537 668,536 684,536 684,526 685,526 685,524 686,524 686,522 687,522 687,521 689,521 689,520 693,520 693,519"/>
	<TextEquiv>
	<Unicode>τοῖς</Unicode></TextEquiv></Word>
	<Word id="r71">
	<Coords points="770,514 770,515 771,515 771,516 772,516 772,536 895,536 895,526 896,526 896,523 897,523 897,522 898,522 898,521 899,521 899,520 900,520 900,519 904,519 904,518 904,519 909,519 909,520 911,520 911,521 912,521 912,522 913,522 913,524 914,524 914,536 973,536 973,551 976,551 976,552 977,552 977,555 976,555 976,557 975,557 975,558 974,558 974,559 973,559 973,561 972,561 972,562 970,562 970,563 935,563 935,564 800,564 800,565 758,565 758,564 756,564 756,563 755,563 755,561 754,561 754,554 755,554 755,548 756,548 756,546 757,546 757,542 758,542 758,538 759,538 759,537 761,537 761,517 762,517 762,516 763,516 763,515 765,515 765,514"/>
	<TextEquiv>
	<Unicode>ἱππεῦσι</Unicode></TextEquiv></Word>
	<Word id="r72">
	<Coords points="1077,518 1077,519 1080,519 1080,520 1081,520 1081,521 1083,521 1083,522 1084,522 1084,524 1085,524 1085,535 1101,535 1101,536 1103,536 1103,537 1105,537 1105,538 1107,538 1107,539 1108,539 1108,540 1109,540 1109,545 1108,545 1108,546 1107,546 1107,547 1105,547 1105,562 1104,562 1104,564 1103,564 1103,565 1102,565 1102,566 1101,566 1101,567 1098,567 1098,568 1094,568 1094,567 1093,567 1093,565 1014,565 1014,564 1013,564 1013,563 1012,563 1012,562 1011,562 1011,549 1005,549 1005,548 1003,548 1003,546 1002,546 1002,545 1003,545 1003,539 1004,539 1004,538 1005,538 1005,537 1009,537 1009,536 1048,536 1048,535 1065,535 1065,527 1066,527 1066,524 1067,524 1067,522 1068,522 1068,521 1069,521 1069,520 1070,520 1070,519 1074,519 1074,518"/>
	<TextEquiv>
	<Unicode>τοῖς</Unicode></TextEquiv></Word>
	<Word id="r73">
	<Coords points="1271,513 1274,513 1274,514 1275,514 1275,515 1308,515 1308,516 1310,516 1310,517 1311,517 1311,518 1313,518 1313,520 1314,520 1314,521 1315,521 1315,523 1316,523 1316,534 1356,534 1356,535 1375,535 1375,536 1376,536 1376,538 1377,538 1377,542 1376,542 1376,546 1375,546 1375,548 1374,548 1374,551 1372,551 1372,553 1371,553 1371,556 1370,556 1370,557 1369,557 1369,558 1368,558 1368,559 1367,559 1367,560 1365,560 1365,561 1363,561 1363,562 1361,562 1361,563 1281,563 1281,568 1280,568 1280,570 1279,570 1279,573 1278,573 1278,574 1276,574 1276,573 1275,573 1275,564 1200,564 1200,563 1148,563 1148,562 1146,562 1146,530 1132,530 1132,529 1131,529 1131,517 1130,517 1131,517 1131,515 1138,515 1138,516 1139,516 1139,517 1268,517 1268,516 1269,516 1269,515 1270,515 1270,514 1271,514"/>
	<TextEquiv>
	<Unicode>Ἀννίβου</Unicode></TextEquiv></Word>
	<Word id="r75">
	<Coords points="1555,522 1555,523 1561,523 1561,524 1563,524 1563,525 1564,525 1564,526 1566,526 1566,527 1567,527 1567,528 1568,528 1568,530 1569,530 1569,531 1570,531 1570,533 1571,533 1571,535 1572,535 1572,537 1623,537 1623,538 1624,538 1624,539 1625,539 1625,540 1626,540 1626,541 1627,541 1627,544 1628,544 1628,545 1650,545 1650,546 1651,546 1651,550 1650,550 1650,551 1628,551 1628,552 1627,552 1627,553 1626,553 1626,554 1625,554 1625,556 1624,556 1624,557 1623,557 1623,559 1622,559 1622,561 1620,561 1620,562 1618,562 1618,563 1581,563 1581,564 1580,564 1580,563 1395,563 1395,561 1394,561 1394,560 1395,560 1395,557 1396,557 1396,555 1397,555 1397,552 1398,552 1398,547 1399,547 1399,546 1400,546 1400,543 1401,543 1401,539 1402,539 1402,537 1403,537 1403,536 1405,536 1405,535 1552,535 1552,524 1553,524 1553,523 1554,523 1554,522"/>
	<TextEquiv>
	<Unicode>κεκυκλω-</Unicode></TextEquiv></Word>
	<TextEquiv>
	<Unicode>ἐπεζομάχουν τοῖς ἱππεῦσι τοῖς Ἀννίβου κεκυκλω-</Unicode></TextEquiv></TextLine>
	<TextLine id="r9">
	<Coords points="1200,581 1202,581 1202,582 1203,582 1203,603 1341,603 1341,582 1342,582 1342,581 1345,581 1345,582 1347,582 1347,584 1348,584 1348,586 1349,586 1349,589 1350,589 1350,591 1351,591 1351,596 1453,596 1453,585 1454,585 1454,584 1455,584 1455,583 1460,583 1460,584 1462,584 1462,586 1463,586 1463,587 1502,587 1502,588 1503,588 1503,589 1504,589 1504,590 1505,590 1505,603 1607,603 1607,599 1608,599 1608,596 1609,596 1609,594 1610,594 1610,592 1611,592 1611,589 1612,589 1612,587 1613,587 1613,585 1614,585 1614,584 1615,584 1615,583 1619,583 1619,584 1620,584 1620,606 1649,606 1649,607 1650,607 1650,622 1652,622 1652,623 1653,623 1653,624 1652,624 1652,627 1651,627 1651,629 1650,629 1650,630 1649,630 1649,631 1640,631 1640,649 1639,649 1639,651 1637,651 1637,652 1634,652 1634,651 1632,651 1632,650 1560,650 1560,649 1559,649 1559,648 1491,648 1491,647 1490,647 1490,646 1489,646 1489,632 1451,632 1451,631 1259,631 1259,632 1258,632 1258,633 1257,633 1257,634 1256,634 1256,635 1158,635 1158,639 1157,639 1157,644 1156,644 1156,646 1153,646 1153,644 1152,644 1152,632 1032,632 1032,638 1031,638 1031,641 1030,641 1030,645 1029,645 1029,647 1024,647 1024,646 947,646 947,645 943,645 943,644 941,644 941,642 940,642 940,633 794,633 794,634 793,634 793,639 792,639 792,642 791,642 791,644 790,644 790,645 789,645 789,646 788,646 788,645 787,645 787,644 786,644 786,643 785,643 785,633 607,633 607,634 591,634 591,635 589,635 589,634 544,634 544,633 391,633 391,635 249,635 249,640 248,640 248,641 247,641 247,642 246,642 246,643 245,643 245,645 244,645 244,647 243,647 243,648 242,648 242,650 238,650 238,649 237,649 237,646 238,646 238,642 239,642 239,640 240,640 240,636 241,636 241,633 242,633 242,629 243,629 243,626 244,626 244,622 245,622 245,619 246,619 246,616 247,616 247,612 248,612 248,610 249,610 249,608 289,608 289,599 290,599 290,597 291,597 291,594 292,594 292,592 293,592 293,589 294,589 294,587 295,587 295,586 296,586 296,585 299,585 299,586 300,586 300,606 372,606 372,607 374,607 374,608 476,608 476,607 478,607 478,606 493,606 493,605 539,605 539,585 540,585 540,584 544,584 544,585 545,585 545,586 546,586 546,589 547,589 547,591 548,591 548,593 549,593 549,595 550,595 550,598 551,598 551,600 552,600 552,606 653,606 653,592 654,592 654,591 691,591 691,590 740,590 740,584 741,584 741,583 742,583 742,582 837,582 837,583 927,583 927,584 1019,584 1019,585 1020,585 1020,586 1022,586 1022,588 1023,588 1023,604 1142,604 1142,603 1190,603 1190,596 1191,596 1191,593 1192,593 1192,590 1193,590 1193,588 1194,588 1194,586 1195,586 1195,583 1196,583 1196,582 1197,582 1197,581 1200,581 1200,580"/>
	<Word id="r76">
	<Coords points="299,585 299,586 300,586 300,606 372,606 372,607 374,607 374,608 375,608 375,622 376,622 376,623 378,623 378,624 391,624 391,625 393,625 393,626 394,626 394,630 393,630 393,633 391,633 391,635 249,635 249,640 248,640 248,641 247,641 247,642 246,642 246,643 245,643 245,645 244,645 244,647 243,647 243,648 242,648 242,650 238,650 238,649 237,649 237,646 238,646 238,642 239,642 239,640 240,640 240,636 241,636 241,633 242,633 242,629 243,629 243,626 244,626 244,622 245,622 245,619 246,619 246,616 247,616 247,612 248,612 248,610 249,610 249,608 289,608 289,599 290,599 290,597 291,597 291,594 292,594 292,592 293,592 293,589 294,589 294,587 295,587 295,586 296,586 296,585"/>
	<TextEquiv>
	<Unicode>μένοι.</Unicode></TextEquiv></Word>
	<Word id="r77">
	<Coords points="544,584 544,585 545,585 545,586 546,586 546,589 547,589 547,591 548,591 548,593 549,593 549,595 550,595 550,598 551,598 551,600 552,600 552,621 555,621 555,622 556,622 556,623 555,623 555,626 554,626 554,628 553,628 553,629 552,629 552,631 551,631 551,632 549,632 549,633 547,633 547,634 544,634 544,633 469,633 469,632 468,632 468,628 469,628 469,627 470,627 470,624 471,624 471,621 472,621 472,619 473,619 473,615 474,615 474,611 475,611 475,608 476,608 476,607 478,607 478,606 493,606 493,605 539,605 539,585 540,585 540,584"/>
	<TextEquiv>
	<Unicode>καὶ</Unicode></TextEquiv></Word>
	<Word id="r78">
	<Coords points="745,582 745,583 746,583 746,584 747,584 747,587 748,587 748,588 749,588 749,591 750,591 750,593 751,593 751,596 752,596 752,598 753,598 753,601 754,601 754,605 758,605 758,620 762,620 762,621 763,621 763,623 762,623 762,624 761,624 761,626 760,626 760,628 759,628 759,629 758,629 758,630 757,630 757,631 739,631 739,632 695,632 695,633 607,633 607,634 591,634 591,635 589,635 589,634 587,634 587,619 581,619 581,616 580,616 580,614 581,614 581,611 582,611 582,609 583,609 583,608 584,608 584,607 606,607 606,606 653,606 653,592 654,592 654,591 691,591 691,590 740,590 740,584 741,584 741,583 742,583 742,582"/>
	<TextEquiv>
	<Unicode>πολλὰ</Unicode></TextEquiv></Word>
	<Word id="r79">
	<Coords points="837,582 837,583 838,583 838,585 839,585 839,586 840,586 840,587 841,587 841,589 842,589 842,592 843,592 843,595 844,595 844,597 845,597 845,605 876,605 876,606 878,606 878,608 879,608 878,608 878,613 877,613 877,616 876,616 876,618 875,618 875,619 874,619 874,621 873,621 873,622 872,622 872,623 871,623 871,624 870,624 870,625 869,625 869,626 868,626 868,627 866,627 866,628 865,628 865,629 864,629 864,630 862,630 862,631 859,631 859,632 857,632 857,633 794,633 794,634 793,634 793,639 792,639 792,642 791,642 791,644 790,644 790,645 789,645 789,646 788,646 788,645 787,645 787,644 786,644 786,643 785,643 785,641 786,641 786,639 787,639 787,635 788,635 788,632 789,632 789,629 790,629 790,626 791,626 791,624 792,624 792,621 793,621 793,616 794,616 794,613 795,613 795,610 796,610 796,606 797,606 797,605 799,605 799,604 833,604 833,584 834,584 834,583 835,583 835,582"/>
	<TextEquiv>
	<Unicode>μὲν</Unicode></TextEquiv></Word>
	<Word id="r80">
	<Coords points="927,583 927,584 928,584 928,585 952,585 952,590 964,590 964,591 965,591 965,593 966,593 965,593 965,595 964,595 964,596 963,596 963,613 962,613 962,614 961,614 961,615 959,615 959,616 957,616 957,638 956,638 956,641 955,641 955,642 954,642 954,643 953,643 953,644 951,644 951,645 948,645 948,646 947,646 947,645 943,645 943,644 941,644 941,642 940,642 940,633 939,633 939,632 916,632 916,631 914,631 914,630 913,630 913,629 912,629 912,628 911,628 911,627 910,627 910,626 909,626 909,624 908,624 908,616 909,616 909,614 910,614 910,612 911,612 911,610 912,610 912,609 914,609 914,608 915,608 915,607 917,607 917,606 918,606 918,605 920,605 920,604 921,604 921,586 922,586 922,585 923,585 923,584 925,584 925,583"/>
	<TextEquiv>
	<Unicode>ἐξ</Unicode></TextEquiv></Word>
	<Word id="r81">
	<Coords points="1200,581 1202,581 1202,582 1203,582 1203,603 1258,603 1258,604 1261,604 1261,605 1263,605 1263,606 1264,606 1264,607 1265,607 1265,612 1264,612 1264,613 1263,613 1263,614 1260,614 1260,630 1259,630 1259,632 1258,632 1258,633 1257,633 1257,634 1256,634 1256,635 1158,635 1158,639 1157,639 1157,644 1156,644 1156,646 1153,646 1153,644 1152,644 1152,632 1032,632 1032,638 1031,638 1031,641 1030,641 1030,645 1029,645 1029,647 1024,647 1024,632 1010,632 1010,631 1006,631 1006,630 1005,630 1005,629 1004,629 1004,628 1003,628 1003,627 1002,627 1002,625 1001,625 1001,616 1002,616 1002,613 1003,613 1003,612 1004,612 1004,610 1006,610 1006,609 1007,609 1007,608 1008,608 1008,607 1009,607 1009,606 1011,606 1011,605 1013,605 1013,585 1015,585 1015,584 1019,584 1019,585 1020,585 1020,586 1022,586 1022,588 1023,588 1023,604 1142,604 1142,603 1190,603 1190,596 1191,596 1191,593 1192,593 1192,590 1193,590 1193,588 1194,588 1194,586 1195,586 1195,583 1196,583 1196,582 1197,582 1197,581 1200,581 1200,580"/>
	<TextEquiv>
	<Unicode>ἐμπειρίας</Unicode></TextEquiv></Word>
	<Word id="r82">
	<Coords points="1345,581 1345,582 1347,582 1347,584 1348,584 1348,586 1349,586 1349,589 1350,589 1350,591 1351,591 1351,596 1352,596 1352,603 1385,603 1385,604 1387,604 1387,605 1388,605 1388,612 1387,612 1387,613 1386,613 1386,615 1385,615 1385,617 1384,617 1384,618 1383,618 1383,619 1382,619 1382,621 1381,621 1381,622 1380,622 1380,623 1379,623 1379,624 1378,624 1378,625 1377,625 1377,626 1376,626 1376,627 1373,627 1373,628 1371,628 1371,629 1370,629 1370,630 1368,630 1368,631 1299,631 1299,630 1297,630 1297,629 1296,629 1296,628 1294,628 1294,626 1293,626 1293,625 1292,625 1292,623 1291,623 1291,617 1292,617 1292,613 1293,613 1293,612 1294,612 1294,611 1295,611 1295,610 1296,610 1296,609 1297,609 1297,608 1298,608 1298,607 1300,607 1300,606 1304,606 1304,605 1309,605 1309,604 1341,604 1341,582 1342,582 1342,581"/>
	<TextEquiv>
	<Unicode>σὺν</Unicode></TextEquiv></Word>
	<Word id="r83">
	<Coords points="1460,583 1460,584 1462,584 1462,586 1463,586 1463,587 1502,587 1502,588 1503,588 1503,589 1504,589 1504,590 1505,590 1505,603 1607,603 1607,599 1608,599 1608,596 1609,596 1609,594 1610,594 1610,592 1611,592 1611,589 1612,589 1612,587 1613,587 1613,585 1614,585 1614,584 1615,584 1615,583 1619,583 1619,584 1620,584 1620,606 1649,606 1649,607 1650,607 1650,622 1652,622 1652,623 1653,623 1653,624 1652,624 1652,627 1651,627 1651,629 1650,629 1650,630 1649,630 1649,631 1640,631 1640,649 1639,649 1639,651 1637,651 1637,652 1634,652 1634,651 1632,651 1632,650 1560,650 1560,649 1559,649 1559,648 1491,648 1491,647 1490,647 1490,646 1489,646 1489,632 1451,632 1451,631 1423,631 1423,630 1422,630 1422,629 1420,629 1420,628 1419,628 1419,627 1418,627 1418,626 1417,626 1417,624 1416,624 1416,615 1417,615 1417,612 1418,612 1418,611 1419,611 1419,610 1420,610 1420,608 1421,608 1421,607 1422,607 1422,606 1423,606 1423,605 1425,605 1425,604 1430,604 1430,603 1453,603 1453,585 1454,585 1454,584 1455,584 1455,583"/>
	<TextEquiv>
	<Unicode>εὐψυχίᾳ</Unicode></TextEquiv></Word>
	<TextEquiv>
	<Unicode>μένοι. καὶ πολλὰ μὲν ἐξ ἐμπειρίας σὺν εὐψυχίᾳ</Unicode></TextEquiv></TextLine>
	<TextLine id="r10">
	<Coords points="1298,649 1300,649 1300,651 1301,651 1301,672 1609,672 1609,653 1610,653 1610,654 1611,654 1611,655 1612,655 1612,656 1613,656 1613,659 1614,659 1614,661 1615,661 1615,664 1616,664 1616,674 1623,674 1623,675 1652,675 1652,676 1653,676 1653,678 1654,678 1654,682 1653,682 1653,684 1652,684 1652,686 1651,686 1651,688 1650,688 1650,689 1649,689 1649,691 1648,691 1648,692 1647,692 1647,693 1646,693 1646,694 1644,694 1644,695 1643,695 1643,696 1642,696 1642,697 1640,697 1640,698 1639,698 1639,699 1636,699 1636,700 1634,700 1634,701 1632,701 1632,702 1630,702 1630,701 1629,701 1629,700 1512,700 1512,701 1511,701 1511,702 1509,702 1509,703 1508,703 1508,704 1504,704 1504,703 1503,703 1503,699 1328,699 1328,700 1312,700 1312,699 1207,699 1207,701 1206,701 1206,706 1205,706 1205,711 1204,711 1204,713 1203,713 1203,714 1199,714 1199,713 1198,713 1198,708 1123,708 1123,700 1096,700 1096,699 969,699 969,700 956,700 956,706 955,706 955,710 954,710 954,715 953,715 953,716 952,716 952,717 950,717 950,716 949,716 949,700 794,700 794,703 793,703 793,712 792,712 792,714 791,714 791,716 788,716 788,714 787,714 787,713 707,713 707,712 706,712 706,700 585,700 585,701 578,701 578,719 577,719 577,720 576,720 576,721 574,721 574,722 573,722 573,721 569,721 569,720 568,720 568,718 567,718 567,703 319,703 319,704 314,704 314,703 239,703 239,697 240,697 240,694 241,694 241,692 242,692 242,690 243,690 243,684 244,684 244,682 245,682 245,678 246,678 246,677 248,677 248,676 263,676 263,675 310,675 310,654 312,654 312,653 390,653 390,654 391,654 391,655 393,655 393,656 394,656 394,659 395,659 395,675 544,675 544,666 545,666 545,663 546,663 546,661 547,661 547,658 548,658 548,657 549,657 549,654 550,654 550,653 551,653 551,652 552,652 552,651 556,651 556,652 557,652 557,660 639,660 639,661 642,661 642,662 644,662 644,663 645,663 645,664 646,664 646,665 647,665 647,667 649,667 649,669 650,669 650,671 651,671 651,673 804,673 804,672 831,672 831,652 832,652 832,651 833,651 833,650 835,650 835,651 837,651 837,652 932,652 932,653 936,653 936,654 938,654 938,655 939,655 939,656 940,656 940,657 941,657 941,658 942,658 942,659 943,659 943,660 944,660 944,661 945,661 945,672 1051,672 1051,673 1186,673 1186,672 1187,672 1187,653 1188,653 1188,652 1189,652 1189,651 1293,651 1293,650 1295,650 1295,649 1298,649 1298,648"/>
	<Word id="r84">
	<Coords points="312,654 314,654 314,655 316,655 316,657 317,657 317,660 318,660 318,662 319,662 319,665 320,665 320,666 321,666 321,669 322,669 322,672 323,672 323,691 326,691 326,692 327,692 326,692 326,695 325,695 325,697 324,697 324,700 322,700 322,701 321,701 321,703 319,703 319,704 314,704 314,703 239,703 239,697 240,697 240,694 241,694 241,692 242,692 242,690 243,690 243,684 244,684 244,682 245,682 245,678 246,678 246,677 248,677 248,676 263,676 263,675 310,675 310,654 312,654 312,653"/>
	<TextEquiv>
	<Unicode>καὶ</Unicode></TextEquiv></Word>
	<Word id="r85">
	<Coords points="556,651 556,652 557,652 557,674 586,674 586,675 588,675 588,690 591,690 591,696 589,696 589,697 588,697 588,698 587,698 587,699 586,699 586,700 585,700 585,701 578,701 578,719 577,719 577,720 576,720 576,721 574,721 574,722 573,722 573,721 569,721 569,720 568,720 568,718 567,718 567,703 377,703 377,702 373,702 373,701 372,701 372,700 371,700 371,699 370,699 370,698 369,698 369,695 368,695 369,695 369,690 370,690 370,687 371,687 371,686 372,686 372,684 373,684 373,683 374,683 374,681 375,681 375,680 376,680 376,679 377,679 377,678 379,678 379,677 383,677 383,656 384,656 384,654 386,654 386,653 390,653 390,654 391,654 391,655 393,655 393,656 394,656 394,659 395,659 395,675 544,675 544,666 545,666 545,663 546,663 546,661 547,661 547,658 548,658 548,657 549,657 549,654 550,654 550,653 551,653 551,652 552,652 552,651"/>
	<TextEquiv>
	<Unicode>ἀπονοίᾳ</Unicode></TextEquiv></Word>
	<Word id="r86">
	<Coords points="835,650 835,651 837,651 837,652 838,652 838,654 839,654 839,657 840,657 840,659 841,659 841,661 842,661 842,665 843,665 843,667 844,667 844,669 845,669 845,673 848,673 848,674 849,674 849,688 853,688 853,690 854,690 854,691 853,691 853,693 852,693 852,695 851,695 851,696 850,696 850,697 849,697 849,698 848,698 848,699 846,699 846,700 794,700 794,703 793,703 793,712 792,712 792,714 791,714 791,716 788,716 788,714 787,714 787,713 707,713 707,712 706,712 706,700 635,700 635,699 634,699 634,663 632,663 632,660 639,660 639,661 642,661 642,662 644,662 644,663 645,663 645,664 646,664 646,665 647,665 647,667 649,667 649,669 650,669 650,671 651,671 651,673 804,673 804,672 831,672 831,652 832,652 832,651 833,651 833,650"/>
	<TextEquiv>
	<Unicode>λαμπρὰ</Unicode></TextEquiv></Word>
	<Word id="r307">
	<Coords points="881,685 893,654 914,643 1002,658 1116,662 1146,700 1137,712 1069,719 922,716 878,685"/>
	<TextEquiv>
	<Unicode>ἔδρασαν,</Unicode></TextEquiv></Word>
	<Word id="r90">
	<Coords points="1298,648 1298,649 1300,649 1300,651 1301,651 1301,672 1512,672 1512,673 1514,673 1514,674 1516,674 1516,675 1517,675 1517,676 1518,676 1518,677 1519,677 1519,681 1518,681 1518,682 1517,682 1517,683 1514,683 1514,698 1513,698 1513,700 1512,700 1512,701 1511,701 1511,702 1509,702 1509,703 1508,703 1508,704 1504,704 1504,703 1503,703 1503,699 1328,699 1328,700 1312,700 1312,699 1207,699 1207,701 1206,701 1206,706 1205,706 1205,711 1204,711 1204,713 1203,713 1203,714 1199,714 1199,713 1198,713 1198,700 1187,700 1187,699 1182,699 1182,698 1180,698 1180,697 1179,697 1179,696 1178,696 1178,695 1177,695 1177,693 1176,693 1176,691 1175,691 1175,685 1176,685 1176,682 1177,682 1177,680 1178,680 1178,678 1179,678 1179,677 1180,677 1180,676 1181,676 1181,675 1182,675 1182,674 1184,674 1184,673 1186,673 1186,672 1187,672 1187,653 1188,653 1188,652 1189,652 1189,651 1293,651 1293,650 1295,650 1295,649 1298,649"/>
	<TextEquiv>
	<Unicode>ἐμπίπτοντες</Unicode></TextEquiv></Word>
	<Word id="r93">
	<Coords points="1609,653 1610,653 1610,654 1611,654 1611,655 1612,655 1612,656 1613,656 1613,659 1614,659 1614,661 1615,661 1615,664 1616,664 1616,674 1623,674 1623,675 1652,675 1652,676 1653,676 1653,678 1654,678 1654,682 1653,682 1653,684 1652,684 1652,686 1651,686 1651,688 1650,688 1650,689 1649,689 1649,691 1648,691 1648,692 1647,692 1647,693 1646,693 1646,694 1644,694 1644,695 1643,695 1643,696 1642,696 1642,697 1640,697 1640,698 1639,698 1639,699 1636,699 1636,700 1634,700 1634,701 1632,701 1632,702 1630,702 1630,701 1629,701 1629,700 1564,700 1564,699 1562,699 1562,698 1560,698 1560,696 1559,696 1559,695 1558,695 1558,694 1557,694 1557,686 1558,686 1558,683 1559,683 1559,682 1560,682 1560,681 1561,681 1561,679 1562,679 1562,678 1563,678 1563,677 1565,677 1565,676 1568,676 1568,675 1570,675 1570,674 1575,674 1575,673 1609,673"/>
	<TextEquiv>
	<Unicode>σὺν</Unicode></TextEquiv></Word>
	<TextEquiv>
	<Unicode>καὶ ἀπονοίᾳ λαμπρὰ ἔδρασαν, ἐμπίπτοντες σὺν</Unicode></TextEquiv></TextLine>
	<TextLine id="r315">
	<Coords points="1126,718 1126,719 1163,719 1163,720 1164,720 1164,721 1165,721 1165,723 1166,723 1166,724 1268,724 1268,720 1269,720 1269,719 1271,719 1271,718 1303,718 1303,719 1381,719 1381,720 1382,720 1382,721 1383,721 1383,722 1384,722 1384,724 1385,724 1385,740 1525,740 1525,732 1526,732 1526,728 1527,728 1527,727 1528,727 1528,726 1529,726 1529,725 1530,725 1530,724 1533,724 1533,723 1537,723 1537,724 1539,724 1539,725 1541,725 1541,726 1542,726 1542,727 1543,727 1543,729 1544,729 1544,731 1545,731 1545,741 1629,741 1629,742 1632,742 1632,743 1634,743 1634,744 1636,744 1636,746 1637,746 1637,747 1638,747 1638,750 1639,750 1639,759 1651,759 1651,760 1652,760 1652,761 1653,761 1653,762 1654,762 1654,769 1653,769 1653,771 1652,771 1652,773 1651,773 1651,774 1650,774 1650,775 1649,775 1649,776 1646,776 1646,777 1641,777 1641,770 1462,770 1462,773 1461,773 1461,779 1460,779 1460,783 1456,783 1456,782 1427,782 1427,781 1425,781 1425,767 1306,767 1306,768 1305,768 1305,767 1185,767 1185,768 1102,768 1102,779 1101,779 1101,781 1100,781 1100,783 1099,783 1099,785 1098,785 1098,786 1096,786 1096,787 1088,787 1088,786 1086,786 1086,785 1083,785 1083,784 1081,784 1081,785 1079,785 1079,786 1078,786 1078,787 1067,787 1067,788 1065,788 1065,787 1064,787 1064,769 838,769 838,771 837,771 837,773 835,773 835,775 832,775 832,776 830,776 830,777 829,777 829,776 827,776 827,773 810,773 810,772 808,772 808,769 699,769 699,772 698,772 698,775 697,775 697,779 696,779 696,781 695,781 695,783 692,783 692,781 691,781 691,770 580,770 580,771 511,771 511,772 510,772 510,773 508,773 508,774 507,774 507,775 501,775 501,771 359,771 359,772 358,772 358,775 357,775 357,778 356,778 356,780 355,780 355,781 346,781 346,783 345,783 345,785 272,785 272,787 271,787 271,788 269,788 269,787 268,787 268,771 246,771 246,770 245,770 245,769 244,769 244,768 243,768 243,767 242,767 242,764 241,764 241,763 240,763 240,758 241,758 241,755 242,755 242,752 243,752 243,750 244,750 244,749 245,749 245,748 246,748 246,747 247,747 247,746 249,746 249,745 250,745 250,724 251,724 251,723 253,723 253,722 258,722 258,723 259,723 259,724 260,724 260,725 261,725 261,726 356,726 356,727 359,727 359,728 360,728 360,729 361,729 361,730 362,730 362,743 473,743 473,733 474,733 474,730 476,730 476,728 478,728 478,727 480,727 480,726 486,726 486,727 488,727 488,728 489,728 489,729 490,729 490,731 491,731 491,741 627,741 627,730 628,730 628,729 629,729 629,728 635,728 635,729 638,729 638,730 741,730 741,728 742,728 742,726 743,726 743,724 744,724 744,722 745,722 745,720 747,720 747,719 749,719 749,720 750,720 750,721 751,721 751,741 816,741 816,742 942,742 942,741 1100,741 1100,740 1118,740 1118,730 1119,730 1119,727 1120,727 1120,724 1121,724 1121,721 1122,721 1122,720 1123,720 1123,719 1125,719 1125,718"/>
	<Word id="r95">
	<Coords points="258,722 258,723 259,723 259,724 260,724 260,725 261,725 261,726 356,726 356,727 359,727 359,728 360,728 360,729 361,729 361,730 362,730 362,745 363,745 363,746 364,746 364,751 365,751 364,751 364,756 363,756 363,759 362,759 362,762 361,762 361,765 360,765 360,768 359,768 359,772 358,772 358,775 357,775 357,778 356,778 356,780 355,780 355,781 346,781 346,783 345,783 345,785 272,785 272,787 271,787 271,788 269,788 269,787 268,787 268,771 246,771 246,770 245,770 245,769 244,769 244,768 243,768 243,767 242,767 242,764 241,764 241,763 240,763 240,758 241,758 241,755 242,755 242,752 243,752 243,750 244,750 244,749 245,749 245,748 246,748 246,747 247,747 247,746 249,746 249,745 250,745 250,724 251,724 251,723 253,723 253,722"/>
	<TextEquiv>
	<Unicode>ὀργῇ</Unicode></TextEquiv></Word>
	<Word id="r96">
	<Coords points="486,726 486,727 488,727 488,728 489,728 489,729 490,729 490,731 491,731 491,743 508,743 508,744 511,744 511,745 514,745 514,746 515,746 515,748 516,748 516,750 517,750 517,752 516,752 516,753 512,753 512,770 511,770 511,772 510,772 510,773 508,773 508,774 507,774 507,775 501,775 501,771 420,771 420,769 419,769 419,756 412,756 412,755 411,755 411,747 412,747 412,746 413,746 413,745 415,745 415,744 456,744 456,743 473,743 473,733 474,733 474,730 476,730 476,728 478,728 478,727 480,727 480,726"/>
	<TextEquiv>
	<Unicode>τοῖς</Unicode></TextEquiv></Word>
	<Word id="r97">
	<Coords points="749,719 749,720 750,720 750,721 751,721 751,741 816,741 816,742 818,742 818,743 821,743 821,744 822,744 822,745 823,745 823,746 824,746 824,747 825,747 825,759 836,759 836,760 837,760 837,761 838,761 838,763 839,763 839,769 838,769 838,771 837,771 837,773 835,773 835,775 832,775 832,776 830,776 830,777 829,777 829,776 827,776 827,773 810,773 810,772 808,772 808,769 699,769 699,772 698,772 698,775 697,775 697,779 696,779 696,781 695,781 695,783 692,783 692,781 691,781 691,770 580,770 580,771 564,771 564,770 562,770 562,769 561,769 561,755 557,755 557,754 556,754 556,751 555,751 555,749 556,749 556,746 557,746 557,745 558,745 558,744 560,744 560,743 580,743 580,742 582,742 582,741 627,741 627,730 628,730 628,729 629,729 629,728 635,728 635,729 638,729 638,730 741,730 741,728 742,728 742,726 743,726 743,724 744,724 744,722 745,722 745,720 747,720 747,719"/>
	<TextEquiv>
	<Unicode>πολεμίοις,</Unicode></TextEquiv></Word>
	<Word id="r98">
	<Coords points="1126,718 1126,719 1163,719 1163,720 1164,720 1164,721 1165,721 1165,723 1166,723 1166,725 1167,725 1167,740 1188,740 1188,741 1191,741 1191,742 1221,742 1221,746 1220,746 1220,750 1219,750 1219,752 1218,752 1218,754 1217,754 1217,756 1216,756 1216,757 1215,757 1215,758 1214,758 1214,759 1212,759 1212,761 1211,761 1211,762 1209,762 1209,763 1207,763 1207,764 1206,764 1206,765 1204,765 1204,766 1202,766 1202,767 1185,767 1185,768 1102,768 1102,779 1101,779 1101,781 1100,781 1100,783 1099,783 1099,785 1098,785 1098,786 1096,786 1096,787 1088,787 1088,786 1086,786 1086,785 1083,785 1083,784 1081,784 1081,785 1079,785 1079,786 1078,786 1078,787 1067,787 1067,788 1065,788 1065,787 1064,787 1064,769 894,769 894,755 890,755 890,754 888,754 888,746 889,746 889,744 890,744 890,743 893,743 893,742 942,742 942,741 1100,741 1100,740 1118,740 1118,730 1119,730 1119,727 1120,727 1120,724 1121,724 1121,721 1122,721 1122,720 1123,720 1123,719 1125,719 1125,718"/>
	<TextEquiv>
	<Unicode>πανταχόθεν</Unicode></TextEquiv></Word>
	<Word id="r99">
	<Coords points="1303,718 1303,719 1304,719 1304,720 1305,720 1305,722 1306,722 1306,724 1307,724 1307,726 1308,726 1308,728 1309,728 1309,731 1310,731 1310,734 1311,734 1311,740 1312,740 1312,741 1313,741 1313,742 1314,742 1314,743 1315,743 1314,743 1314,745 1313,745 1313,746 1312,746 1312,765 1311,765 1311,766 1310,766 1310,767 1306,767 1306,768 1305,768 1305,767 1274,767 1274,766 1267,766 1267,765 1266,765 1266,764 1265,764 1265,763 1264,763 1264,761 1263,761 1263,759 1262,759 1262,752 1263,752 1263,750 1264,750 1264,748 1265,748 1265,746 1267,746 1267,724 1268,724 1268,720 1269,720 1269,719 1271,719 1271,718"/>
	<TextEquiv>
	<Unicode>δὲ</Unicode></TextEquiv></Word>
	<Word id="r100">
	<Coords points="1381,719 1381,720 1382,720 1382,721 1383,721 1383,722 1384,722 1384,724 1385,724 1385,740 1525,740 1525,732 1526,732 1526,728 1527,728 1527,727 1528,727 1528,726 1529,726 1529,725 1530,725 1530,724 1533,724 1533,723 1537,723 1537,724 1539,724 1539,725 1541,725 1541,726 1542,726 1542,727 1543,727 1543,729 1544,729 1544,731 1545,731 1545,741 1629,741 1629,742 1632,742 1632,743 1634,743 1634,744 1636,744 1636,746 1637,746 1637,747 1638,747 1638,750 1639,750 1639,759 1651,759 1651,760 1652,760 1652,761 1653,761 1653,762 1654,762 1654,769 1653,769 1653,771 1652,771 1652,773 1651,773 1651,774 1650,774 1650,775 1649,775 1649,776 1646,776 1646,777 1641,777 1641,770 1486,770 1486,805 1484,805 1484,804 1483,804 1483,802 1482,802 1482,801 1481,801 1481,799 1479,799 1479,797 1478,797 1478,794 1477,794 1477,793 1476,793 1476,791 1475,791 1475,783 1456,783 1456,782 1427,782 1427,781 1425,781 1425,767 1363,767 1363,766 1361,766 1361,764 1360,764 1360,763 1359,763 1359,762 1358,762 1358,754 1359,754 1359,752 1360,752 1360,751 1361,751 1361,749 1362,749 1362,747 1363,747 1363,746 1364,746 1364,745 1365,745 1365,744 1366,744 1366,743 1368,743 1368,742 1370,742 1370,741 1373,741 1373,722 1374,722 1374,720 1376,720 1376,719"/>
	<TextEquiv>
	<Unicode>ἀνῃροῦντο,</Unicode></TextEquiv></Word>
	<TextEquiv>
	<Unicode>ὀργῇ τοῖς πολεμίοις, πανταχόθεν δὲ ἀνῃροῦντο,</Unicode></TextEquiv></TextLine>
	<TextLine id="r12">
	<Coords points="1082,785 1082,786 1085,786 1085,787 1087,787 1087,788 1088,788 1088,789 1089,789 1089,790 1214,790 1214,789 1215,789 1215,787 1217,787 1217,786 1220,786 1220,787 1221,787 1221,789 1253,789 1253,790 1255,790 1255,791 1257,791 1257,792 1258,792 1258,793 1259,793 1259,794 1260,794 1260,795 1261,795 1261,796 1262,796 1262,800 1263,800 1263,807 1322,807 1322,808 1323,808 1323,809 1475,809 1475,788 1478,788 1478,789 1479,789 1479,790 1480,790 1480,791 1481,791 1481,795 1482,795 1482,797 1483,797 1483,799 1484,799 1484,802 1485,802 1485,803 1486,803 1486,810 1606,810 1606,809 1613,809 1613,789 1614,789 1614,788 1618,788 1618,789 1619,789 1619,790 1620,790 1620,792 1621,792 1621,795 1622,795 1622,797 1623,797 1623,802 1624,802 1624,809 1629,809 1629,810 1649,810 1649,811 1652,811 1652,812 1654,812 1654,813 1655,813 1655,814 1656,814 1656,816 1657,816 1657,818 1656,818 1656,819 1655,819 1655,820 1652,820 1652,837 1651,837 1651,839 1650,839 1650,840 1649,840 1649,841 1646,841 1646,842 1642,842 1642,841 1641,841 1641,839 1550,839 1550,838 1548,838 1548,837 1480,837 1480,836 1337,836 1337,838 1336,838 1336,839 1335,839 1335,840 1334,840 1334,841 1333,841 1333,842 1328,842 1328,841 1226,841 1226,844 1225,844 1225,845 1224,845 1224,846 1224,845 1222,845 1222,837 1175,837 1175,836 1006,836 1006,837 863,837 863,838 862,838 862,839 861,839 861,840 860,840 860,841 857,841 857,842 856,842 856,841 854,841 854,840 853,840 853,837 630,837 630,839 629,839 629,840 628,840 628,841 625,841 625,842 621,842 621,843 621,842 619,842 619,839 488,839 488,850 487,850 487,853 486,853 486,854 485,854 485,855 484,855 484,856 482,856 482,857 479,857 479,858 451,858 451,857 450,857 450,855 311,855 311,856 308,856 308,841 248,841 248,840 245,840 245,826 241,826 241,825 240,825 240,823 239,823 239,818 240,818 240,816 241,816 241,815 242,815 242,814 244,814 244,813 298,813 298,812 352,812 352,811 436,811 436,807 437,807 437,804 438,804 438,800 439,800 439,797 440,797 440,795 441,795 441,793 442,793 442,792 443,792 443,790 445,790 445,789 448,789 448,790 449,790 449,811 622,811 622,810 732,810 732,791 733,791 733,790 736,790 736,789 826,789 826,788 829,788 829,789 830,789 830,790 831,790 831,794 832,794 832,796 833,796 833,798 834,798 834,802 835,802 835,805 836,805 836,809 998,809 998,797 999,797 999,796 1000,796 1000,794 1001,794 1001,793 1002,793 1002,792 1005,792 1005,791 1078,791 1078,788 1079,788 1079,787 1080,787 1080,786 1082,786"/>
	<Word id="r101">
	<Coords points="448,789 448,790 449,790 449,811 622,811 622,810 628,810 628,811 629,811 629,812 632,812 632,813 633,813 633,814 634,814 634,815 635,815 635,817 636,817 636,818 635,818 635,820 634,820 634,821 631,821 631,837 630,837 630,839 629,839 629,840 628,840 628,841 625,841 625,842 621,842 621,843 621,842 619,842 619,839 488,839 488,850 487,850 487,853 486,853 486,854 485,854 485,855 484,855 484,856 482,856 482,857 479,857 479,858 451,858 451,857 450,857 450,855 311,855 311,856 308,856 308,841 248,841 248,840 245,840 245,826 241,826 241,825 240,825 240,823 239,823 239,818 240,818 240,816 241,816 241,815 242,815 242,814 244,814 244,813 298,813 298,812 352,812 352,811 436,811 436,807 437,807 437,804 438,804 438,800 439,800 439,797 440,797 440,795 441,795 441,793 442,793 442,792 443,792 443,790 445,790 445,789"/>
	<TextEquiv>
	<Unicode>περιτρέχοντος</Unicode></TextEquiv></Word>
	<Word id="r102">
	<Coords points="829,788 829,789 830,789 830,790 831,790 831,794 832,794 832,796 833,796 833,798 834,798 834,802 835,802 835,805 836,805 836,809 862,809 862,810 865,810 865,811 866,811 866,812 867,812 867,813 868,813 868,814 869,814 869,816 870,816 870,818 869,818 869,819 868,819 868,820 865,820 865,835 864,835 864,837 863,837 863,838 862,838 862,839 861,839 861,840 860,840 860,841 857,841 857,842 856,842 856,841 854,841 854,840 853,840 853,837 688,837 688,836 686,836 686,835 685,835 685,833 684,833 684,831 683,831 683,825 684,825 684,823 685,823 685,820 686,820 686,819 687,819 687,818 688,818 688,816 689,816 689,815 690,815 690,814 691,814 691,813 692,813 692,812 694,812 694,811 708,811 708,810 732,810 732,791 733,791 733,790 736,790 736,789 826,789 826,788"/>
	<TextEquiv>
	<Unicode>αὐτοὺς</Unicode></TextEquiv></Word>
	<Word id="r103">
	<Coords points="1010,791 1010,792 1013,792 1013,793 1014,793 1014,794 1015,794 1015,795 1016,795 1016,796 1017,796 1017,810 1019,810 1019,813 1020,813 1020,816 1019,816 1019,822 1018,822 1018,824 1017,824 1017,826 1016,826 1016,828 1015,828 1015,830 1014,830 1014,831 1013,831 1013,832 1012,832 1012,833 1011,833 1011,834 1010,834 1010,835 1008,835 1008,836 1006,836 1006,837 939,837 939,836 938,836 938,835 937,835 937,820 930,820 930,819 929,819 929,814 930,814 930,812 931,812 931,811 932,811 932,810 934,810 934,809 998,809 998,797 999,797 999,796 1000,796 1000,794 1001,794 1001,793 1002,793 1002,792 1005,792 1005,791"/>
	<TextEquiv>
	<Unicode>τοῦ</Unicode></TextEquiv></Word>
	<Word id="r104">
	<Coords points="1082,786 1085,786 1085,787 1087,787 1087,788 1088,788 1088,789 1089,789 1089,790 1214,790 1214,789 1215,789 1215,787 1217,787 1217,786 1220,786 1220,787 1221,787 1221,789 1253,789 1253,790 1255,790 1255,791 1257,791 1257,792 1258,792 1258,793 1259,793 1259,794 1260,794 1260,795 1261,795 1261,796 1262,796 1262,800 1263,800 1263,807 1322,807 1322,808 1323,808 1323,809 1324,809 1324,826 1335,826 1335,827 1337,827 1337,828 1338,828 1338,831 1339,831 1339,834 1338,834 1338,836 1337,836 1337,838 1336,838 1336,839 1335,839 1335,840 1334,840 1334,841 1333,841 1333,842 1328,842 1328,841 1226,841 1226,844 1225,844 1225,845 1224,845 1224,846 1224,845 1222,845 1222,837 1175,837 1175,836 1098,836 1098,835 1095,835 1095,833 1094,833 1094,803 1081,803 1081,802 1080,802 1080,801 1079,801 1079,791 1078,791 1078,788 1079,788 1079,787 1080,787 1080,786 1082,786 1082,785"/>
	<TextEquiv>
	<Unicode>Ἀννίβου,</Unicode></TextEquiv></Word>
	<Word id="r105">
	<Coords points="1463,809 1463,810 1484,810 1484,811 1485,811 1485,825 1489,825 1489,829 1488,829 1488,830 1487,830 1487,831 1486,831 1486,833 1485,833 1485,834 1484,834 1484,835 1483,835 1483,836 1480,836 1480,837 1480,836 1403,836 1403,835 1402,835 1402,831 1403,831 1403,829 1404,829 1404,826 1405,826 1405,823 1406,823 1406,819 1407,819 1407,818 1408,818 1408,815 1409,815 1409,812 1410,812 1410,810 1412,810 1412,809"/>
	<TextEquiv>
	<Unicode>καὶ</Unicode></TextEquiv></Word>
	<Word id="r106">
	<Coords points="1618,788 1618,789 1619,789 1619,790 1620,790 1620,792 1621,792 1621,795 1622,795 1622,797 1623,797 1623,802 1624,802 1624,809 1629,809 1629,810 1649,810 1649,811 1652,811 1652,812 1654,812 1654,813 1655,813 1655,814 1656,814 1656,816 1657,816 1657,818 1656,818 1656,819 1655,819 1655,820 1652,820 1652,837 1651,837 1651,839 1650,839 1650,840 1649,840 1649,841 1646,841 1646,842 1642,842 1642,841 1641,841 1641,839 1550,839 1550,838 1548,838 1548,822 1541,822 1541,821 1540,821 1540,820 1539,820 1539,815 1540,815 1540,813 1541,813 1541,812 1542,812 1542,811 1582,811 1582,810 1606,810 1606,809 1613,809 1613,789 1614,789 1614,788"/>
	<TextEquiv>
	<Unicode>τοὺς</Unicode></TextEquiv></Word>
	<TextEquiv>
	<Unicode>περιτρέχοντος αὐτοὺς τοῦ Ἀννίβου, καὶ τοὺς</Unicode></TextEquiv></TextLine>
	<TextLine id="r13">
	<Coords points="1174,856 1174,857 1175,857 1175,859 1176,859 1176,861 1177,861 1177,864 1178,864 1178,866 1179,866 1179,867 1180,867 1180,870 1181,870 1181,872 1182,872 1182,877 1318,877 1318,876 1323,876 1323,877 1440,877 1440,863 1441,863 1441,862 1519,862 1519,861 1521,861 1521,860 1528,860 1528,861 1530,861 1530,862 1531,862 1531,863 1532,863 1532,864 1533,864 1533,866 1534,866 1534,879 1643,879 1643,878 1645,878 1645,879 1650,879 1650,880 1652,880 1652,881 1653,881 1653,882 1654,882 1654,883 1655,883 1655,886 1656,886 1656,887 1655,887 1655,888 1653,888 1653,889 1651,889 1651,905 1650,905 1650,907 1649,907 1649,908 1648,908 1648,909 1647,909 1647,910 1645,910 1645,911 1641,911 1641,910 1640,910 1640,907 1543,907 1543,906 1541,906 1541,905 1516,905 1516,904 1309,904 1309,905 1308,905 1308,912 1307,912 1307,917 1306,917 1306,920 1303,920 1303,919 1301,919 1301,904 1177,904 1177,905 1049,905 1049,907 1047,907 1047,908 1045,908 1045,909 1043,909 1043,910 1040,910 1040,909 1039,909 1039,906 887,906 887,907 824,907 824,911 823,911 823,917 822,917 822,922 817,922 817,921 732,921 732,920 730,920 730,919 729,919 729,908 728,908 728,907 571,907 571,909 570,909 570,914 569,914 569,918 568,918 568,919 567,919 567,921 566,921 566,922 563,922 563,921 562,921 562,919 561,919 561,908 390,908 390,909 389,909 389,910 388,910 388,911 382,911 382,910 381,910 381,908 243,908 243,907 242,907 242,906 241,906 241,904 240,904 240,901 241,901 241,896 242,896 242,894 243,894 243,890 244,890 244,887 245,887 245,883 246,883 246,882 247,882 247,860 249,860 249,859 305,859 305,858 306,858 306,859 308,859 308,860 309,860 309,880 453,880 453,864 454,864 454,861 455,861 455,859 480,859 480,858 611,858 611,857 613,857 613,858 715,858 715,859 741,859 741,864 754,864 754,866 755,866 755,878 867,878 867,869 868,869 868,868 869,868 869,866 870,866 870,864 871,864 871,862 872,862 872,860 873,860 873,859 874,859 874,858 875,858 875,857 879,857 879,878 1040,878 1040,877 1170,877 1170,857 1171,857 1171,856"/>
	<Word id="r107">
	<Coords points="306,858 306,859 308,859 308,860 309,860 309,880 389,880 389,881 392,881 392,882 394,882 394,883 395,883 395,884 396,884 396,886 397,886 397,887 396,887 396,889 395,889 395,890 392,890 392,905 391,905 391,908 390,908 390,909 389,909 389,910 388,910 388,911 382,911 382,910 381,910 381,908 243,908 243,907 242,907 242,906 241,906 241,904 240,904 240,901 241,901 241,896 242,896 242,894 243,894 243,890 244,890 244,887 245,887 245,883 246,883 246,882 247,882 247,860 249,860 249,859 305,859 305,858"/>
	<TextEquiv>
	<Unicode>ἰδίους</Unicode></TextEquiv></Word>
	<Word id="r108">
	<Coords points="514,858 514,860 515,860 515,861 516,861 516,864 517,864 517,866 518,866 518,868 519,868 519,871 520,871 520,872 521,872 521,875 522,875 522,903 523,903 523,904 522,904 522,905 521,905 521,906 520,906 520,907 516,907 516,908 481,908 481,907 447,907 447,906 445,906 445,905 444,905 444,903 443,903 443,901 442,901 442,898 441,898 441,895 442,895 442,890 443,890 443,888 444,888 444,887 445,887 445,886 446,886 446,884 447,884 447,883 449,883 449,882 451,882 451,881 453,881 453,864 454,864 454,861 455,861 455,859 511,859 511,858"/>
	<TextEquiv>
	<Unicode>ὁτὲ</Unicode></TextEquiv></Word>
	<Word id="r109">
	<Coords points="613,857 613,858 614,858 614,859 615,859 615,860 616,860 616,862 617,862 617,864 618,864 618,867 619,867 619,869 620,869 620,873 621,873 621,880 654,880 654,881 655,881 655,886 654,886 654,889 653,889 653,891 652,891 652,892 651,892 651,895 650,895 650,896 649,896 649,897 648,897 648,898 647,898 647,899 646,899 646,900 645,900 645,901 644,901 644,902 643,902 643,903 642,903 642,904 640,904 640,905 638,905 638,906 636,906 636,907 571,907 571,909 570,909 570,914 569,914 569,918 568,918 568,919 567,919 567,921 566,921 566,922 563,922 563,921 562,921 562,919 561,919 561,918 562,918 562,916 563,916 563,913 564,913 564,910 565,910 565,906 566,906 566,904 567,904 567,901 568,901 568,898 569,898 569,894 570,894 570,891 571,891 571,887 572,887 572,885 573,885 573,882 574,882 574,881 575,881 575,880 609,880 609,859 610,859 610,858 611,858 611,857"/>
	<TextEquiv>
	<Unicode>μὲν</Unicode></TextEquiv></Word>
	<Word id="r110">
	<Coords points="879,857 879,878 1040,878 1040,877 1047,877 1047,878 1050,878 1050,879 1051,879 1051,880 1053,880 1053,881 1054,881 1054,882 1055,882 1055,886 1054,886 1054,887 1053,887 1053,888 1051,888 1051,902 1050,902 1050,905 1049,905 1049,907 1047,907 1047,908 1045,908 1045,909 1043,909 1043,910 1040,910 1040,909 1039,909 1039,906 887,906 887,907 824,907 824,911 823,911 823,917 822,917 822,922 817,922 817,921 732,921 732,920 730,920 730,919 729,919 729,908 728,908 728,907 727,907 727,906 705,906 705,905 703,905 703,904 702,904 702,903 701,903 701,901 700,901 700,900 699,900 699,898 698,898 698,891 699,891 699,888 700,888 700,887 701,887 701,885 702,885 702,884 703,884 703,883 704,883 704,882 705,882 705,881 708,881 708,880 710,880 710,860 712,860 712,859 714,859 714,858 715,858 715,859 741,859 741,864 754,864 754,866 755,866 755,878 867,878 867,869 868,869 868,868 869,868 869,866 870,866 870,864 871,864 871,862 872,862 872,860 873,860 873,859 874,859 874,858 875,858 875,857"/>
	<TextEquiv>
	<Unicode>ἐξοτρύνοντος</Unicode></TextEquiv></Word>
	<Word id="r111">
	<Coords points="1174,856 1174,857 1175,857 1175,859 1176,859 1176,861 1177,861 1177,864 1178,864 1178,866 1179,866 1179,867 1180,867 1180,870 1181,870 1181,872 1182,872 1182,892 1185,892 1185,897 1184,897 1184,898 1183,898 1183,900 1182,900 1182,902 1180,902 1180,903 1178,903 1178,904 1177,904 1177,905 1099,905 1099,904 1098,904 1098,900 1099,900 1099,898 1100,898 1100,895 1101,895 1101,892 1102,892 1102,890 1103,890 1103,886 1104,886 1104,884 1105,884 1105,881 1106,881 1106,880 1107,880 1107,878 1122,878 1122,877 1170,877 1170,857 1171,857 1171,856"/>
	<TextEquiv>
	<Unicode>καὶ</Unicode></TextEquiv></Word>
	<Word id="r112">
	<Coords points="1528,860 1528,861 1530,861 1530,862 1531,862 1531,863 1532,863 1532,864 1533,864 1533,866 1534,866 1534,879 1643,879 1643,878 1645,878 1645,879 1650,879 1650,880 1652,880 1652,881 1653,881 1653,882 1654,882 1654,883 1655,883 1655,886 1656,886 1656,887 1655,887 1655,888 1653,888 1653,889 1651,889 1651,905 1650,905 1650,907 1649,907 1649,908 1648,908 1648,909 1647,909 1647,910 1645,910 1645,911 1641,911 1641,910 1640,910 1640,907 1543,907 1543,906 1541,906 1541,905 1516,905 1516,904 1309,904 1309,905 1308,905 1308,912 1307,912 1307,917 1306,917 1306,920 1303,920 1303,919 1301,919 1301,904 1230,904 1230,889 1225,889 1225,888 1224,888 1224,887 1223,887 1223,881 1224,881 1224,879 1225,879 1225,878 1227,878 1227,877 1318,877 1318,876 1323,876 1323,877 1440,877 1440,863 1441,863 1441,862 1519,862 1519,861 1521,861 1521,860"/>
	<TextEquiv>
	<Unicode>παρακαλοῦντος</Unicode></TextEquiv></Word>
	<TextEquiv>
	<Unicode>ἰδίους ὁτὲ μὲν ἐξοτρύνοντος καὶ παρακαλοῦντος</Unicode></TextEquiv></TextLine>
	<TextLine id="r14">
	<Coords points="1245,922 1245,923 1368,923 1368,924 1409,924 1409,925 1411,925 1411,926 1412,926 1412,927 1413,927 1413,930 1414,930 1414,945 1523,945 1523,934 1524,934 1524,932 1586,932 1586,930 1587,930 1587,929 1588,929 1588,928 1594,928 1594,930 1595,930 1595,946 1633,946 1633,947 1634,947 1634,957 1653,957 1653,958 1654,958 1654,962 1653,962 1653,963 1623,963 1623,965 1622,965 1622,967 1621,967 1621,968 1620,968 1620,969 1619,969 1619,970 1618,970 1618,971 1616,971 1616,972 1614,972 1614,973 1586,973 1586,977 1585,977 1585,981 1584,981 1584,983 1583,983 1583,986 1581,986 1581,987 1578,987 1578,985 1577,985 1577,974 1488,974 1488,973 1194,973 1194,974 1193,974 1193,977 1191,977 1191,979 1189,979 1189,980 1188,980 1188,981 1183,981 1183,980 1182,980 1182,973 1078,973 1078,976 1077,976 1077,980 1076,980 1076,983 1075,983 1075,985 1074,985 1074,986 1071,986 1071,987 1071,986 1069,986 1069,975 859,975 859,976 858,976 858,977 857,977 857,978 832,978 832,980 831,980 831,984 830,984 830,985 829,985 829,986 827,986 827,987 826,987 826,986 825,986 825,975 692,975 692,976 691,976 691,977 690,977 690,978 688,978 688,979 664,979 664,981 663,981 663,986 662,986 662,987 661,987 661,988 657,988 657,987 656,987 656,976 432,976 432,988 431,988 431,992 430,992 430,993 426,993 426,992 425,992 425,976 255,976 255,977 250,977 250,976 249,976 249,974 248,974 248,959 241,959 241,958 240,958 240,953 241,953 241,951 243,951 243,950 245,950 245,949 278,949 278,928 280,928 280,927 282,927 282,928 283,928 283,929 284,929 284,930 285,930 285,932 286,932 286,934 287,934 287,935 397,935 397,933 398,933 398,930 399,930 399,929 400,929 400,927 401,927 401,926 405,926 405,928 406,928 406,931 437,931 437,932 438,932 438,933 439,933 439,936 440,936 440,948 648,948 648,936 649,936 649,934 650,934 650,933 651,933 651,932 652,932 652,931 654,931 654,930 659,930 659,931 663,931 663,932 765,932 765,930 766,930 766,928 767,928 767,926 768,926 768,925 770,925 770,924 772,924 772,925 773,925 773,946 904,946 904,927 905,927 905,926 909,926 909,925 909,926 912,926 912,927 913,927 913,928 914,928 914,931 915,931 915,946 1061,946 1061,934 1062,934 1062,932 1063,932 1063,931 1064,931 1064,930 1065,930 1065,929 1068,929 1068,928 1073,928 1073,929 1076,929 1076,930 1077,930 1077,931 1078,931 1078,932 1079,932 1079,933 1080,933 1080,936 1081,936 1081,944 1234,944 1234,927 1235,927 1235,925 1236,925 1236,924 1237,924 1237,923 1239,923 1239,922"/>
	<Word id="r113">
	<Coords points="282,927 282,928 283,928 283,929 284,929 284,930 285,930 285,932 286,932 286,934 287,934 287,936 288,936 288,937 289,937 289,940 290,940 290,950 291,950 291,951 293,951 293,952 294,952 294,953 295,953 295,956 296,956 296,957 297,957 297,964 296,964 296,968 295,968 295,970 294,970 294,971 292,971 292,972 291,972 291,974 290,974 290,975 287,975 287,976 255,976 255,977 250,977 250,976 249,976 249,974 248,974 248,959 241,959 241,958 240,958 240,953 241,953 241,951 243,951 243,950 245,950 245,949 278,949 278,928 280,928 280,927"/>
	<TextEquiv>
	<Unicode>τὸ</Unicode></TextEquiv></Word>
	<Word id="r114">
	<Coords points="405,926 405,928 406,928 406,931 437,931 437,932 438,932 438,933 439,933 439,936 440,936 440,948 580,948 580,949 582,949 582,958 581,958 581,960 580,960 580,961 579,961 579,963 578,963 578,964 577,964 577,965 575,965 575,967 574,967 574,968 573,968 573,969 572,969 572,970 571,970 571,971 570,971 570,972 568,972 568,973 566,973 566,974 563,974 563,975 562,975 562,976 432,976 432,988 431,988 431,992 430,992 430,993 426,993 426,992 425,992 425,976 326,976 326,975 325,975 325,939 323,939 323,938 322,938 322,936 324,936 324,935 397,935 397,933 398,933 398,930 399,930 399,929 400,929 400,927 401,927 401,926"/>
	<TextEquiv>
	<Unicode>λείψανον</Unicode></TextEquiv></Word>
	<Word id="r115">
	<Coords points="659,930 659,931 663,931 663,932 664,932 664,933 665,933 665,934 666,934 666,935 667,935 667,948 691,948 691,949 694,949 694,950 695,950 695,951 696,951 696,952 697,952 697,954 696,954 696,955 693,955 693,975 692,975 692,976 691,976 691,977 690,977 690,978 688,978 688,979 664,979 664,981 663,981 663,986 662,986 662,987 661,987 661,988 657,988 657,987 656,987 656,975 618,975 618,974 617,974 617,960 610,960 610,959 609,959 609,957 608,957 608,954 609,954 609,952 610,952 610,950 612,950 612,949 615,949 615,948 648,948 648,936 649,936 649,934 650,934 650,933 651,933 651,932 652,932 652,931 654,931 654,930"/>
	<TextEquiv>
	<Unicode>τῆς</Unicode></TextEquiv></Word>
	<Word id="r116">
	<Coords points="772,924 772,925 773,925 773,946 857,946 857,947 861,947 861,948 863,948 863,949 864,949 864,950 865,950 865,952 866,952 866,956 865,956 865,957 861,957 861,974 860,974 860,975 859,975 859,976 858,976 858,977 857,977 857,978 832,978 832,980 831,980 831,984 830,984 830,985 829,985 829,986 827,986 827,987 826,987 826,986 825,986 825,975 727,975 727,974 726,974 726,973 725,973 725,950 724,950 724,949 725,949 725,948 733,948 733,947 761,947 761,939 762,939 762,937 763,937 763,935 764,935 764,932 765,932 765,930 766,930 766,928 767,928 767,926 768,926 768,925 770,925 770,924"/>
	<TextEquiv>
	<Unicode>νίκης</Unicode></TextEquiv></Word>
	<Word id="r117">
	<Coords points="909,926 912,926 912,927 913,927 913,928 914,928 914,931 915,931 915,946 1061,946 1061,934 1062,934 1062,932 1063,932 1063,931 1064,931 1064,930 1065,930 1065,929 1068,929 1068,928 1073,928 1073,929 1076,929 1076,930 1077,930 1077,931 1078,931 1078,932 1079,932 1079,933 1080,933 1080,936 1081,936 1081,944 1175,944 1175,945 1176,945 1176,946 1177,946 1177,960 1179,960 1179,961 1180,961 1180,962 1181,962 1181,963 1190,963 1190,964 1193,964 1193,966 1194,966 1194,967 1195,967 1195,972 1194,972 1194,974 1193,974 1193,977 1191,977 1191,979 1189,979 1189,980 1188,980 1188,981 1183,981 1183,980 1182,980 1182,973 1078,973 1078,976 1077,976 1077,980 1076,980 1076,983 1075,983 1075,985 1074,985 1074,986 1071,986 1071,987 1071,986 1069,986 1069,975 903,975 903,974 899,974 899,973 897,973 897,972 896,972 896,971 895,971 895,970 894,970 894,969 893,969 893,967 892,967 892,958 893,958 893,956 894,956 894,954 895,954 895,953 896,953 896,951 897,951 897,950 899,950 899,949 900,949 900,948 902,948 902,947 904,947 904,927 905,927 905,926 909,926 909,925"/>
	<TextEquiv>
	<Unicode>ἐκπονῆσαι,</Unicode></TextEquiv></Word>
	<Word id="r118">
	<Coords points="1245,922 1245,924 1246,924 1246,925 1295,925 1295,926 1297,926 1297,928 1298,928 1298,931 1299,931 1299,934 1300,934 1300,936 1301,936 1301,938 1302,938 1302,946 1303,946 1303,947 1304,947 1304,948 1305,948 1305,951 1303,951 1303,970 1302,970 1302,971 1301,971 1301,972 1299,972 1299,973 1233,973 1233,972 1230,972 1230,971 1228,971 1228,970 1226,970 1226,969 1225,969 1225,966 1224,966 1224,965 1223,965 1223,963 1222,963 1222,960 1223,960 1223,955 1224,955 1224,952 1225,952 1225,951 1226,951 1226,950 1227,950 1227,949 1228,949 1228,948 1229,948 1229,947 1230,947 1230,946 1232,946 1232,945 1234,945 1234,927 1235,927 1235,925 1236,925 1236,924 1237,924 1237,923 1239,923 1239,922"/>
	<TextEquiv>
	<Unicode>ὁτὲ</Unicode></TextEquiv></Word>
	<Word id="r119">
	<Coords points="1368,923 1368,924 1370,924 1370,926 1371,926 1371,929 1372,929 1372,933 1371,933 1371,935 1370,935 1370,937 1369,937 1369,938 1368,938 1368,939 1366,939 1366,940 1358,940 1358,961 1357,961 1357,964 1356,964 1356,966 1355,966 1355,967 1354,967 1354,968 1353,968 1353,969 1352,969 1352,970 1351,970 1351,971 1349,971 1349,972 1347,972 1347,973 1346,973 1346,972 1339,972 1339,971 1338,971 1338,970 1336,970 1336,969 1335,969 1335,968 1334,968 1334,967 1333,967 1333,962 1332,962 1332,957 1333,957 1333,955 1334,955 1334,954 1335,954 1335,952 1336,952 1336,950 1337,950 1337,928 1338,928 1338,926 1339,926 1339,925 1341,925 1341,924 1343,924 1343,923"/>
	<TextEquiv>
	<Unicode>δ᾽</Unicode></TextEquiv></Word>
	<Word id="r120">
	<Coords points="1409,924 1409,925 1411,925 1411,926 1412,926 1412,927 1413,927 1413,930 1414,930 1414,945 1523,945 1523,934 1524,934 1524,932 1586,932 1586,930 1587,930 1587,929 1588,929 1588,928 1594,928 1594,930 1595,930 1595,946 1633,946 1633,947 1634,947 1634,957 1653,957 1653,958 1654,958 1654,962 1653,962 1653,963 1623,963 1623,965 1622,965 1622,967 1621,967 1621,968 1620,968 1620,969 1619,969 1619,970 1618,970 1618,971 1616,971 1616,972 1614,972 1614,973 1586,973 1586,977 1585,977 1585,981 1584,981 1584,983 1583,983 1583,986 1581,986 1581,987 1578,987 1578,985 1577,985 1577,974 1488,974 1488,973 1424,973 1424,972 1398,972 1398,971 1396,971 1396,970 1395,970 1395,969 1394,969 1394,968 1393,968 1393,967 1392,967 1392,965 1391,965 1391,964 1390,964 1390,957 1391,957 1391,955 1392,955 1392,953 1393,953 1393,952 1394,952 1394,951 1395,951 1395,950 1396,950 1396,948 1398,948 1398,947 1400,947 1400,946 1401,946 1401,945 1403,945 1403,927 1404,927 1404,926 1405,926 1405,925 1406,925 1406,924"/>
	<TextEquiv>
	<Unicode>ἐπιπλήσ-</Unicode></TextEquiv></Word>
	<TextEquiv>
	<Unicode>τὸ λείψανον τῆς νίκης ἐκπονῆσαι, ὁτὲ δ᾽ ἐπιπλήσ-</Unicode></TextEquiv></TextLine>
	<TextLine id="r15">
	<Coords points="1213,990 1213,991 1215,991 1215,992 1216,992 1216,993 1217,993 1217,995 1218,995 1218,997 1219,997 1219,1000 1322,1000 1322,999 1372,999 1372,998 1373,998 1373,997 1375,997 1375,996 1413,996 1413,995 1415,995 1415,994 1416,994 1416,993 1422,993 1422,994 1423,994 1423,995 1424,995 1424,997 1425,997 1425,1000 1426,1000 1426,1014 1577,1014 1577,1015 1629,1015 1629,1024 1654,1024 1654,1025 1655,1025 1655,1026 1656,1026 1656,1027 1655,1027 1655,1029 1654,1029 1654,1030 1632,1030 1632,1033 1631,1033 1631,1036 1630,1036 1630,1038 1629,1038 1629,1039 1628,1039 1628,1040 1627,1040 1627,1041 1626,1041 1626,1042 1623,1042 1623,1043 1474,1043 1474,1044 1473,1044 1473,1045 1470,1045 1470,1046 1383,1046 1383,1049 1382,1049 1382,1052 1380,1052 1380,1053 1377,1053 1377,1052 1376,1052 1376,1042 1186,1042 1186,1043 1182,1043 1182,1042 1036,1042 1036,1044 1035,1044 1035,1045 1034,1045 1034,1047 1032,1047 1032,1048 1029,1048 1029,1049 1027,1049 1027,1048 1026,1048 1026,1046 1010,1046 1010,1045 1009,1045 1009,1044 873,1044 873,1046 872,1046 872,1049 871,1049 871,1050 869,1050 869,1051 868,1051 868,1052 867,1052 867,1053 865,1053 865,1054 863,1054 863,1055 858,1055 858,1054 857,1054 857,1053 856,1053 856,1051 855,1051 855,1043 607,1043 607,1044 474,1044 474,1045 415,1045 415,1047 414,1047 414,1048 412,1048 412,1049 408,1049 408,1050 407,1050 407,1049 405,1049 405,1045 247,1045 247,1044 245,1044 245,1043 244,1043 244,1042 243,1042 243,1041 242,1041 242,1039 241,1039 241,1034 240,1034 240,1032 241,1032 241,1030 242,1030 242,1028 243,1028 243,1026 244,1026 244,1025 245,1025 245,1024 246,1024 246,1023 247,1023 247,1022 249,1022 249,1021 251,1021 251,1020 254,1020 254,1019 262,1019 262,1018 350,1018 350,1017 381,1017 381,1006 382,1006 382,1003 383,1003 383,1000 384,1000 384,998 385,998 385,996 386,996 386,995 388,995 388,994 389,994 389,995 391,995 391,1017 506,1017 506,1016 635,1016 635,995 637,995 637,994 707,994 707,993 711,993 711,994 844,994 844,993 845,993 845,992 848,992 848,994 863,994 863,995 864,995 864,996 865,996 865,999 879,999 879,1000 881,1000 881,1002 882,1002 882,1016 984,1016 984,1015 1096,1015 1096,1014 1098,1014 1098,1013 1118,1013 1118,995 1119,995 1119,993 1121,993 1121,992 1210,992 1210,991 1212,991 1212,990"/>
	<Word id="r121">
	<Coords points="389,994 389,995 391,995 391,1017 413,1017 413,1018 416,1018 416,1019 418,1019 418,1020 419,1020 419,1021 420,1021 420,1022 421,1022 421,1026 420,1026 420,1027 417,1027 417,1044 416,1044 416,1045 415,1045 415,1047 414,1047 414,1048 412,1048 412,1049 408,1049 408,1050 407,1050 407,1049 405,1049 405,1045 247,1045 247,1044 245,1044 245,1043 244,1043 244,1042 243,1042 243,1041 242,1041 242,1039 241,1039 241,1034 240,1034 240,1032 241,1032 241,1030 242,1030 242,1028 243,1028 243,1026 244,1026 244,1025 245,1025 245,1024 246,1024 246,1023 247,1023 247,1022 249,1022 249,1021 251,1021 251,1020 254,1020 254,1019 262,1019 262,1018 350,1018 350,1017 381,1017 381,1006 382,1006 382,1003 383,1003 383,1000 384,1000 384,998 385,998 385,996 386,996 386,995 388,995 388,994"/>
	<TextEquiv>
	<Unicode>σοντός</Unicode></TextEquiv></Word>
	<Word id="r122">
	<Coords points="511,1016 511,1017 514,1017 514,1018 515,1018 515,1019 516,1019 516,1021 515,1021 515,1023 513,1023 513,1042 512,1042 512,1043 510,1043 510,1044 474,1044 474,1045 471,1045 471,1044 470,1044 470,1043 469,1043 469,1028 462,1028 462,1027 461,1027 461,1020 462,1020 462,1019 463,1019 463,1018 464,1018 464,1017 506,1017 506,1016"/>
	<TextEquiv>
	<Unicode>τε</Unicode></TextEquiv></Word>
	<Word id="r123">
	<Coords points="639,994 639,996 640,996 640,997 641,997 641,998 642,998 642,1000 643,1000 643,1004 644,1004 644,1006 645,1006 645,1008 646,1008 646,1010 647,1010 647,1031 649,1031 649,1032 650,1032 650,1036 649,1036 649,1038 648,1038 648,1039 647,1039 647,1041 646,1041 646,1042 644,1042 644,1043 607,1043 607,1044 564,1044 564,1040 565,1040 565,1038 566,1038 566,1034 567,1034 567,1032 568,1032 568,1028 569,1028 569,1025 570,1025 570,1021 571,1021 571,1019 572,1019 572,1018 573,1018 573,1017 589,1017 589,1016 635,1016 635,995 637,995 637,994"/>
	<TextEquiv>
	<Unicode>καὶ</Unicode></TextEquiv></Word>
	<Word id="r124">
	<Coords points="848,992 848,994 863,994 863,995 864,995 864,996 865,996 865,999 879,999 879,1000 881,1000 881,1002 882,1002 882,1016 984,1016 984,1015 1013,1015 1013,1016 1017,1016 1017,1017 1019,1017 1019,1018 1020,1018 1020,1019 1021,1019 1021,1021 1022,1021 1022,1032 1035,1032 1035,1033 1036,1033 1036,1034 1037,1034 1037,1035 1038,1035 1038,1038 1037,1038 1037,1042 1036,1042 1036,1044 1035,1044 1035,1045 1034,1045 1034,1047 1032,1047 1032,1048 1029,1048 1029,1049 1027,1049 1027,1048 1026,1048 1026,1046 1010,1046 1010,1045 1009,1045 1009,1044 873,1044 873,1046 872,1046 872,1049 871,1049 871,1050 869,1050 869,1051 868,1051 868,1052 867,1052 867,1053 865,1053 865,1054 863,1054 863,1055 858,1055 858,1054 857,1054 857,1053 856,1053 856,1051 855,1051 855,1043 700,1043 700,1042 698,1042 698,1041 697,1041 697,1040 696,1040 696,1038 695,1038 695,1036 694,1036 694,1028 695,1028 695,1027 696,1027 696,1024 697,1024 697,1022 698,1022 698,1020 700,1020 700,1019 701,1019 701,1018 702,1018 702,1017 704,1017 704,997 705,997 705,995 706,995 706,994 707,994 707,993 711,993 711,994 844,994 844,993 845,993 845,992"/>
	<TextEquiv>
	<Unicode>ὀνειδίζοντος,</Unicode></TextEquiv></Word>
	<Word id="r125">
	<Coords points="1122,992 1122,993 1125,993 1125,994 1126,994 1126,995 1127,995 1127,996 1128,996 1128,999 1129,999 1129,1000 1128,1000 1128,1003 1127,1003 1127,1033 1126,1033 1126,1035 1125,1035 1125,1037 1124,1037 1124,1038 1123,1038 1123,1039 1122,1039 1122,1040 1121,1040 1121,1041 1119,1041 1119,1042 1094,1042 1094,1041 1091,1041 1091,1040 1090,1040 1090,1039 1089,1039 1089,1038 1088,1038 1088,1037 1087,1037 1087,1036 1086,1036 1086,1032 1085,1032 1085,1027 1086,1027 1086,1024 1087,1024 1087,1022 1088,1022 1088,1021 1089,1021 1089,1018 1090,1018 1090,1017 1092,1017 1092,1016 1093,1016 1093,1015 1096,1015 1096,1014 1098,1014 1098,1013 1118,1013 1118,995 1119,995 1119,993 1121,993 1121,992"/>
	<TextEquiv>
	<Unicode>εἰ</Unicode></TextEquiv></Word>
	<Word id="r126">
	<Coords points="1213,990 1213,991 1215,991 1215,992 1216,992 1216,993 1217,993 1217,995 1218,995 1218,997 1219,997 1219,1000 1220,1000 1220,1001 1221,1001 1221,1003 1222,1003 1222,1005 1223,1005 1223,1014 1224,1014 1224,1015 1225,1015 1225,1016 1226,1016 1226,1017 1227,1017 1227,1018 1228,1018 1228,1021 1229,1021 1229,1028 1228,1028 1228,1031 1227,1031 1227,1034 1226,1034 1226,1035 1225,1035 1225,1036 1224,1036 1224,1037 1223,1037 1223,1038 1222,1038 1222,1039 1220,1039 1220,1040 1217,1040 1217,1041 1187,1041 1187,1042 1186,1042 1186,1043 1182,1043 1182,1042 1181,1042 1181,1041 1180,1041 1180,1026 1172,1026 1172,1023 1171,1023 1171,1021 1172,1021 1172,1018 1173,1018 1173,1016 1174,1016 1174,1015 1179,1015 1179,1014 1210,1014 1210,991 1212,991 1212,990"/>
	<TextEquiv>
	<Unicode>τὸ</Unicode></TextEquiv></Word>
	<Word id="r127">
	<Coords points="1422,993 1422,994 1423,994 1423,995 1424,995 1424,997 1425,997 1425,1000 1426,1000 1426,1014 1474,1014 1474,1015 1478,1015 1478,1016 1479,1016 1479,1017 1480,1017 1480,1018 1481,1018 1481,1020 1482,1020 1482,1024 1481,1024 1481,1025 1477,1025 1477,1040 1476,1040 1476,1042 1475,1042 1475,1043 1474,1043 1474,1044 1473,1044 1473,1045 1470,1045 1470,1046 1383,1046 1383,1049 1382,1049 1382,1052 1380,1052 1380,1053 1377,1053 1377,1052 1376,1052 1376,1042 1288,1042 1288,1041 1285,1041 1285,1027 1280,1027 1280,1026 1279,1026 1279,1018 1280,1018 1280,1016 1281,1016 1281,1015 1282,1015 1282,1014 1321,1014 1321,1000 1322,1000 1322,999 1372,999 1372,998 1373,998 1373,997 1375,997 1375,996 1413,996 1413,995 1415,995 1415,994 1416,994 1416,993"/>
	<TextEquiv>
	<Unicode>πλῆθος</Unicode></TextEquiv></Word>
	<Word id="r128">
	<Coords points="1577,1014 1577,1015 1629,1015 1629,1024 1654,1024 1654,1025 1655,1025 1655,1026 1656,1026 1656,1027 1655,1027 1655,1029 1654,1029 1654,1030 1632,1030 1632,1033 1631,1033 1631,1036 1630,1036 1630,1038 1629,1038 1629,1039 1628,1039 1628,1040 1627,1040 1627,1041 1626,1041 1626,1042 1623,1042 1623,1043 1571,1043 1571,1042 1533,1042 1533,1041 1532,1041 1532,1016 1571,1016 1571,1015 1573,1015 1573,1014"/>
	<TextEquiv>
	<Unicode>νενι-</Unicode></TextEquiv></Word>
	<TextEquiv>
	<Unicode>σοντός τε καὶ ὀνειδίζοντος, εἰ τὸ πλῆθος νενι-</Unicode></TextEquiv></TextLine>
	<TextLine id="r16">
	<Coords points="1217,1060 1217,1061 1218,1061 1218,1062 1250,1062 1250,1063 1255,1063 1255,1064 1256,1064 1256,1065 1258,1065 1258,1066 1259,1066 1259,1067 1260,1067 1260,1068 1261,1068 1261,1069 1262,1069 1262,1071 1263,1071 1263,1082 1385,1082 1385,1072 1386,1072 1386,1069 1387,1069 1387,1068 1388,1068 1388,1067 1389,1067 1389,1066 1391,1066 1391,1065 1394,1065 1394,1064 1486,1064 1486,1063 1487,1063 1487,1062 1488,1062 1488,1061 1514,1061 1514,1060 1517,1060 1517,1061 1519,1061 1519,1062 1592,1062 1592,1063 1593,1063 1593,1064 1594,1064 1594,1083 1621,1083 1621,1084 1623,1084 1623,1085 1649,1085 1649,1086 1651,1086 1651,1087 1652,1087 1652,1088 1653,1088 1653,1089 1654,1089 1654,1090 1655,1090 1655,1093 1654,1093 1654,1094 1653,1094 1653,1095 1651,1095 1651,1109 1650,1109 1650,1112 1649,1112 1649,1113 1647,1113 1647,1114 1646,1114 1646,1115 1644,1115 1644,1116 1642,1116 1642,1115 1640,1115 1640,1111 1535,1111 1535,1113 1534,1113 1534,1114 1533,1114 1533,1115 1532,1115 1532,1116 1530,1116 1530,1117 1524,1117 1524,1110 1489,1110 1489,1109 1315,1109 1315,1113 1314,1113 1314,1118 1313,1118 1313,1121 1312,1121 1312,1123 1311,1123 1311,1124 1308,1124 1308,1123 1307,1123 1307,1122 1306,1122 1306,1110 1274,1110 1274,1109 1131,1109 1131,1110 1008,1110 1008,1111 861,1111 861,1116 860,1116 860,1119 859,1119 859,1126 858,1126 858,1127 856,1127 856,1126 855,1126 855,1125 854,1125 854,1111 648,1111 648,1112 645,1112 645,1113 585,1113 585,1115 584,1115 584,1119 583,1119 583,1123 582,1123 582,1125 581,1125 581,1126 577,1126 577,1125 576,1125 576,1113 446,1113 446,1114 445,1114 445,1115 443,1115 443,1116 441,1116 441,1117 436,1117 436,1113 297,1113 297,1117 296,1117 296,1122 295,1122 295,1124 294,1124 294,1125 292,1125 292,1126 292,1125 290,1125 290,1123 289,1123 289,1114 240,1114 240,1110 241,1110 241,1105 242,1105 242,1102 243,1102 243,1100 244,1100 244,1096 245,1096 245,1094 246,1094 246,1091 247,1091 247,1089 248,1089 248,1088 249,1088 249,1087 278,1087 278,1086 332,1086 332,1085 355,1085 355,1076 356,1076 356,1071 357,1071 357,1068 358,1068 358,1066 359,1066 359,1065 360,1065 360,1064 364,1064 364,1065 365,1065 365,1085 488,1085 488,1065 489,1065 489,1064 490,1064 490,1063 558,1063 558,1062 561,1062 561,1063 563,1063 563,1085 706,1085 706,1084 736,1084 736,1064 737,1064 737,1063 742,1063 742,1064 743,1064 743,1065 744,1065 744,1066 745,1066 745,1068 746,1068 746,1083 921,1083 921,1075 922,1075 922,1074 923,1074 923,1070 924,1070 924,1068 925,1068 925,1066 926,1066 926,1064 927,1064 927,1063 929,1063 929,1062 930,1062 930,1063 931,1063 931,1084 1077,1084 1077,1083 1090,1083 1090,1082 1114,1082 1114,1099 1117,1099 1117,1101 1207,1101 1207,1064 1208,1064 1208,1063 1209,1063 1209,1062 1210,1062 1210,1061 1212,1061 1212,1060"/>
	<Word id="r129">
	<Coords points="364,1064 364,1065 365,1065 365,1085 444,1085 444,1086 447,1086 447,1087 449,1087 449,1088 450,1088 450,1090 451,1090 451,1091 452,1091 452,1093 451,1093 451,1094 450,1094 450,1095 447,1095 447,1113 446,1113 446,1114 445,1114 445,1115 443,1115 443,1116 441,1116 441,1117 436,1117 436,1113 297,1113 297,1117 296,1117 296,1122 295,1122 295,1124 294,1124 294,1125 292,1125 292,1126 292,1125 290,1125 290,1123 289,1123 289,1114 240,1114 240,1110 241,1110 241,1105 242,1105 242,1102 243,1102 243,1100 244,1100 244,1096 245,1096 245,1094 246,1094 246,1091 247,1091 247,1089 248,1089 248,1088 249,1088 249,1087 278,1087 278,1086 332,1086 332,1085 355,1085 355,1076 356,1076 356,1071 357,1071 357,1068 358,1068 358,1066 359,1066 359,1065 360,1065 360,1064"/>
	<TextEquiv>
	<Unicode>κηκότες</Unicode></TextEquiv></Word>
	<Word id="r130">
	<Coords points="561,1062 561,1063 563,1063 563,1085 666,1085 666,1086 667,1086 667,1087 668,1087 668,1091 667,1091 667,1095 666,1095 666,1097 665,1097 665,1099 664,1099 664,1100 663,1100 663,1101 662,1101 662,1102 661,1102 661,1103 660,1103 660,1105 658,1105 658,1106 657,1106 657,1107 655,1107 655,1108 654,1108 654,1109 653,1109 653,1110 651,1110 651,1111 648,1111 648,1112 645,1112 645,1113 585,1113 585,1115 584,1115 584,1119 583,1119 583,1123 582,1123 582,1125 581,1125 581,1126 577,1126 577,1125 576,1125 576,1113 489,1113 489,1112 486,1112 486,1111 483,1111 483,1110 482,1110 482,1109 481,1109 481,1108 480,1108 480,1107 479,1107 479,1103 478,1103 478,1098 479,1098 479,1096 480,1096 480,1093 481,1093 481,1091 482,1091 482,1090 483,1090 483,1089 484,1089 484,1088 485,1088 485,1087 488,1087 488,1065 489,1065 489,1064 490,1064 490,1063 558,1063 558,1062"/>
	<TextEquiv>
	<Unicode>ὀλίγων</Unicode></TextEquiv></Word>
	<Word id="r131">
	<Coords points="742,1063 742,1064 743,1064 743,1065 744,1065 744,1066 745,1066 745,1068 746,1068 746,1085 750,1085 750,1086 751,1086 751,1088 752,1088 752,1089 751,1089 751,1094 750,1094 750,1097 749,1097 749,1100 748,1100 748,1101 747,1101 747,1103 746,1103 746,1104 745,1104 745,1105 744,1105 744,1106 743,1106 743,1108 741,1108 741,1109 739,1109 739,1110 738,1110 738,1111 701,1111 701,1110 699,1110 699,1109 698,1109 698,1108 697,1108 697,1107 696,1107 696,1106 695,1106 695,1104 694,1104 694,1096 695,1096 695,1094 696,1094 696,1092 697,1092 697,1090 698,1090 698,1089 699,1089 699,1088 700,1088 700,1087 701,1087 701,1086 703,1086 703,1085 706,1085 706,1084 736,1084 736,1064 737,1064 737,1063"/>
	<TextEquiv>
	<Unicode>οὐ</Unicode></TextEquiv></Word>
	<Word id="r306">
	<Coords points="782,1090 774,1066 919,1066 940,1055 1120,1075 1143,1103 1133,1124 797,1127 778,1088 777,1088"/>
	<TextEquiv>
	<Unicode>περιέσονται.</Unicode></TextEquiv></Word>
	<Word id="r134">
	<Coords points="1217,1060 1217,1061 1218,1061 1218,1062 1250,1062 1250,1063 1255,1063 1255,1064 1256,1064 1256,1065 1258,1065 1258,1066 1259,1066 1259,1067 1260,1067 1260,1068 1261,1068 1261,1069 1262,1069 1262,1071 1263,1071 1263,1082 1385,1082 1385,1072 1386,1072 1386,1069 1387,1069 1387,1068 1388,1068 1388,1067 1389,1067 1389,1066 1391,1066 1391,1065 1394,1065 1394,1064 1395,1064 1395,1065 1399,1065 1399,1066 1401,1066 1401,1067 1402,1067 1402,1069 1403,1069 1403,1081 1447,1081 1447,1082 1448,1082 1448,1083 1449,1083 1449,1098 1452,1098 1452,1101 1451,1101 1451,1104 1450,1104 1450,1105 1449,1105 1449,1106 1448,1106 1448,1107 1447,1107 1447,1108 1445,1108 1445,1109 1315,1109 1315,1113 1314,1113 1314,1118 1313,1118 1313,1121 1312,1121 1312,1123 1311,1123 1311,1124 1308,1124 1308,1123 1307,1123 1307,1122 1306,1122 1306,1110 1274,1110 1274,1109 1224,1109 1224,1077 1212,1077 1212,1076 1211,1076 1211,1075 1209,1075 1209,1074 1208,1074 1208,1071 1207,1071 1207,1064 1208,1064 1208,1063 1209,1063 1209,1062 1210,1062 1210,1061 1212,1061 1212,1060"/>
	<TextEquiv>
	<Unicode>Ῥωμαῖοι</Unicode></TextEquiv></Word>
	<Word id="r135">
	<Coords points="1517,1060 1517,1061 1519,1061 1519,1062 1520,1062 1520,1064 1521,1064 1521,1065 1522,1065 1522,1100 1532,1100 1532,1101 1534,1101 1534,1102 1535,1102 1535,1103 1536,1103 1536,1105 1537,1105 1537,1109 1536,1109 1536,1111 1535,1111 1535,1113 1534,1113 1534,1114 1533,1114 1533,1115 1532,1115 1532,1116 1530,1116 1530,1117 1524,1117 1524,1110 1489,1110 1489,1109 1486,1109 1486,1108 1484,1108 1484,1107 1483,1107 1483,1106 1482,1106 1482,1105 1481,1105 1481,1102 1480,1102 1480,1096 1481,1096 1481,1092 1482,1092 1482,1091 1483,1091 1483,1089 1484,1089 1484,1088 1485,1088 1485,1065 1486,1065 1486,1063 1487,1063 1487,1062 1488,1062 1488,1061 1514,1061 1514,1060"/>
	<TextEquiv>
	<Unicode>δ᾽,</Unicode></TextEquiv></Word>
	<Word id="r136">
	<Coords points="1592,1062 1592,1063 1593,1063 1593,1064 1594,1064 1594,1083 1621,1083 1621,1084 1623,1084 1623,1085 1649,1085 1649,1086 1651,1086 1651,1087 1652,1087 1652,1088 1653,1088 1653,1089 1654,1089 1654,1090 1655,1090 1655,1093 1654,1093 1654,1094 1653,1094 1653,1095 1651,1095 1651,1109 1650,1109 1650,1112 1649,1112 1649,1113 1647,1113 1647,1114 1646,1114 1646,1115 1644,1115 1644,1116 1642,1116 1642,1115 1640,1115 1640,1111 1575,1111 1575,1110 1571,1110 1571,1109 1570,1109 1570,1108 1568,1108 1568,1106 1566,1106 1566,1104 1565,1104 1565,1096 1566,1096 1566,1093 1567,1093 1567,1092 1568,1092 1568,1090 1569,1090 1569,1089 1570,1089 1570,1088 1571,1088 1571,1087 1572,1087 1572,1069 1573,1069 1573,1067 1574,1067 1574,1066 1576,1066 1576,1065 1587,1065 1587,1064 1588,1064 1588,1063 1590,1063 1590,1062"/>
	<TextEquiv>
	<Unicode>ἕως</Unicode></TextEquiv></Word>
	<TextEquiv>
	<Unicode>κηκότες ὀλίγων οὐ περιέσονται. Ῥωμαῖοι δ᾽, ἕως</Unicode></TextEquiv></TextLine>
	<TextLine id="r40">
	<Coords points="1239,1128 1240,1128 1240,1137 1248,1137 1248,1138 1250,1138 1250,1139 1253,1139 1253,1140 1254,1140 1254,1141 1255,1141 1255,1143 1256,1143 1256,1144 1257,1144 1257,1146 1258,1146 1258,1147 1259,1147 1259,1149 1260,1149 1260,1150 1315,1150 1315,1151 1511,1151 1511,1140 1512,1140 1512,1138 1513,1138 1513,1137 1515,1137 1515,1136 1517,1136 1517,1135 1522,1135 1522,1136 1525,1136 1525,1137 1526,1137 1526,1138 1527,1138 1527,1140 1528,1140 1528,1141 1529,1141 1529,1152 1563,1152 1563,1153 1637,1153 1637,1154 1638,1154 1638,1156 1639,1156 1639,1170 1649,1170 1649,1171 1651,1171 1651,1172 1652,1172 1652,1174 1653,1174 1653,1178 1652,1178 1652,1181 1651,1181 1651,1183 1650,1183 1650,1185 1648,1185 1648,1186 1646,1186 1646,1187 1641,1187 1641,1181 1526,1181 1526,1182 1525,1182 1525,1186 1524,1186 1524,1190 1523,1190 1523,1191 1453,1191 1453,1193 1451,1193 1451,1194 1449,1194 1449,1193 1448,1193 1448,1178 1346,1178 1346,1179 1345,1179 1345,1180 1343,1180 1343,1181 1342,1181 1342,1182 1338,1182 1338,1177 1232,1177 1232,1178 1133,1178 1133,1182 1132,1182 1132,1186 1131,1186 1131,1192 1130,1192 1130,1194 1127,1194 1127,1192 1126,1192 1126,1182 1092,1182 1092,1181 1091,1181 1091,1179 932,1179 932,1180 841,1180 841,1182 839,1182 839,1183 837,1183 837,1184 834,1184 834,1183 833,1183 833,1180 726,1180 726,1181 685,1181 685,1182 684,1182 684,1185 683,1185 683,1189 682,1189 682,1192 681,1192 681,1194 679,1194 679,1195 679,1194 678,1194 678,1193 677,1193 677,1181 570,1181 570,1182 522,1182 522,1183 521,1183 521,1184 520,1184 520,1185 515,1185 515,1186 515,1185 513,1185 513,1182 403,1182 403,1183 399,1183 399,1182 293,1182 293,1183 247,1183 247,1187 246,1187 246,1191 245,1191 245,1193 244,1193 244,1196 242,1196 242,1197 239,1197 239,1196 238,1196 238,1192 239,1192 239,1190 240,1190 240,1186 241,1186 241,1182 242,1182 242,1179 243,1179 243,1174 244,1174 244,1172 245,1172 245,1169 246,1169 246,1165 247,1165 247,1160 248,1160 248,1158 249,1158 249,1156 250,1156 250,1155 285,1155 285,1134 286,1134 286,1133 290,1133 290,1134 291,1134 291,1136 292,1136 292,1138 293,1138 293,1140 294,1140 294,1141 295,1141 295,1144 296,1144 296,1147 297,1147 297,1154 403,1154 403,1136 404,1136 404,1135 405,1135 405,1134 409,1134 409,1135 410,1135 410,1136 569,1136 569,1133 570,1133 570,1132 571,1132 571,1131 732,1131 732,1130 734,1130 734,1131 735,1131 735,1138 742,1138 742,1139 744,1139 744,1140 747,1140 747,1141 749,1141 749,1142 750,1142 750,1143 751,1143 751,1145 752,1145 752,1146 753,1146 753,1148 754,1148 754,1150 755,1150 755,1152 946,1152 946,1132 947,1132 947,1131 1008,1131 1008,1130 1009,1130 1009,1129 1011,1129 1011,1128 1090,1128 1090,1129 1091,1129 1091,1132 1092,1132 1092,1134 1093,1134 1093,1137 1094,1137 1094,1150 1228,1150 1228,1144 1229,1144 1229,1141 1230,1141 1230,1138 1231,1138 1231,1136 1232,1136 1232,1134 1233,1134 1233,1130 1235,1130 1235,1129 1236,1129 1236,1128 1239,1128 1239,1127"/>
	<Word id="r271">
	<Coords points="290,1133 290,1134 291,1134 291,1136 292,1136 292,1138 293,1138 293,1140 294,1140 294,1141 295,1141 295,1144 296,1144 296,1147 297,1147 297,1155 328,1155 328,1156 329,1156 329,1157 330,1157 330,1161 329,1161 329,1164 328,1164 328,1167 327,1167 327,1169 326,1169 326,1170 325,1170 325,1171 324,1171 324,1172 323,1172 323,1173 322,1173 322,1174 321,1174 321,1175 320,1175 320,1176 319,1176 319,1177 317,1177 317,1178 316,1178 316,1179 314,1179 314,1180 313,1180 313,1181 310,1181 310,1182 293,1182 293,1183 247,1183 247,1187 246,1187 246,1191 245,1191 245,1193 244,1193 244,1196 242,1196 242,1197 239,1197 239,1196 238,1196 238,1192 239,1192 239,1190 240,1190 240,1186 241,1186 241,1182 242,1182 242,1179 243,1179 243,1174 244,1174 244,1172 245,1172 245,1169 246,1169 246,1165 247,1165 247,1160 248,1160 248,1158 249,1158 249,1156 250,1156 250,1155 285,1155 285,1134 286,1134 286,1133"/>
	<TextEquiv>
	<Unicode>μὲν</Unicode></TextEquiv></Word>
	<Word id="r272">
	<Coords points="409,1134 409,1135 410,1135 410,1136 495,1136 495,1137 499,1137 499,1138 501,1138 501,1139 502,1139 502,1140 503,1140 503,1153 522,1153 522,1154 524,1154 524,1155 526,1155 526,1156 527,1156 527,1157 528,1157 528,1158 529,1158 529,1160 530,1160 530,1162 529,1162 529,1163 528,1163 528,1164 524,1164 524,1181 523,1181 523,1182 522,1182 522,1183 521,1183 521,1184 520,1184 520,1185 515,1185 515,1186 515,1185 513,1185 513,1182 403,1182 403,1183 399,1183 399,1182 398,1182 398,1181 360,1181 360,1180 359,1180 359,1179 358,1179 358,1178 357,1178 357,1177 356,1177 356,1168 357,1168 357,1165 358,1165 358,1163 359,1163 359,1162 360,1162 360,1161 361,1161 361,1160 362,1160 362,1158 363,1158 363,1157 364,1157 364,1156 366,1156 366,1155 370,1155 370,1154 403,1154 403,1136 404,1136 404,1135 405,1135 405,1134"/>
	<TextEquiv>
	<Unicode>αὐτοῖς</Unicode></TextEquiv></Word>
	<Word id="r273">
	<Coords points="578,1131 578,1132 579,1132 579,1161 580,1161 580,1163 581,1163 581,1169 580,1169 580,1172 579,1172 579,1175 578,1175 578,1176 577,1176 577,1177 576,1177 576,1178 575,1178 575,1179 574,1179 574,1180 572,1180 572,1181 570,1181 570,1182 567,1182 567,1181 565,1181 565,1180 562,1180 562,1179 560,1179 560,1178 559,1178 559,1177 558,1177 558,1175 557,1175 557,1172 556,1172 556,1166 557,1166 557,1163 558,1163 558,1161 559,1161 559,1160 560,1160 560,1158 561,1158 561,1157 562,1157 562,1156 564,1156 564,1155 566,1155 566,1154 568,1154 568,1136 569,1136 569,1133 570,1133 570,1132 571,1132 571,1131"/>
	<TextEquiv>
	<Unicode>ὁ</Unicode></TextEquiv></Word>
	<Word id="r274">
	<Coords points="734,1130 734,1131 735,1131 735,1138 742,1138 742,1139 744,1139 744,1140 747,1140 747,1141 749,1141 749,1142 750,1142 750,1143 751,1143 751,1145 752,1145 752,1146 753,1146 753,1148 754,1148 754,1150 755,1150 755,1152 842,1152 842,1153 844,1153 844,1154 846,1154 846,1155 847,1155 847,1156 848,1156 848,1158 849,1158 849,1159 848,1159 848,1161 847,1161 847,1162 844,1162 844,1177 843,1177 843,1179 842,1179 842,1180 841,1180 841,1182 839,1182 839,1183 837,1183 837,1184 834,1184 834,1183 833,1183 833,1180 726,1180 726,1181 685,1181 685,1182 684,1182 684,1185 683,1185 683,1189 682,1189 682,1192 681,1192 681,1194 679,1194 679,1195 679,1194 678,1194 678,1193 677,1193 677,1181 610,1181 610,1180 607,1180 607,1179 606,1179 606,1177 609,1177 609,1176 613,1176 613,1174 614,1174 614,1173 615,1173 615,1170 616,1170 616,1169 617,1169 617,1165 618,1165 618,1162 619,1162 619,1160 620,1160 620,1158 621,1158 621,1155 622,1155 622,1151 623,1151 623,1149 624,1149 624,1146 625,1146 625,1142 626,1142 626,1139 627,1139 627,1136 628,1136 628,1134 666,1134 666,1133 667,1133 667,1132 668,1132 668,1131 732,1131 732,1130"/>
	<TextEquiv>
	<Unicode>Αἰμίλιος</Unicode></TextEquiv></Word>
	<Word id="r275">
	<Coords points="951,1131 951,1133 952,1133 952,1135 953,1135 953,1138 954,1138 954,1139 955,1139 955,1142 956,1142 956,1145 957,1145 957,1167 961,1167 961,1168 962,1168 962,1169 961,1169 961,1171 960,1171 960,1172 959,1172 959,1174 958,1174 958,1176 957,1176 957,1177 956,1177 956,1178 955,1178 955,1179 932,1179 932,1180 912,1180 912,1179 874,1179 874,1178 873,1178 873,1175 874,1175 874,1172 875,1172 875,1171 876,1171 876,1169 877,1169 877,1168 878,1168 878,1162 879,1162 879,1160 880,1160 880,1157 881,1157 881,1155 882,1155 882,1154 884,1154 884,1153 897,1153 897,1152 946,1152 946,1132 947,1132 947,1131"/>
	<TextEquiv>
	<Unicode>καὶ</Unicode></TextEquiv></Word>
	<Word id="r276">
	<Coords points="1014,1128 1014,1129 1016,1129 1016,1130 1017,1130 1017,1162 1018,1162 1018,1165 1017,1165 1017,1169 1016,1169 1016,1172 1015,1172 1015,1174 1014,1174 1014,1175 1013,1175 1013,1176 1012,1176 1012,1177 1011,1177 1011,1178 1008,1178 1008,1179 999,1179 999,1178 998,1178 998,1177 997,1177 997,1176 996,1176 996,1175 995,1175 995,1173 994,1173 994,1163 995,1163 995,1160 996,1160 996,1159 997,1159 997,1157 998,1157 998,1156 1000,1156 1000,1155 1001,1155 1001,1154 1002,1154 1002,1153 1005,1153 1005,1152 1006,1152 1006,1134 1007,1134 1007,1132 1008,1132 1008,1130 1009,1130 1009,1129 1011,1129 1011,1128"/>
	<TextEquiv>
	<Unicode>ὁ</Unicode></TextEquiv></Word>
	<Word id="r277">
	<Coords points="1239,1128 1240,1128 1240,1137 1248,1137 1248,1138 1250,1138 1250,1139 1253,1139 1253,1140 1254,1140 1254,1141 1255,1141 1255,1143 1256,1143 1256,1144 1257,1144 1257,1146 1258,1146 1258,1147 1259,1147 1259,1149 1260,1149 1260,1150 1315,1150 1315,1151 1345,1151 1345,1152 1347,1152 1347,1153 1349,1153 1349,1154 1351,1154 1351,1156 1352,1156 1352,1160 1350,1160 1350,1161 1348,1161 1348,1174 1347,1174 1347,1178 1346,1178 1346,1179 1345,1179 1345,1180 1343,1180 1343,1181 1342,1181 1342,1182 1338,1182 1338,1177 1232,1177 1232,1178 1133,1178 1133,1182 1132,1182 1132,1186 1131,1186 1131,1192 1130,1192 1130,1194 1127,1194 1127,1192 1126,1192 1126,1182 1092,1182 1092,1181 1091,1181 1091,1178 1059,1178 1059,1136 1058,1136 1058,1135 1059,1135 1059,1134 1061,1134 1061,1133 1085,1133 1085,1132 1086,1132 1086,1131 1087,1131 1087,1130 1088,1130 1088,1129 1089,1129 1089,1128 1090,1128 1090,1129 1091,1129 1091,1132 1092,1132 1092,1134 1093,1134 1093,1137 1094,1137 1094,1150 1228,1150 1228,1144 1229,1144 1229,1141 1230,1141 1230,1138 1231,1138 1231,1136 1232,1136 1232,1134 1233,1134 1233,1130 1235,1130 1235,1129 1236,1129 1236,1128 1239,1128 1239,1127"/>
	<TextEquiv>
	<Unicode>Σερουίλιος</Unicode></TextEquiv></Word>
	<Word id="r278">
	<Coords points="1522,1135 1522,1136 1525,1136 1525,1137 1526,1137 1526,1138 1527,1138 1527,1140 1528,1140 1528,1141 1529,1141 1529,1152 1563,1152 1563,1153 1637,1153 1637,1154 1638,1154 1638,1156 1639,1156 1639,1170 1649,1170 1649,1171 1651,1171 1651,1172 1652,1172 1652,1174 1653,1174 1653,1178 1652,1178 1652,1181 1651,1181 1651,1183 1650,1183 1650,1185 1648,1185 1648,1186 1646,1186 1646,1187 1641,1187 1641,1181 1526,1181 1526,1182 1525,1182 1525,1186 1524,1186 1524,1190 1523,1190 1523,1191 1453,1191 1453,1193 1451,1193 1451,1194 1449,1194 1449,1193 1448,1193 1448,1178 1388,1178 1388,1177 1387,1177 1387,1163 1382,1163 1382,1162 1381,1162 1381,1155 1382,1155 1382,1153 1383,1153 1383,1152 1385,1152 1385,1151 1511,1151 1511,1140 1512,1140 1512,1138 1513,1138 1513,1137 1515,1137 1515,1136 1517,1136 1517,1135"/>
	<TextEquiv>
	<Unicode>περιῆσαν,</Unicode></TextEquiv></Word>
	<TextEquiv>
	<Unicode>μὲν αὐτοῖς ὁ Αἰμίλιος καὶ ὁ Σερουίλιος περιῆσαν,</Unicode></TextEquiv></TextLine>
	<TextLine id="r42">
	<Coords points="1269,1197 1269,1198 1270,1198 1270,1200 1271,1200 1271,1218 1417,1218 1417,1202 1418,1202 1418,1201 1419,1201 1419,1200 1420,1200 1420,1199 1422,1199 1422,1198 1425,1198 1425,1199 1503,1199 1503,1220 1564,1220 1564,1221 1618,1221 1618,1222 1655,1222 1655,1224 1656,1224 1656,1228 1655,1228 1655,1232 1654,1232 1654,1234 1653,1234 1653,1235 1652,1235 1652,1236 1651,1236 1651,1238 1650,1238 1650,1239 1649,1239 1649,1240 1648,1240 1648,1241 1647,1241 1647,1242 1645,1242 1645,1243 1644,1243 1644,1244 1643,1244 1643,1245 1641,1245 1641,1246 1640,1246 1640,1247 1639,1247 1639,1248 1636,1248 1636,1249 1631,1249 1631,1248 1513,1248 1513,1251 1512,1251 1512,1253 1511,1253 1511,1259 1510,1259 1510,1261 1509,1261 1509,1262 1507,1262 1507,1263 1506,1263 1506,1262 1504,1262 1504,1247 1372,1247 1372,1248 1371,1248 1371,1249 1368,1249 1368,1250 1279,1250 1279,1253 1278,1253 1278,1256 1277,1256 1277,1258 1276,1258 1276,1259 1273,1259 1273,1258 1272,1258 1272,1251 1190,1251 1190,1250 1189,1250 1189,1248 1061,1248 1061,1259 1060,1259 1060,1261 1059,1261 1059,1262 1058,1262 1058,1263 1057,1263 1057,1264 1056,1264 1056,1265 1054,1265 1054,1266 1023,1266 1023,1249 914,1249 914,1248 856,1248 856,1247 736,1247 736,1248 701,1248 701,1249 657,1249 657,1250 655,1250 655,1252 653,1252 653,1253 647,1253 647,1252 646,1252 646,1250 484,1250 484,1253 483,1253 483,1259 482,1259 482,1264 481,1264 481,1265 480,1265 480,1266 478,1266 478,1265 477,1265 477,1264 476,1264 476,1250 297,1250 297,1251 249,1251 249,1250 248,1250 248,1237 243,1237 243,1236 242,1236 242,1233 241,1233 241,1230 242,1230 242,1228 243,1228 243,1227 244,1227 244,1226 245,1226 245,1225 248,1225 248,1224 298,1224 298,1223 312,1223 312,1209 399,1209 399,1202 400,1202 400,1201 401,1201 401,1200 460,1200 460,1201 463,1201 463,1202 466,1202 466,1203 630,1203 630,1201 631,1201 631,1200 632,1200 632,1199 633,1199 633,1198 636,1198 636,1200 637,1200 637,1221 738,1221 738,1220 738,1221 852,1221 852,1200 854,1200 854,1199 855,1199 855,1200 856,1200 856,1203 857,1203 857,1204 858,1204 858,1206 859,1206 859,1209 860,1209 860,1213 861,1213 861,1214 862,1214 862,1216 863,1216 863,1221 969,1221 969,1209 970,1209 970,1207 971,1207 971,1205 972,1205 972,1203 973,1203 973,1201 974,1201 974,1200 975,1200 975,1199 976,1199 976,1198 978,1198 978,1199 979,1199 979,1219 1060,1219 1060,1220 1168,1220 1168,1219 1173,1219 1173,1218 1250,1218 1250,1204 1251,1204 1251,1203 1252,1203 1252,1201 1254,1201 1254,1200 1265,1200 1265,1198 1266,1198 1266,1197"/>
	<Word id="r279">
	<Coords points="404,1200 404,1201 405,1201 405,1202 406,1202 406,1205 407,1205 407,1208 408,1208 408,1209 409,1209 409,1212 410,1212 410,1214 411,1214 411,1216 412,1216 412,1219 413,1219 413,1223 417,1223 417,1224 418,1224 418,1238 421,1238 421,1239 422,1239 422,1241 421,1241 421,1243 420,1243 420,1245 419,1245 419,1246 418,1246 418,1247 417,1247 417,1248 415,1248 415,1249 399,1249 399,1250 297,1250 297,1251 249,1251 249,1250 248,1250 248,1237 243,1237 243,1236 242,1236 242,1233 241,1233 241,1230 242,1230 242,1228 243,1228 243,1227 244,1227 244,1226 245,1226 245,1225 248,1225 248,1224 298,1224 298,1223 312,1223 312,1209 399,1209 399,1202 400,1202 400,1201 401,1201 401,1200"/>
	<TextEquiv>
	<Unicode>πολλὰ</Unicode></TextEquiv></Word>
	<Word id="r280">
	<Coords points="636,1198 636,1200 637,1200 637,1221 655,1221 655,1222 657,1222 657,1223 659,1223 659,1224 660,1224 660,1225 662,1225 662,1227 663,1227 663,1230 662,1230 662,1231 661,1231 661,1232 658,1232 658,1247 657,1247 657,1250 655,1250 655,1252 653,1252 653,1253 647,1253 647,1252 646,1252 646,1250 484,1250 484,1253 483,1253 483,1259 482,1259 482,1264 481,1264 481,1265 480,1265 480,1266 478,1266 478,1265 477,1265 477,1264 476,1264 476,1250 456,1250 456,1249 454,1249 454,1248 453,1248 453,1247 452,1247 452,1246 451,1246 451,1244 450,1244 450,1242 449,1242 449,1234 450,1234 450,1232 451,1232 451,1230 452,1230 452,1228 453,1228 453,1207 454,1207 454,1203 455,1203 455,1202 456,1202 456,1201 459,1201 459,1200 460,1200 460,1201 463,1201 463,1202 466,1202 466,1203 630,1203 630,1201 631,1201 631,1200 632,1200 632,1199 633,1199 633,1198"/>
	<TextEquiv>
	<Unicode>δρῶντές</Unicode></TextEquiv></Word>
	<Word id="r281">
	<Coords points="738,1221 741,1221 741,1222 742,1222 742,1224 743,1224 742,1224 742,1226 741,1226 741,1227 740,1227 740,1246 739,1246 739,1247 736,1247 736,1248 701,1248 701,1249 698,1249 698,1248 697,1248 697,1247 696,1247 696,1233 688,1233 688,1230 687,1230 687,1225 688,1225 688,1224 689,1224 689,1223 690,1223 690,1222 696,1222 696,1221 738,1221 738,1220"/>
	<TextEquiv>
	<Unicode>τε</Unicode></TextEquiv></Word>
	<Word id="r282">
	<Coords points="855,1199 855,1200 856,1200 856,1203 857,1203 857,1204 858,1204 858,1206 859,1206 859,1209 860,1209 860,1213 861,1213 861,1214 862,1214 862,1216 863,1216 863,1236 866,1236 866,1241 865,1241 865,1243 864,1243 864,1244 863,1244 863,1246 861,1246 861,1247 859,1247 859,1248 856,1248 856,1247 781,1247 781,1244 782,1244 782,1241 783,1241 783,1238 784,1238 784,1236 785,1236 785,1232 786,1232 786,1229 787,1229 787,1225 788,1225 788,1223 789,1223 789,1222 790,1222 790,1221 852,1221 852,1200 854,1200 854,1199"/>
	<TextEquiv>
	<Unicode>καὶ</Unicode></TextEquiv></Word>
	<Word id="r283">
	<Coords points="978,1198 978,1199 979,1199 979,1219 1060,1219 1060,1220 1168,1220 1168,1219 1173,1219 1173,1218 1173,1219 1195,1219 1195,1220 1199,1220 1199,1221 1201,1221 1201,1222 1203,1222 1203,1223 1204,1223 1204,1225 1205,1225 1205,1228 1204,1228 1204,1229 1203,1229 1203,1230 1201,1230 1201,1244 1200,1244 1200,1247 1199,1247 1199,1248 1198,1248 1198,1249 1196,1249 1196,1250 1195,1250 1195,1251 1190,1251 1190,1250 1189,1250 1189,1248 1061,1248 1061,1259 1060,1259 1060,1261 1059,1261 1059,1262 1058,1262 1058,1263 1057,1263 1057,1264 1056,1264 1056,1265 1054,1265 1054,1266 1023,1266 1023,1249 914,1249 914,1248 911,1248 911,1247 910,1247 910,1233 905,1233 905,1230 904,1230 904,1229 905,1229 905,1226 906,1226 906,1224 907,1224 907,1223 909,1223 909,1222 910,1222 910,1221 969,1221 969,1209 970,1209 970,1207 971,1207 971,1205 972,1205 972,1203 973,1203 973,1201 974,1201 974,1200 975,1200 975,1199 976,1199 976,1198"/>
	<TextEquiv>
	<Unicode>πάσχοντες</Unicode></TextEquiv></Word>
	<Word id="r284">
	<Coords points="1269,1197 1269,1198 1270,1198 1270,1200 1271,1200 1271,1218 1370,1218 1370,1219 1374,1219 1374,1220 1376,1220 1376,1221 1377,1221 1377,1222 1378,1222 1378,1223 1379,1223 1379,1227 1378,1227 1378,1228 1376,1228 1376,1229 1374,1229 1374,1246 1373,1246 1373,1247 1372,1247 1372,1248 1371,1248 1371,1249 1368,1249 1368,1250 1279,1250 1279,1253 1278,1253 1278,1256 1277,1256 1277,1258 1276,1258 1276,1259 1273,1259 1273,1258 1272,1258 1272,1246 1252,1246 1252,1245 1250,1245 1250,1244 1248,1244 1248,1242 1247,1242 1247,1241 1246,1241 1246,1239 1245,1239 1245,1238 1244,1238 1244,1231 1245,1231 1245,1227 1246,1227 1246,1226 1247,1226 1247,1225 1248,1225 1248,1224 1249,1224 1249,1223 1250,1223 1250,1204 1251,1204 1251,1203 1252,1203 1252,1201 1254,1201 1254,1200 1265,1200 1265,1198 1266,1198 1266,1197"/>
	<TextEquiv>
	<Unicode>ὅμως</Unicode></TextEquiv></Word>
	<Word id="r285">
	<Coords points="1425,1198 1425,1199 1503,1199 1503,1220 1564,1220 1564,1221 1618,1221 1618,1222 1655,1222 1655,1224 1656,1224 1656,1228 1655,1228 1655,1232 1654,1232 1654,1234 1653,1234 1653,1235 1652,1235 1652,1236 1651,1236 1651,1238 1650,1238 1650,1239 1649,1239 1649,1240 1648,1240 1648,1241 1647,1241 1647,1242 1645,1242 1645,1243 1644,1243 1644,1244 1643,1244 1643,1245 1641,1245 1641,1246 1640,1246 1640,1247 1639,1247 1639,1248 1636,1248 1636,1249 1631,1249 1631,1248 1513,1248 1513,1251 1512,1251 1512,1253 1511,1253 1511,1259 1510,1259 1510,1261 1509,1261 1509,1262 1507,1262 1507,1263 1506,1263 1506,1262 1504,1262 1504,1247 1445,1247 1445,1246 1443,1246 1443,1245 1414,1245 1414,1244 1412,1244 1412,1243 1411,1243 1411,1242 1410,1242 1410,1241 1409,1241 1409,1223 1407,1223 1408,1223 1408,1221 1409,1221 1409,1220 1412,1220 1412,1219 1417,1219 1417,1202 1418,1202 1418,1201 1419,1201 1419,1200 1420,1200 1420,1199 1422,1199 1422,1198"/>
	<TextEquiv>
	<Unicode>ὑπέμενον</Unicode></TextEquiv></Word>
	<TextEquiv>
	<Unicode>πολλὰ δρῶντές τε καὶ πάσχοντες ὅμως ὑπέμενον</Unicode></TextEquiv></TextLine>
	<TextLine id="r19">
	<Coords points="1208,1265 1213,1265 1213,1266 1214,1266 1214,1268 1215,1268 1215,1287 1407,1287 1407,1288 1520,1288 1520,1279 1521,1279 1521,1277 1522,1277 1522,1275 1523,1275 1523,1273 1524,1273 1524,1271 1525,1271 1525,1269 1526,1269 1526,1268 1527,1268 1527,1267 1636,1267 1636,1266 1638,1266 1638,1267 1639,1267 1639,1268 1641,1268 1641,1271 1642,1271 1642,1274 1643,1274 1643,1276 1644,1276 1644,1278 1645,1278 1645,1281 1646,1281 1646,1283 1647,1283 1647,1289 1650,1289 1650,1290 1652,1290 1652,1310 1653,1310 1653,1311 1654,1311 1653,1311 1653,1312 1652,1312 1652,1313 1651,1313 1651,1314 1650,1314 1650,1315 1647,1315 1647,1316 1543,1316 1543,1318 1542,1318 1542,1319 1541,1319 1541,1321 1539,1321 1539,1322 1538,1322 1538,1323 1535,1323 1535,1324 1466,1324 1466,1327 1465,1327 1465,1329 1463,1329 1463,1330 1460,1330 1460,1329 1458,1329 1458,1327 1428,1327 1428,1326 1427,1326 1427,1316 1316,1316 1316,1317 1315,1317 1315,1322 1314,1322 1314,1327 1313,1327 1313,1330 1310,1330 1310,1329 1309,1329 1309,1314 1109,1314 1109,1315 1106,1315 1106,1316 903,1316 903,1317 901,1317 901,1318 898,1318 898,1316 783,1316 783,1317 625,1317 625,1318 623,1318 623,1319 530,1319 530,1318 411,1318 411,1325 410,1325 410,1326 409,1326 409,1327 408,1327 408,1330 407,1330 407,1331 404,1331 404,1332 402,1332 402,1333 398,1333 398,1332 394,1332 394,1330 393,1330 393,1319 255,1319 255,1320 251,1320 251,1319 249,1319 249,1318 247,1318 247,1317 245,1317 245,1316 244,1316 244,1314 243,1314 243,1312 242,1312 242,1304 243,1304 243,1301 244,1301 244,1300 245,1300 245,1298 246,1298 246,1297 247,1297 247,1296 248,1296 248,1295 251,1295 251,1294 253,1294 253,1293 254,1293 254,1273 255,1273 255,1272 261,1272 261,1273 263,1273 263,1274 264,1274 264,1276 265,1276 265,1292 371,1292 371,1285 372,1285 372,1283 373,1283 373,1280 374,1280 374,1277 375,1277 375,1276 376,1276 376,1275 377,1275 377,1272 379,1272 379,1271 380,1271 380,1270 404,1270 404,1271 406,1271 406,1276 418,1276 418,1277 419,1277 419,1280 420,1280 420,1291 531,1291 531,1273 532,1273 532,1272 533,1272 533,1271 534,1271 534,1270 615,1270 615,1269 616,1269 616,1268 695,1268 695,1267 696,1267 696,1266 701,1266 701,1267 757,1267 757,1268 759,1268 759,1270 760,1270 760,1289 987,1289 987,1288 1008,1288 1008,1270 1009,1270 1009,1269 1010,1269 1010,1268 1013,1268 1013,1269 1015,1269 1015,1270 1086,1270 1086,1271 1088,1271 1088,1272 1090,1272 1090,1274 1091,1274 1091,1288 1205,1288 1205,1268 1206,1268 1206,1267 1207,1267 1207,1266 1208,1266"/>
	<Word id="r137">
	<Coords points="261,1272 261,1273 263,1273 263,1274 264,1274 264,1276 265,1276 265,1292 292,1292 292,1294 293,1294 293,1297 292,1297 292,1300 291,1300 291,1303 290,1303 290,1305 289,1305 289,1306 288,1306 288,1307 287,1307 287,1308 286,1308 286,1310 285,1310 285,1311 284,1311 284,1312 283,1312 283,1313 281,1313 281,1314 280,1314 280,1315 279,1315 279,1316 277,1316 277,1317 274,1317 274,1318 273,1318 273,1319 255,1319 255,1320 251,1320 251,1319 249,1319 249,1318 247,1318 247,1317 245,1317 245,1316 244,1316 244,1314 243,1314 243,1312 242,1312 242,1304 243,1304 243,1301 244,1301 244,1300 245,1300 245,1298 246,1298 246,1297 247,1297 247,1296 248,1296 248,1295 251,1295 251,1294 253,1294 253,1293 254,1293 254,1273 255,1273 255,1272"/>
	<TextEquiv>
	<Unicode>ἐν</Unicode></TextEquiv></Word>
	<Word id="r138">
	<Coords points="404,1270 404,1271 406,1271 406,1276 418,1276 418,1277 419,1277 419,1280 420,1280 420,1291 459,1291 459,1292 460,1292 460,1293 476,1293 476,1294 477,1294 477,1295 478,1295 478,1298 479,1298 479,1299 478,1299 478,1300 477,1300 477,1301 476,1301 476,1302 463,1302 463,1310 462,1310 462,1313 461,1313 461,1314 460,1314 460,1315 459,1315 459,1316 458,1316 458,1317 456,1317 456,1318 411,1318 411,1325 410,1325 410,1326 409,1326 409,1327 408,1327 408,1330 407,1330 407,1331 404,1331 404,1332 402,1332 402,1333 398,1333 398,1332 394,1332 394,1330 393,1330 393,1319 330,1319 330,1318 329,1318 329,1317 328,1317 328,1301 321,1301 321,1300 320,1300 320,1296 321,1296 321,1293 323,1293 323,1292 371,1292 371,1285 372,1285 372,1283 373,1283 373,1280 374,1280 374,1277 375,1277 375,1276 376,1276 376,1275 377,1275 377,1272 379,1272 379,1271 380,1271 380,1270"/>
	<TextEquiv>
	<Unicode>τάξει·</Unicode></TextEquiv></Word>
	<Word id="r139">
	<Coords points="619,1268 619,1269 620,1269 620,1270 621,1270 621,1272 622,1272 622,1274 623,1274 623,1277 624,1277 624,1279 625,1279 625,1282 626,1282 626,1284 627,1284 627,1305 631,1305 631,1309 630,1309 630,1311 629,1311 629,1313 628,1313 628,1314 627,1314 627,1315 626,1315 626,1316 625,1316 625,1318 623,1318 623,1319 530,1319 530,1318 527,1318 527,1317 525,1317 525,1316 523,1316 523,1315 522,1315 522,1314 521,1314 521,1312 520,1312 520,1309 519,1309 519,1305 520,1305 520,1302 521,1302 521,1300 522,1300 522,1298 523,1298 523,1297 524,1297 524,1296 525,1296 525,1295 526,1295 526,1294 528,1294 528,1293 530,1293 530,1292 531,1292 531,1273 532,1273 532,1272 533,1272 533,1271 534,1271 534,1270 615,1270 615,1269 616,1269 616,1268"/>
	<TextEquiv>
	<Unicode>ἐπεὶ</Unicode></TextEquiv></Word>
	<Word id="r140">
	<Coords points="701,1266 701,1267 702,1267 702,1268 703,1268 703,1269 704,1269 704,1270 705,1270 705,1277 704,1277 704,1279 703,1279 703,1280 702,1280 702,1281 701,1281 701,1282 692,1282 692,1303 691,1303 691,1307 690,1307 690,1310 689,1310 689,1311 688,1311 688,1312 687,1312 687,1314 685,1314 685,1315 683,1315 683,1316 681,1316 681,1317 675,1317 675,1316 672,1316 672,1315 671,1315 671,1314 670,1314 670,1313 669,1313 669,1312 668,1312 668,1311 667,1311 667,1309 666,1309 666,1304 667,1304 667,1301 668,1301 668,1298 669,1298 669,1296 671,1296 671,1272 672,1272 672,1270 673,1270 673,1269 674,1269 674,1268 695,1268 695,1267 696,1267 696,1266"/>
	<TextEquiv>
	<Unicode>δ᾽</Unicode></TextEquiv></Word>
	<Word id="r141">
	<Coords points="757,1268 759,1268 759,1270 760,1270 760,1289 920,1289 920,1290 921,1290 921,1291 922,1291 922,1292 923,1292 923,1296 922,1296 922,1300 921,1300 921,1301 920,1301 920,1303 919,1303 919,1305 918,1305 918,1306 917,1306 917,1307 916,1307 916,1308 915,1308 915,1309 914,1309 914,1310 913,1310 913,1311 912,1311 912,1312 911,1312 911,1313 909,1313 909,1314 907,1314 907,1315 905,1315 905,1316 903,1316 903,1317 901,1317 901,1318 898,1318 898,1316 783,1316 783,1317 742,1317 742,1316 741,1316 741,1315 738,1315 738,1314 737,1314 737,1312 736,1312 736,1310 735,1310 735,1308 734,1308 734,1303 735,1303 735,1300 736,1300 736,1298 737,1298 737,1297 738,1297 738,1296 739,1296 739,1294 740,1294 740,1272 741,1272 741,1271 742,1271 742,1270 755,1270 755,1269 756,1269 756,1268 757,1268 757,1267"/>
	<TextEquiv>
	<Unicode>ἔπεσον</Unicode></TextEquiv></Word>
	<Word id="r142">
	<Coords points="1013,1268 1013,1269 1015,1269 1015,1270 1086,1270 1086,1271 1088,1271 1088,1272 1090,1272 1090,1274 1091,1274 1091,1288 1127,1288 1127,1290 1128,1290 1128,1291 1129,1291 1129,1294 1128,1294 1128,1297 1127,1297 1127,1299 1126,1299 1126,1300 1125,1300 1125,1302 1124,1302 1124,1303 1123,1303 1123,1305 1121,1305 1121,1307 1119,1307 1119,1308 1118,1308 1118,1310 1117,1310 1117,1311 1114,1311 1114,1312 1113,1312 1113,1313 1111,1313 1111,1314 1109,1314 1109,1315 1106,1315 1106,1316 1003,1316 1003,1315 965,1315 965,1314 964,1314 964,1313 962,1313 962,1311 961,1311 961,1310 960,1310 960,1305 961,1305 961,1299 962,1299 962,1298 963,1298 963,1297 964,1297 964,1295 965,1295 965,1294 966,1294 966,1292 968,1292 968,1291 970,1291 970,1290 971,1290 971,1289 987,1289 987,1288 1008,1288 1008,1270 1009,1270 1009,1269 1010,1269 1010,1268"/>
	<TextEquiv>
	<Unicode>αὐτῶν</Unicode></TextEquiv></Word>
	<Word id="r143">
	<Coords points="1213,1265 1213,1266 1214,1266 1214,1268 1215,1268 1215,1269 1214,1269 1214,1270 1213,1270 1213,1280 1212,1280 1212,1305 1211,1305 1211,1308 1210,1308 1210,1310 1209,1310 1209,1311 1207,1311 1207,1312 1206,1312 1206,1313 1205,1313 1205,1314 1174,1314 1174,1313 1172,1313 1172,1312 1171,1312 1171,1311 1170,1311 1170,1310 1169,1310 1169,1307 1168,1307 1168,1300 1169,1300 1169,1296 1170,1296 1170,1294 1171,1294 1171,1293 1172,1293 1172,1292 1173,1292 1173,1291 1174,1291 1174,1290 1175,1290 1175,1289 1178,1289 1178,1288 1205,1288 1205,1268 1206,1268 1206,1267 1207,1267 1207,1266 1208,1266 1208,1265"/>
	<TextEquiv>
	<Unicode>οἱ</Unicode></TextEquiv></Word>
	<Word id="r144">
	<Coords points="1531,1267 1531,1268 1532,1268 1532,1306 1540,1306 1540,1307 1542,1307 1542,1308 1543,1308 1543,1311 1544,1311 1544,1313 1543,1313 1543,1318 1542,1318 1542,1319 1541,1319 1541,1321 1539,1321 1539,1322 1538,1322 1538,1323 1535,1323 1535,1324 1466,1324 1466,1327 1465,1327 1465,1329 1463,1329 1463,1330 1460,1330 1460,1329 1458,1329 1458,1327 1428,1327 1428,1326 1427,1326 1427,1316 1316,1316 1316,1317 1315,1317 1315,1322 1314,1322 1314,1327 1313,1327 1313,1330 1310,1330 1310,1329 1309,1329 1309,1314 1246,1314 1246,1313 1244,1313 1244,1312 1243,1312 1243,1311 1242,1311 1242,1309 1241,1309 1241,1307 1240,1307 1240,1300 1241,1300 1241,1299 1242,1299 1242,1297 1243,1297 1243,1295 1244,1295 1244,1294 1245,1294 1245,1293 1246,1293 1246,1292 1247,1292 1247,1291 1249,1291 1249,1290 1251,1290 1251,1289 1256,1289 1256,1288 1289,1288 1289,1287 1407,1287 1407,1288 1520,1288 1520,1279 1521,1279 1521,1277 1522,1277 1522,1275 1523,1275 1523,1273 1524,1273 1524,1271 1525,1271 1525,1269 1526,1269 1526,1268 1527,1268 1527,1267"/>
	<TextEquiv>
	<Unicode>στρατηγοί,</Unicode></TextEquiv></Word>
	<Word id="r145">
	<Coords points="1638,1266 1638,1267 1639,1267 1639,1268 1641,1268 1641,1271 1642,1271 1642,1274 1643,1274 1643,1276 1644,1276 1644,1278 1645,1278 1645,1281 1646,1281 1646,1283 1647,1283 1647,1289 1650,1289 1650,1290 1652,1290 1652,1310 1653,1310 1653,1311 1654,1311 1653,1311 1653,1312 1652,1312 1652,1313 1651,1313 1651,1314 1650,1314 1650,1315 1647,1315 1647,1316 1583,1316 1583,1315 1580,1315 1580,1314 1578,1314 1578,1313 1577,1313 1577,1312 1576,1312 1576,1311 1575,1311 1575,1310 1574,1310 1574,1307 1573,1307 1573,1302 1574,1302 1574,1299 1575,1299 1575,1298 1576,1298 1576,1296 1577,1296 1577,1295 1578,1295 1578,1294 1579,1294 1579,1270 1580,1270 1580,1269 1581,1269 1581,1268 1584,1268 1584,1267 1636,1267 1636,1266"/>
	<TextEquiv>
	<Unicode>διὰ</Unicode></TextEquiv></Word>
	<TextEquiv>
	<Unicode>ἐν τάξει· ἐπεὶ δ᾽ ἔπεσον αὐτῶν οἱ στρατηγοί, διὰ</Unicode></TextEquiv></TextLine>
	<TextLine id="r20">
	<Coords points="1271,1333 1271,1334 1272,1334 1272,1341 1283,1341 1283,1342 1287,1342 1287,1343 1288,1343 1288,1344 1290,1344 1290,1346 1291,1346 1291,1348 1292,1348 1292,1350 1293,1350 1293,1351 1294,1351 1294,1353 1295,1353 1295,1355 1296,1355 1296,1356 1459,1356 1459,1357 1601,1357 1601,1347 1602,1347 1602,1344 1603,1344 1603,1343 1604,1343 1604,1342 1605,1342 1605,1341 1606,1341 1606,1340 1608,1340 1608,1339 1613,1339 1613,1340 1616,1340 1616,1341 1617,1341 1617,1342 1619,1342 1619,1344 1620,1344 1620,1346 1621,1346 1621,1359 1649,1359 1649,1360 1651,1360 1651,1361 1652,1361 1652,1362 1653,1362 1653,1364 1654,1364 1654,1365 1655,1365 1654,1365 1654,1368 1650,1368 1650,1383 1649,1383 1649,1386 1648,1386 1648,1387 1647,1387 1647,1388 1646,1388 1646,1389 1643,1389 1643,1390 1560,1390 1560,1392 1559,1392 1559,1398 1558,1398 1558,1400 1557,1400 1557,1401 1508,1401 1508,1408 1507,1408 1507,1410 1505,1410 1505,1419 1504,1419 1504,1420 1504,1419 1502,1419 1502,1418 1501,1418 1501,1417 1499,1417 1499,1415 1498,1415 1498,1414 1497,1414 1497,1402 1467,1402 1467,1401 1466,1401 1466,1400 1465,1400 1465,1383 1324,1383 1324,1384 1323,1384 1323,1383 1320,1383 1320,1382 1208,1382 1208,1383 1207,1383 1207,1387 1206,1387 1206,1392 1205,1392 1205,1393 1204,1393 1204,1394 1203,1394 1203,1396 1200,1396 1200,1384 1055,1384 1055,1389 1054,1389 1054,1398 1053,1398 1053,1400 1051,1400 1051,1401 1006,1401 1006,1402 1003,1402 1003,1403 1002,1403 1002,1402 999,1402 999,1401 998,1401 998,1399 976,1399 976,1385 876,1385 876,1386 837,1386 837,1385 617,1385 617,1386 616,1386 616,1389 615,1389 615,1393 614,1393 614,1395 613,1395 613,1396 571,1396 571,1397 570,1397 570,1398 569,1398 569,1399 561,1399 561,1398 560,1398 560,1397 559,1397 559,1390 457,1390 457,1395 456,1395 456,1397 455,1397 455,1398 452,1398 452,1397 451,1397 451,1387 297,1387 297,1388 248,1388 248,1393 247,1393 247,1398 246,1398 246,1400 245,1400 245,1401 244,1401 244,1402 241,1402 241,1401 240,1401 240,1399 241,1399 241,1394 242,1394 242,1392 243,1392 243,1388 244,1388 244,1385 245,1385 245,1382 246,1382 246,1378 247,1378 247,1376 248,1376 248,1371 249,1371 249,1368 250,1368 250,1364 251,1364 251,1362 252,1362 252,1361 253,1361 253,1360 292,1360 292,1352 293,1352 293,1349 294,1349 294,1346 295,1346 295,1342 296,1342 296,1340 297,1340 297,1339 298,1339 298,1338 299,1338 299,1337 302,1337 302,1338 303,1338 303,1359 462,1359 462,1356 463,1356 463,1355 464,1355 464,1352 465,1352 465,1349 466,1349 466,1347 467,1347 467,1346 468,1346 468,1345 469,1345 469,1344 470,1344 470,1343 471,1343 471,1342 472,1342 472,1341 475,1341 475,1340 478,1340 478,1339 483,1339 483,1340 485,1340 485,1341 598,1341 598,1340 599,1340 599,1338 600,1338 600,1337 604,1337 604,1338 605,1338 605,1358 841,1358 841,1346 842,1346 842,1344 843,1344 843,1343 844,1343 844,1342 845,1342 845,1341 846,1341 846,1340 848,1340 848,1339 856,1339 856,1340 857,1340 857,1341 859,1341 859,1343 961,1343 961,1339 962,1339 962,1338 963,1338 963,1337 965,1337 965,1336 1042,1336 1042,1337 1043,1337 1043,1338 1108,1338 1108,1339 1109,1339 1109,1340 1111,1340 1111,1342 1112,1342 1112,1344 1113,1344 1113,1355 1260,1355 1260,1347 1261,1347 1261,1345 1262,1345 1262,1343 1263,1343 1263,1341 1264,1341 1264,1340 1265,1340 1265,1338 1266,1338 1266,1336 1267,1336 1267,1335 1268,1335 1268,1334 1269,1334 1269,1333"/>
	<Word id="r146">
	<Coords points="299,1337 302,1337 302,1338 303,1338 303,1359 375,1359 375,1360 412,1360 412,1361 413,1361 413,1369 412,1369 412,1371 411,1371 411,1373 410,1373 410,1374 409,1374 409,1375 408,1375 408,1376 407,1376 407,1378 406,1378 406,1379 404,1379 404,1380 403,1380 403,1381 402,1381 402,1382 401,1382 401,1383 399,1383 399,1384 397,1384 397,1385 395,1385 395,1386 392,1386 392,1387 297,1387 297,1388 248,1388 248,1393 247,1393 247,1398 246,1398 246,1400 245,1400 245,1401 244,1401 244,1402 241,1402 241,1401 240,1401 240,1399 241,1399 241,1394 242,1394 242,1392 243,1392 243,1388 244,1388 244,1385 245,1385 245,1382 246,1382 246,1378 247,1378 247,1376 248,1376 248,1371 249,1371 249,1368 250,1368 250,1364 251,1364 251,1362 252,1362 252,1361 253,1361 253,1360 292,1360 292,1352 293,1352 293,1349 294,1349 294,1346 295,1346 295,1342 296,1342 296,1340 297,1340 297,1339 298,1339 298,1338 299,1338"/>
	<TextEquiv>
	<Unicode>μέσων</Unicode></TextEquiv></Word>
	<Word id="r148">
	<Coords points="604,1337 604,1338 605,1338 605,1358 747,1358 747,1374 751,1374 751,1378 750,1378 750,1379 749,1379 749,1381 748,1381 748,1382 746,1382 746,1383 743,1383 743,1384 741,1384 741,1385 617,1385 617,1386 616,1386 616,1389 615,1389 615,1393 614,1393 614,1395 613,1395 613,1396 571,1396 571,1397 570,1397 570,1398 569,1398 569,1399 561,1399 561,1398 560,1398 560,1397 559,1397 559,1390 457,1390 457,1395 456,1395 456,1397 455,1397 455,1398 452,1398 452,1397 451,1397 451,1392 452,1392 452,1388 453,1388 453,1386 454,1386 454,1383 455,1383 455,1381 456,1381 456,1377 457,1377 457,1372 458,1372 458,1369 459,1369 459,1365 460,1365 460,1362 461,1362 461,1360 462,1360 462,1356 463,1356 463,1355 464,1355 464,1352 465,1352 465,1349 466,1349 466,1347 467,1347 467,1346 468,1346 468,1345 469,1345 469,1344 470,1344 470,1343 471,1343 471,1342 472,1342 472,1341 475,1341 475,1340 478,1340 478,1339 483,1339 483,1340 485,1340 485,1341 598,1341 598,1340 599,1340 599,1338 600,1338 600,1337"/>
	<TextEquiv>
	<Unicode>βιαζόμενοι</Unicode></TextEquiv></Word>
	<Word id="r149">
	<Coords points="856,1339 856,1340 857,1340 857,1341 859,1341 859,1343 860,1343 860,1345 861,1345 861,1358 897,1358 897,1360 898,1360 898,1363 899,1363 898,1363 898,1366 897,1366 897,1369 896,1369 896,1370 895,1370 895,1371 894,1371 894,1373 893,1373 893,1374 892,1374 892,1376 891,1376 891,1377 890,1377 890,1378 889,1378 889,1379 887,1379 887,1380 886,1380 886,1381 885,1381 885,1382 883,1382 883,1383 881,1383 881,1384 879,1384 879,1385 876,1385 876,1386 837,1386 837,1385 807,1385 807,1384 806,1384 806,1383 805,1383 805,1367 798,1367 798,1366 797,1366 797,1363 796,1363 796,1362 797,1362 797,1360 798,1360 798,1359 800,1359 800,1358 841,1358 841,1346 842,1346 842,1344 843,1344 843,1343 844,1343 844,1342 845,1342 845,1341 846,1341 846,1340 848,1340 848,1339"/>
	<TextEquiv>
	<Unicode>τῶν</Unicode></TextEquiv></Word>
	<Word id="r150">
	<Coords points="1042,1336 1042,1337 1043,1337 1043,1338 1108,1338 1108,1339 1109,1339 1109,1340 1111,1340 1111,1342 1112,1342 1112,1344 1113,1344 1113,1357 1149,1357 1149,1358 1150,1358 1150,1360 1149,1360 1149,1366 1148,1366 1148,1369 1147,1369 1147,1370 1146,1370 1146,1371 1145,1371 1145,1373 1144,1373 1144,1375 1142,1375 1142,1376 1141,1376 1141,1377 1140,1377 1140,1378 1139,1378 1139,1379 1137,1379 1137,1380 1136,1380 1136,1381 1134,1381 1134,1382 1131,1382 1131,1383 1129,1383 1129,1384 1055,1384 1055,1389 1054,1389 1054,1398 1053,1398 1053,1400 1051,1400 1051,1401 1006,1401 1006,1402 1003,1402 1003,1403 1002,1403 1002,1402 999,1402 999,1401 998,1401 998,1399 976,1399 976,1384 957,1384 957,1383 954,1383 954,1382 953,1382 953,1381 952,1381 952,1380 951,1380 951,1379 950,1379 950,1375 949,1375 949,1370 950,1370 950,1366 951,1366 951,1365 952,1365 952,1363 953,1363 953,1362 954,1362 954,1361 955,1361 955,1360 956,1360 956,1359 958,1359 958,1358 960,1358 960,1357 961,1357 961,1339 962,1339 962,1338 963,1338 963,1337 965,1337 965,1336"/>
	<TextEquiv>
	<Unicode>ἐχθρῶν</Unicode></TextEquiv></Word>
	<Word id="r151">
	<Coords points="1271,1333 1271,1334 1272,1334 1272,1341 1283,1341 1283,1342 1287,1342 1287,1343 1288,1343 1288,1344 1290,1344 1290,1346 1291,1346 1291,1348 1292,1348 1292,1350 1293,1350 1293,1351 1294,1351 1294,1353 1295,1353 1295,1355 1296,1355 1296,1356 1344,1356 1344,1357 1345,1357 1345,1371 1349,1371 1349,1376 1348,1376 1348,1378 1347,1378 1347,1379 1346,1379 1346,1380 1345,1380 1345,1381 1344,1381 1344,1382 1342,1382 1342,1383 1324,1383 1324,1384 1323,1384 1323,1383 1320,1383 1320,1382 1208,1382 1208,1383 1207,1383 1207,1387 1206,1387 1206,1392 1205,1392 1205,1393 1204,1393 1204,1394 1203,1394 1203,1396 1200,1396 1200,1390 1201,1390 1201,1386 1202,1386 1202,1383 1203,1383 1203,1380 1204,1380 1204,1376 1205,1376 1205,1373 1206,1373 1206,1371 1207,1371 1207,1368 1208,1368 1208,1364 1209,1364 1209,1361 1210,1361 1210,1357 1211,1357 1211,1356 1212,1356 1212,1355 1260,1355 1260,1347 1261,1347 1261,1345 1262,1345 1262,1343 1263,1343 1263,1341 1264,1341 1264,1340 1265,1340 1265,1338 1266,1338 1266,1336 1267,1336 1267,1335 1268,1335 1268,1334 1269,1334 1269,1333"/>
	<TextEquiv>
	<Unicode>μάλα</Unicode></TextEquiv></Word>
	<Word id="r152">
	<Coords points="1613,1339 1613,1340 1616,1340 1616,1341 1617,1341 1617,1342 1619,1342 1619,1344 1620,1344 1620,1346 1621,1346 1621,1359 1649,1359 1649,1360 1651,1360 1651,1361 1652,1361 1652,1362 1653,1362 1653,1364 1654,1364 1654,1365 1655,1365 1654,1365 1654,1368 1650,1368 1650,1383 1649,1383 1649,1386 1648,1386 1648,1387 1647,1387 1647,1388 1646,1388 1646,1389 1643,1389 1643,1390 1560,1390 1560,1392 1559,1392 1559,1398 1558,1398 1558,1400 1557,1400 1557,1401 1508,1401 1508,1408 1507,1408 1507,1410 1505,1410 1505,1419 1504,1419 1504,1420 1504,1419 1502,1419 1502,1418 1501,1418 1501,1417 1499,1417 1499,1415 1498,1415 1498,1414 1497,1414 1497,1402 1467,1402 1467,1401 1466,1401 1466,1400 1465,1400 1465,1383 1437,1383 1437,1382 1400,1382 1400,1381 1398,1381 1398,1378 1399,1378 1399,1375 1400,1375 1400,1372 1401,1372 1401,1370 1402,1370 1402,1367 1403,1367 1403,1365 1404,1365 1404,1362 1405,1362 1405,1359 1406,1359 1406,1357 1408,1357 1408,1356 1459,1356 1459,1357 1601,1357 1601,1347 1602,1347 1602,1344 1603,1344 1603,1343 1604,1343 1604,1342 1605,1342 1605,1341 1606,1341 1606,1340 1608,1340 1608,1339"/>
	<TextEquiv>
	<Unicode>καρτερῶς</Unicode></TextEquiv></Word>
	<TextEquiv>
	<Unicode>μέσων βιαζόμενοι τῶν ἐχθρῶν μάλα καρτερῶς</Unicode></TextEquiv></TextLine>
	<TextLine id="r21">
	<Coords points="1091,1402 1091,1403 1092,1403 1092,1406 1194,1406 1194,1405 1207,1405 1207,1404 1208,1404 1208,1403 1267,1403 1267,1404 1268,1404 1268,1405 1269,1405 1269,1406 1271,1406 1271,1409 1272,1409 1272,1412 1273,1412 1273,1424 1398,1424 1398,1423 1400,1423 1400,1424 1403,1424 1403,1425 1637,1425 1637,1404 1642,1404 1642,1405 1643,1405 1643,1406 1644,1406 1644,1408 1645,1408 1645,1410 1646,1410 1646,1413 1647,1413 1647,1415 1648,1415 1648,1417 1649,1417 1649,1428 1651,1428 1651,1429 1652,1429 1652,1430 1653,1430 1653,1432 1654,1432 1654,1434 1655,1434 1655,1439 1654,1439 1654,1443 1653,1443 1653,1446 1652,1446 1652,1447 1651,1447 1651,1448 1650,1448 1650,1450 1649,1450 1649,1451 1647,1451 1647,1452 1645,1452 1645,1453 1642,1453 1642,1454 1603,1454 1603,1455 1602,1455 1602,1463 1601,1463 1601,1468 1600,1468 1600,1469 1599,1469 1599,1470 1598,1470 1598,1471 1597,1471 1597,1470 1596,1470 1596,1469 1595,1469 1595,1453 1493,1453 1493,1452 1386,1452 1386,1455 1385,1455 1385,1463 1384,1463 1384,1466 1383,1466 1383,1467 1382,1467 1382,1466 1380,1466 1380,1452 1199,1452 1199,1453 1134,1453 1134,1455 1133,1455 1133,1457 1131,1457 1131,1458 1130,1458 1130,1459 1127,1459 1127,1460 1035,1460 1035,1464 1034,1464 1034,1466 1033,1466 1033,1467 1030,1467 1030,1466 1029,1466 1029,1453 883,1453 883,1454 882,1454 882,1455 881,1455 881,1457 880,1457 880,1458 879,1458 879,1459 877,1459 877,1460 798,1460 798,1463 797,1463 797,1466 796,1466 796,1467 794,1467 794,1468 693,1468 693,1469 692,1469 692,1470 689,1470 689,1455 545,1455 545,1458 544,1458 544,1463 543,1463 543,1466 542,1466 542,1467 493,1467 493,1470 492,1470 492,1471 489,1471 489,1469 425,1469 425,1468 424,1468 424,1465 423,1465 423,1455 283,1455 283,1456 240,1456 240,1452 241,1452 241,1449 242,1449 242,1447 243,1447 243,1444 244,1444 244,1442 245,1442 245,1439 246,1439 246,1435 247,1435 247,1433 248,1433 248,1430 250,1430 250,1429 288,1429 288,1428 354,1428 354,1408 355,1408 355,1406 356,1406 356,1405 359,1405 359,1406 360,1406 360,1407 361,1407 361,1410 362,1410 362,1411 363,1411 363,1416 364,1416 364,1418 365,1418 365,1419 366,1419 366,1422 367,1422 367,1427 474,1427 474,1423 475,1423 475,1419 476,1419 476,1416 477,1416 477,1414 478,1414 478,1412 479,1412 479,1410 480,1410 480,1408 481,1408 481,1406 482,1406 482,1405 486,1405 486,1406 487,1406 487,1427 607,1427 607,1410 608,1410 608,1407 609,1407 609,1406 611,1406 611,1405 669,1405 669,1404 672,1404 672,1405 673,1405 673,1410 705,1410 705,1426 866,1426 866,1425 972,1425 972,1407 973,1407 973,1405 974,1405 974,1404 976,1404 976,1403 980,1403 980,1404 982,1404 982,1407 983,1407 983,1415 1082,1415 1082,1412 1083,1412 1083,1411 1084,1411 1084,1408 1085,1408 1085,1406 1086,1406 1086,1404 1087,1404 1087,1403 1088,1403 1088,1402"/>
	<Word id="r153">
	<Coords points="359,1405 359,1406 360,1406 360,1407 361,1407 361,1410 362,1410 362,1411 363,1411 363,1416 364,1416 364,1418 365,1418 365,1419 366,1419 366,1422 367,1422 367,1428 372,1428 372,1443 376,1443 376,1445 377,1445 376,1445 376,1448 375,1448 375,1450 373,1450 373,1452 372,1452 372,1453 370,1453 370,1454 367,1454 367,1455 283,1455 283,1456 240,1456 240,1452 241,1452 241,1449 242,1449 242,1447 243,1447 243,1444 244,1444 244,1442 245,1442 245,1439 246,1439 246,1435 247,1435 247,1433 248,1433 248,1430 250,1430 250,1429 288,1429 288,1428 354,1428 354,1408 355,1408 355,1406 356,1406 356,1405"/>
	<TextEquiv>
	<Unicode>κατὰ</Unicode></TextEquiv></Word>
	<Word id="r154">
	<Coords points="486,1405 486,1406 487,1406 487,1427 547,1427 547,1428 548,1428 548,1429 549,1429 549,1430 550,1430 550,1432 551,1432 551,1439 550,1439 550,1442 549,1442 549,1445 548,1445 548,1447 547,1447 547,1453 546,1453 546,1455 545,1455 545,1458 544,1458 544,1463 543,1463 543,1466 542,1466 542,1467 493,1467 493,1470 492,1470 492,1471 489,1471 489,1469 425,1469 425,1468 424,1468 424,1465 423,1465 423,1464 424,1464 424,1461 425,1461 425,1458 426,1458 426,1454 427,1454 427,1450 428,1450 428,1448 429,1448 429,1443 430,1443 430,1440 431,1440 431,1437 432,1437 432,1432 433,1432 433,1429 434,1429 434,1428 436,1428 436,1427 474,1427 474,1423 475,1423 475,1419 476,1419 476,1416 477,1416 477,1414 478,1414 478,1412 479,1412 479,1410 480,1410 480,1408 481,1408 481,1406 482,1406 482,1405"/>
	<TextEquiv>
	<Unicode>μέρη</Unicode></TextEquiv></Word>
	<Word id="r155">
	<Coords points="672,1404 672,1405 673,1405 673,1410 705,1410 705,1426 866,1426 866,1425 868,1425 868,1426 869,1426 869,1427 870,1427 870,1443 880,1443 880,1444 882,1444 882,1446 883,1446 883,1451 884,1451 883,1451 883,1454 882,1454 882,1455 881,1455 881,1457 880,1457 880,1458 879,1458 879,1459 877,1459 877,1460 798,1460 798,1463 797,1463 797,1466 796,1466 796,1467 794,1467 794,1468 693,1468 693,1469 692,1469 692,1470 689,1470 689,1455 614,1455 614,1454 610,1454 610,1453 607,1453 607,1452 606,1452 606,1451 605,1451 605,1450 604,1450 604,1448 603,1448 603,1446 602,1446 602,1441 603,1441 603,1437 604,1437 604,1435 605,1435 605,1434 606,1434 606,1432 607,1432 607,1410 608,1410 608,1407 609,1407 609,1406 611,1406 611,1405 669,1405 669,1404"/>
	<TextEquiv>
	<Unicode>διέφευγον,</Unicode></TextEquiv></Word>
	<Word id="r156">
	<Coords points="980,1403 980,1404 982,1404 982,1407 983,1407 982,1407 982,1409 980,1409 980,1443 979,1443 979,1445 978,1445 978,1447 977,1447 977,1449 975,1449 975,1450 974,1450 974,1452 972,1452 972,1453 947,1453 947,1452 942,1452 942,1451 941,1451 941,1450 940,1450 940,1449 938,1449 938,1447 937,1447 937,1444 936,1444 936,1438 937,1438 937,1434 938,1434 938,1432 939,1432 939,1431 940,1431 940,1430 941,1430 941,1429 942,1429 942,1428 943,1428 943,1427 944,1427 944,1426 947,1426 947,1425 972,1425 972,1407 973,1407 973,1405 974,1405 974,1404 976,1404 976,1403"/>
	<TextEquiv>
	<Unicode>οἱ</Unicode></TextEquiv></Word>
	<Word id="r157">
	<Coords points="1091,1402 1091,1403 1092,1403 1092,1425 1118,1425 1118,1426 1119,1426 1119,1427 1120,1427 1120,1428 1121,1428 1121,1442 1131,1442 1131,1443 1133,1443 1133,1444 1134,1444 1134,1445 1135,1445 1135,1453 1134,1453 1134,1455 1133,1455 1133,1457 1131,1457 1131,1458 1130,1458 1130,1459 1127,1459 1127,1460 1035,1460 1035,1464 1034,1464 1034,1466 1033,1466 1033,1467 1030,1467 1030,1466 1029,1466 1029,1462 1030,1462 1030,1457 1031,1457 1031,1455 1032,1455 1032,1450 1033,1450 1033,1449 1034,1449 1034,1446 1035,1446 1035,1440 1036,1440 1036,1438 1037,1438 1037,1436 1038,1436 1038,1430 1039,1430 1039,1428 1040,1428 1040,1426 1057,1426 1057,1425 1080,1425 1080,1418 1081,1418 1081,1415 1082,1415 1082,1412 1083,1412 1083,1411 1084,1411 1084,1408 1085,1408 1085,1406 1086,1406 1086,1404 1087,1404 1087,1403 1088,1403 1088,1402"/>
	<TextEquiv>
	<Unicode>μέν,</Unicode></TextEquiv></Word>
	<Word id="r158">
	<Coords points="1267,1403 1267,1404 1268,1404 1268,1405 1269,1405 1269,1406 1271,1406 1271,1409 1272,1409 1272,1412 1273,1412 1273,1424 1398,1424 1398,1423 1400,1423 1400,1424 1403,1424 1403,1425 1405,1425 1405,1426 1406,1426 1406,1427 1407,1427 1407,1429 1408,1429 1408,1432 1409,1432 1409,1438 1408,1438 1408,1439 1407,1439 1407,1443 1406,1443 1406,1445 1405,1445 1405,1446 1404,1446 1404,1447 1403,1447 1403,1448 1401,1448 1401,1449 1400,1449 1400,1450 1387,1450 1387,1451 1386,1451 1386,1455 1385,1455 1385,1463 1384,1463 1384,1466 1383,1466 1383,1467 1382,1467 1382,1466 1380,1466 1380,1452 1199,1452 1199,1453 1198,1453 1198,1452 1195,1452 1195,1451 1192,1451 1192,1450 1191,1450 1191,1449 1190,1449 1190,1448 1189,1448 1189,1447 1188,1447 1188,1444 1187,1444 1187,1436 1188,1436 1188,1435 1189,1435 1189,1434 1190,1434 1190,1432 1191,1432 1191,1431 1192,1431 1192,1418 1193,1418 1193,1406 1194,1406 1194,1405 1207,1405 1207,1404 1208,1404 1208,1403"/>
	<TextEquiv>
	<Unicode>ἔνθαπερ</Unicode></TextEquiv></Word>
	<Word id="r159">
	<Coords points="1477,1425 1477,1426 1500,1426 1500,1427 1501,1427 1501,1442 1504,1442 1504,1445 1503,1445 1503,1447 1502,1447 1502,1449 1501,1449 1501,1450 1500,1450 1500,1451 1499,1451 1499,1452 1497,1452 1497,1453 1493,1453 1493,1452 1469,1452 1469,1451 1466,1451 1466,1450 1464,1450 1464,1448 1463,1448 1463,1447 1462,1447 1462,1445 1461,1445 1461,1437 1462,1437 1462,1434 1463,1434 1463,1433 1464,1433 1464,1431 1465,1431 1465,1430 1466,1430 1466,1429 1467,1429 1467,1428 1468,1428 1468,1427 1470,1427 1470,1426 1472,1426 1472,1425"/>
	<TextEquiv>
	<Unicode>οἱ</Unicode></TextEquiv></Word>
	<Word id="r160">
	<Coords points="1642,1404 1642,1405 1643,1405 1643,1406 1644,1406 1644,1408 1645,1408 1645,1410 1646,1410 1646,1413 1647,1413 1647,1415 1648,1415 1648,1417 1649,1417 1649,1428 1651,1428 1651,1429 1652,1429 1652,1430 1653,1430 1653,1432 1654,1432 1654,1434 1655,1434 1655,1439 1654,1439 1654,1443 1653,1443 1653,1446 1652,1446 1652,1447 1651,1447 1651,1448 1650,1448 1650,1450 1649,1450 1649,1451 1647,1451 1647,1452 1645,1452 1645,1453 1642,1453 1642,1454 1603,1454 1603,1455 1602,1455 1602,1463 1601,1463 1601,1468 1600,1468 1600,1469 1599,1469 1599,1470 1598,1470 1598,1471 1597,1471 1597,1470 1596,1470 1596,1469 1595,1469 1595,1453 1559,1453 1559,1452 1558,1452 1558,1438 1554,1438 1554,1437 1553,1437 1553,1430 1554,1430 1554,1428 1555,1428 1555,1427 1556,1427 1556,1426 1559,1426 1559,1425 1637,1425 1637,1404"/>
	<TextEquiv>
	<Unicode>πρὸ</Unicode></TextEquiv></Word>
	<TextEquiv>
	<Unicode>κατὰ μέρη διέφευγον, οἱ μέν, ἔνθαπερ οἱ πρὸ</Unicode></TextEquiv></TextLine>
	<TextLine id="r22">
	<Coords points="1222,1469 1222,1470 1223,1470 1223,1471 1454,1471 1454,1470 1458,1470 1458,1472 1538,1472 1538,1473 1541,1473 1541,1474 1542,1474 1542,1494 1649,1494 1649,1495 1651,1495 1651,1496 1652,1496 1652,1498 1653,1498 1653,1503 1652,1503 1652,1504 1651,1504 1651,1505 1637,1505 1637,1514 1636,1514 1636,1516 1635,1516 1635,1517 1634,1517 1634,1518 1633,1518 1633,1519 1632,1519 1632,1520 1631,1520 1631,1521 1629,1521 1629,1522 1582,1522 1582,1521 1208,1521 1208,1520 1105,1520 1105,1524 1104,1524 1104,1527 1103,1527 1103,1533 1102,1533 1102,1534 1101,1534 1101,1535 1100,1535 1100,1534 1099,1534 1099,1521 884,1521 884,1522 883,1522 883,1523 882,1523 882,1524 881,1524 881,1525 879,1525 879,1526 808,1526 808,1527 806,1527 806,1528 804,1528 804,1529 800,1529 800,1528 799,1528 799,1523 654,1523 654,1527 653,1527 653,1530 652,1530 652,1533 651,1533 651,1536 649,1536 649,1537 548,1537 548,1538 546,1538 546,1539 545,1539 545,1538 544,1538 544,1524 389,1524 389,1525 244,1525 244,1524 243,1524 243,1523 241,1523 241,1521 240,1521 240,1517 239,1517 239,1514 240,1514 240,1509 241,1509 241,1506 242,1506 242,1505 243,1505 243,1504 244,1504 244,1503 245,1503 245,1502 246,1502 246,1501 247,1501 247,1500 248,1500 248,1499 250,1499 250,1498 252,1498 252,1497 289,1497 289,1479 290,1479 290,1477 292,1477 292,1476 294,1476 294,1477 297,1477 297,1478 450,1478 450,1477 451,1477 451,1476 456,1476 456,1477 457,1477 457,1478 459,1478 459,1479 622,1479 622,1478 623,1478 623,1477 624,1477 624,1475 626,1475 626,1474 628,1474 628,1475 629,1475 629,1496 747,1496 747,1495 853,1495 853,1475 854,1475 854,1474 855,1474 855,1473 859,1473 859,1474 861,1474 861,1475 862,1475 862,1476 863,1476 863,1494 970,1494 970,1473 971,1473 971,1472 972,1472 972,1471 975,1471 975,1472 976,1472 976,1474 977,1474 977,1477 978,1477 978,1479 979,1479 979,1482 980,1482 980,1485 981,1485 981,1487 982,1487 982,1489 983,1489 983,1494 1116,1494 1116,1493 1213,1493 1213,1483 1214,1483 1214,1479 1215,1479 1215,1477 1216,1477 1216,1475 1217,1475 1217,1472 1218,1472 1218,1470 1220,1470 1220,1469"/>
	<Word id="r161">
	<Coords points="294,1476 294,1477 297,1477 297,1478 364,1478 364,1479 369,1479 369,1480 371,1480 371,1482 372,1482 372,1483 373,1483 373,1485 374,1485 374,1497 410,1497 410,1498 411,1498 411,1504 410,1504 410,1507 409,1507 409,1509 408,1509 408,1511 407,1511 407,1513 405,1513 405,1514 404,1514 404,1516 402,1516 402,1517 401,1517 401,1518 400,1518 400,1519 399,1519 399,1520 398,1520 398,1521 396,1521 396,1522 394,1522 394,1523 392,1523 392,1524 389,1524 389,1525 244,1525 244,1524 243,1524 243,1523 241,1523 241,1521 240,1521 240,1517 239,1517 239,1514 240,1514 240,1509 241,1509 241,1506 242,1506 242,1505 243,1505 243,1504 244,1504 244,1503 245,1503 245,1502 246,1502 246,1501 247,1501 247,1500 248,1500 248,1499 250,1499 250,1498 252,1498 252,1497 289,1497 289,1479 290,1479 290,1477 292,1477 292,1476"/>
	<TextEquiv>
	<Unicode>αὐτῶν</Unicode></TextEquiv></Word>
	<Word id="r162">
	<Coords points="628,1474 628,1475 629,1475 629,1496 747,1496 747,1495 792,1495 792,1496 795,1496 795,1497 796,1497 796,1512 805,1512 805,1513 808,1513 808,1514 809,1514 809,1515 810,1515 810,1517 811,1517 811,1521 810,1521 810,1523 809,1523 809,1525 808,1525 808,1527 806,1527 806,1528 804,1528 804,1529 800,1529 800,1528 799,1528 799,1523 654,1523 654,1527 653,1527 653,1530 652,1530 652,1533 651,1533 651,1536 649,1536 649,1537 548,1537 548,1538 546,1538 546,1539 545,1539 545,1538 544,1538 544,1524 446,1524 446,1523 444,1523 444,1522 443,1522 443,1521 441,1521 441,1520 440,1520 440,1519 439,1519 439,1517 438,1517 438,1515 437,1515 437,1508 438,1508 438,1506 439,1506 439,1504 440,1504 440,1503 441,1503 441,1502 442,1502 442,1501 443,1501 443,1500 444,1500 444,1499 445,1499 445,1498 448,1498 448,1497 449,1497 449,1478 450,1478 450,1477 451,1477 451,1476 456,1476 456,1477 457,1477 457,1478 459,1478 459,1479 622,1479 622,1478 623,1478 623,1477 624,1477 624,1475 626,1475 626,1474"/>
	<TextEquiv>
	<Unicode>ἐπεφεύγεσαν,</Unicode></TextEquiv></Word>
	<Word id="r163">
	<Coords points="859,1473 859,1474 861,1474 861,1475 862,1475 862,1476 863,1476 863,1495 884,1495 884,1496 886,1496 886,1497 887,1497 887,1498 888,1498 888,1499 889,1499 889,1504 888,1504 888,1505 884,1505 884,1522 883,1522 883,1523 882,1523 882,1524 881,1524 881,1525 879,1525 879,1526 874,1526 874,1525 873,1525 873,1522 850,1522 850,1521 847,1521 847,1520 846,1520 846,1519 844,1519 844,1518 843,1518 843,1517 842,1517 842,1515 841,1515 841,1513 840,1513 840,1508 841,1508 841,1503 842,1503 842,1502 843,1502 843,1501 844,1501 844,1499 846,1499 846,1498 847,1498 847,1497 848,1497 848,1496 851,1496 851,1495 853,1495 853,1475 854,1475 854,1474 855,1474 855,1473"/>
	<TextEquiv>
	<Unicode>ἐς</Unicode></TextEquiv></Word>
	<Word id="r164">
	<Coords points="975,1471 975,1472 976,1472 976,1474 977,1474 977,1477 978,1477 978,1479 979,1479 979,1482 980,1482 980,1485 981,1485 981,1487 982,1487 982,1489 983,1489 983,1494 987,1494 987,1495 988,1495 988,1510 991,1510 991,1511 992,1511 992,1512 991,1512 991,1514 990,1514 990,1515 989,1515 989,1516 988,1516 988,1518 987,1518 987,1519 986,1519 986,1520 940,1520 940,1521 937,1521 937,1520 936,1520 936,1519 935,1519 935,1505 928,1505 928,1503 927,1503 927,1498 928,1498 928,1497 929,1497 929,1496 930,1496 930,1495 937,1495 937,1494 970,1494 970,1473 971,1473 971,1472 972,1472 972,1471"/>
	<TextEquiv>
	<Unicode>τὰ</Unicode></TextEquiv></Word>
	<Word id="r165">
	<Coords points="1222,1469 1222,1470 1223,1470 1223,1471 1312,1471 1312,1472 1316,1472 1316,1473 1318,1473 1318,1474 1319,1474 1319,1476 1321,1476 1321,1477 1322,1477 1322,1478 1323,1478 1323,1479 1324,1479 1324,1480 1325,1480 1325,1482 1326,1482 1326,1484 1327,1484 1327,1493 1358,1493 1358,1494 1359,1494 1359,1509 1362,1509 1362,1510 1363,1510 1363,1512 1362,1512 1362,1514 1361,1514 1361,1515 1360,1515 1360,1516 1359,1516 1359,1518 1358,1518 1358,1519 1356,1519 1356,1520 1354,1520 1354,1521 1208,1521 1208,1520 1105,1520 1105,1524 1104,1524 1104,1527 1103,1527 1103,1533 1102,1533 1102,1534 1101,1534 1101,1535 1100,1535 1100,1534 1099,1534 1099,1521 1038,1521 1038,1520 1036,1520 1036,1519 1034,1519 1034,1518 1032,1518 1032,1516 1031,1516 1031,1515 1030,1515 1030,1513 1029,1513 1029,1508 1030,1508 1030,1505 1031,1505 1031,1503 1032,1503 1032,1502 1033,1502 1033,1501 1034,1501 1034,1500 1035,1500 1035,1498 1037,1498 1037,1497 1039,1497 1039,1496 1044,1496 1044,1495 1047,1495 1047,1494 1116,1494 1116,1493 1213,1493 1213,1483 1214,1483 1214,1479 1215,1479 1215,1477 1216,1477 1216,1475 1217,1475 1217,1472 1218,1472 1218,1470 1220,1470 1220,1469"/>
	<TextEquiv>
	<Unicode>στρατόπεδα</Unicode></TextEquiv></Word>
	<Word id="r166">
	<Coords points="1458,1470 1458,1495 1479,1495 1479,1496 1480,1496 1480,1498 1484,1498 1484,1499 1485,1499 1485,1500 1486,1500 1486,1503 1487,1503 1487,1505 1486,1505 1486,1509 1485,1509 1485,1512 1484,1512 1484,1514 1483,1514 1483,1516 1481,1516 1481,1517 1480,1517 1480,1518 1479,1518 1479,1519 1477,1519 1477,1520 1443,1520 1443,1521 1440,1521 1440,1520 1409,1520 1409,1519 1407,1519 1407,1518 1404,1518 1404,1517 1403,1517 1403,1515 1402,1515 1402,1514 1401,1514 1401,1511 1400,1511 1400,1506 1401,1506 1401,1502 1402,1502 1402,1501 1403,1501 1403,1499 1404,1499 1404,1498 1405,1498 1405,1497 1406,1497 1406,1474 1407,1474 1407,1473 1408,1473 1408,1472 1410,1472 1410,1471 1454,1471 1454,1470"/>
	<TextEquiv>
	<Unicode>δύο</Unicode></TextEquiv></Word>
	<Word id="r167">
	<Coords points="1538,1472 1538,1473 1541,1473 1541,1474 1542,1474 1542,1494 1649,1494 1649,1495 1651,1495 1651,1496 1652,1496 1652,1498 1653,1498 1653,1503 1652,1503 1652,1504 1651,1504 1651,1505 1637,1505 1637,1514 1636,1514 1636,1516 1635,1516 1635,1517 1634,1517 1634,1518 1633,1518 1633,1519 1632,1519 1632,1520 1631,1520 1631,1521 1629,1521 1629,1522 1582,1522 1582,1521 1523,1521 1523,1520 1520,1520 1520,1519 1518,1519 1518,1518 1516,1518 1516,1517 1515,1517 1515,1514 1514,1514 1514,1513 1513,1513 1513,1508 1514,1508 1514,1504 1515,1504 1515,1502 1516,1502 1516,1500 1517,1500 1517,1499 1518,1499 1518,1498 1519,1498 1519,1497 1520,1497 1520,1496 1521,1496 1521,1488 1522,1488 1522,1477 1523,1477 1523,1476 1524,1476 1524,1475 1536,1475 1536,1474 1537,1474 1537,1472"/>
	<TextEquiv>
	<Unicode>ὄντα·</Unicode></TextEquiv></Word>
	<TextEquiv>
	<Unicode>αὐτῶν ἐπεφεύγεσαν, ἐς τὰ στρατόπεδα δύο ὄντα·</Unicode></TextEquiv></TextLine>
	<TextLine id="r23">
	<Coords points="1369,1538 1369,1539 1370,1539 1370,1540 1371,1540 1371,1543 1372,1543 1372,1546 1373,1546 1373,1549 1374,1549 1374,1551 1375,1551 1375,1555 1376,1555 1376,1560 1400,1560 1400,1561 1558,1561 1558,1555 1559,1555 1559,1553 1560,1553 1560,1550 1561,1550 1561,1548 1562,1548 1562,1546 1563,1546 1563,1543 1564,1543 1564,1541 1565,1541 1565,1540 1567,1540 1567,1539 1568,1539 1568,1540 1570,1540 1570,1541 1571,1541 1571,1562 1611,1562 1611,1563 1648,1563 1648,1564 1650,1564 1650,1565 1652,1565 1652,1566 1653,1566 1653,1567 1654,1567 1654,1568 1656,1568 1656,1570 1657,1570 1657,1572 1656,1572 1656,1573 1655,1573 1655,1574 1651,1574 1651,1591 1650,1591 1650,1593 1649,1593 1649,1594 1647,1594 1647,1595 1645,1595 1645,1596 1641,1596 1641,1595 1640,1595 1640,1591 1524,1591 1524,1595 1523,1595 1523,1601 1522,1601 1522,1605 1521,1605 1521,1606 1520,1606 1520,1607 1519,1607 1519,1606 1517,1606 1517,1605 1516,1605 1516,1604 1448,1604 1448,1603 1446,1603 1446,1593 1393,1593 1393,1590 1366,1590 1366,1589 1217,1589 1217,1590 1214,1590 1214,1591 1213,1591 1213,1600 1212,1600 1212,1604 1211,1604 1211,1605 1210,1605 1210,1606 1208,1606 1208,1605 1207,1605 1207,1604 1157,1604 1157,1603 1156,1603 1156,1589 1034,1589 1034,1590 939,1590 939,1591 894,1591 894,1597 893,1597 893,1601 892,1601 892,1602 891,1602 891,1604 889,1604 889,1605 887,1605 887,1604 886,1604 886,1603 885,1603 885,1591 859,1591 859,1590 666,1590 666,1591 665,1591 665,1593 663,1593 663,1594 661,1594 661,1595 658,1595 658,1596 656,1596 656,1595 655,1595 655,1592 448,1592 448,1594 447,1594 447,1599 446,1599 446,1602 445,1602 445,1606 443,1606 443,1607 439,1607 439,1605 438,1605 438,1593 258,1593 258,1594 256,1594 256,1593 241,1593 241,1592 239,1592 239,1591 238,1591 238,1588 239,1588 239,1586 240,1586 240,1583 241,1583 241,1580 242,1580 242,1578 243,1578 243,1574 244,1574 244,1572 245,1572 245,1568 246,1568 246,1567 248,1567 248,1566 263,1566 263,1565 311,1565 311,1547 312,1547 312,1545 314,1545 314,1544 315,1544 315,1545 317,1545 317,1549 318,1549 318,1550 319,1550 319,1552 320,1552 320,1554 321,1554 321,1556 322,1556 322,1558 424,1558 424,1556 425,1556 425,1554 426,1554 426,1552 427,1552 427,1550 428,1550 428,1549 429,1549 429,1547 430,1547 430,1546 431,1546 431,1544 432,1544 432,1543 437,1543 437,1544 438,1544 438,1564 740,1564 740,1549 741,1549 741,1545 742,1545 742,1544 744,1544 744,1542 746,1542 746,1541 762,1541 762,1542 774,1542 774,1543 925,1543 925,1542 926,1542 926,1541 927,1541 927,1540 929,1540 929,1539 930,1539 930,1540 931,1540 931,1562 1137,1562 1137,1544 1138,1544 1138,1543 1139,1543 1139,1542 1141,1542 1141,1541 1241,1541 1241,1540 1244,1540 1244,1541 1245,1541 1245,1542 1246,1542 1246,1545 1247,1545 1247,1548 1248,1548 1248,1550 1249,1550 1249,1552 1250,1552 1250,1554 1251,1554 1251,1556 1252,1556 1252,1561 1365,1561 1365,1539 1366,1539 1366,1538"/>
	<Word id="r168">
	<Coords points="315,1544 315,1545 317,1545 317,1549 318,1549 318,1550 319,1550 319,1552 320,1552 320,1554 321,1554 321,1556 322,1556 322,1559 323,1559 323,1582 326,1582 326,1583 327,1583 327,1585 326,1585 326,1586 325,1586 325,1589 324,1589 324,1590 323,1590 323,1591 321,1591 321,1593 258,1593 258,1594 256,1594 256,1593 241,1593 241,1592 239,1592 239,1591 238,1591 238,1588 239,1588 239,1586 240,1586 240,1583 241,1583 241,1580 242,1580 242,1578 243,1578 243,1574 244,1574 244,1572 245,1572 245,1568 246,1568 246,1567 248,1567 248,1566 263,1566 263,1565 311,1565 311,1547 312,1547 312,1545 314,1545 314,1544"/>
	<TextEquiv>
	<Unicode>καὶ</Unicode></TextEquiv></Word>
	<Word id="r169">
	<Coords points="437,1543 437,1544 438,1544 438,1564 663,1564 663,1565 666,1565 666,1566 668,1566 668,1567 669,1567 669,1568 670,1568 670,1569 671,1569 671,1573 670,1573 670,1574 666,1574 666,1591 665,1591 665,1593 663,1593 663,1594 661,1594 661,1595 658,1595 658,1596 656,1596 656,1595 655,1595 655,1592 448,1592 448,1594 447,1594 447,1599 446,1599 446,1602 445,1602 445,1606 443,1606 443,1607 439,1607 439,1605 438,1605 438,1593 376,1593 376,1591 374,1591 374,1590 373,1590 373,1589 372,1589 372,1587 371,1587 371,1577 372,1577 372,1576 373,1576 373,1574 374,1574 374,1573 376,1573 376,1571 377,1571 377,1570 378,1570 378,1569 381,1569 381,1568 384,1568 384,1567 387,1567 387,1566 422,1566 422,1560 423,1560 423,1558 424,1558 424,1556 425,1556 425,1554 426,1554 426,1552 427,1552 427,1550 428,1550 428,1549 429,1549 429,1547 430,1547 430,1546 431,1546 431,1544 432,1544 432,1543"/>
	<TextEquiv>
	<Unicode>σύμπαντες</Unicode></TextEquiv></Word>
	<Word id="r170">
	<Coords points="762,1541 762,1542 774,1542 774,1543 775,1543 775,1544 777,1544 777,1545 778,1545 778,1546 779,1546 779,1547 781,1547 781,1548 782,1548 782,1549 783,1549 783,1550 784,1550 784,1551 785,1551 785,1554 786,1554 786,1563 808,1563 808,1564 810,1564 810,1565 811,1565 811,1566 812,1566 812,1568 811,1568 811,1569 810,1569 810,1570 809,1570 809,1589 808,1589 808,1590 717,1590 717,1589 714,1589 714,1588 713,1588 713,1587 712,1587 712,1586 711,1586 711,1584 710,1584 710,1574 711,1574 711,1573 712,1573 712,1571 713,1571 713,1570 714,1570 714,1568 715,1568 715,1567 717,1567 717,1566 718,1566 718,1565 721,1565 721,1564 740,1564 740,1549 741,1549 741,1545 742,1545 742,1544 744,1544 744,1542 746,1542 746,1541"/>
	<TextEquiv>
	<Unicode>οἵδε</Unicode></TextEquiv></Word>
	<Word id="r171">
	<Coords points="930,1539 930,1540 931,1540 931,1562 1071,1562 1071,1563 1074,1563 1074,1564 1075,1564 1075,1565 1077,1565 1077,1567 1078,1567 1078,1568 1079,1568 1079,1578 1078,1578 1078,1580 1077,1580 1077,1583 1076,1583 1076,1584 1075,1584 1075,1585 1074,1585 1074,1586 1073,1586 1073,1587 1071,1587 1071,1588 1069,1588 1069,1589 1034,1589 1034,1590 939,1590 939,1591 894,1591 894,1597 893,1597 893,1601 892,1601 892,1602 891,1602 891,1604 889,1604 889,1605 887,1605 887,1604 886,1604 886,1603 885,1603 885,1591 859,1591 859,1590 856,1590 856,1589 854,1589 854,1588 853,1588 853,1587 852,1587 852,1585 851,1585 851,1584 850,1584 850,1582 849,1582 849,1575 850,1575 850,1573 851,1573 851,1571 852,1571 852,1570 853,1570 853,1568 854,1568 854,1567 856,1567 856,1566 858,1566 858,1565 860,1565 860,1564 861,1564 861,1544 862,1544 862,1543 925,1543 925,1542 926,1542 926,1541 927,1541 927,1540 929,1540 929,1539"/>
	<TextEquiv>
	<Unicode>ἐγένοντο</Unicode></TextEquiv></Word>
	<Word id="r172">
	<Coords points="1244,1540 1244,1541 1245,1541 1245,1542 1246,1542 1246,1545 1247,1545 1247,1548 1248,1548 1248,1550 1249,1550 1249,1552 1250,1552 1250,1554 1251,1554 1251,1556 1252,1556 1252,1577 1255,1577 1255,1578 1256,1578 1256,1580 1255,1580 1255,1582 1254,1582 1254,1584 1253,1584 1253,1585 1252,1585 1252,1587 1251,1587 1251,1588 1249,1588 1249,1589 1217,1589 1217,1590 1214,1590 1214,1591 1213,1591 1213,1600 1212,1600 1212,1604 1211,1604 1211,1605 1210,1605 1210,1606 1208,1606 1208,1605 1207,1605 1207,1604 1157,1604 1157,1603 1156,1603 1156,1589 1126,1589 1126,1588 1124,1588 1124,1586 1123,1586 1123,1582 1122,1582 1122,1577 1123,1577 1123,1575 1124,1575 1124,1573 1125,1573 1125,1572 1126,1572 1126,1570 1128,1570 1128,1569 1129,1569 1129,1568 1130,1568 1130,1566 1132,1566 1132,1565 1134,1565 1134,1564 1137,1564 1137,1544 1138,1544 1138,1543 1139,1543 1139,1542 1141,1542 1141,1541 1241,1541 1241,1540"/>
	<TextEquiv>
	<Unicode>ἀμφὶ</Unicode></TextEquiv></Word>
	<Word id="r173">
	<Coords points="1369,1538 1369,1539 1370,1539 1370,1540 1371,1540 1371,1543 1372,1543 1372,1546 1373,1546 1373,1549 1374,1549 1374,1551 1375,1551 1375,1555 1376,1555 1376,1560 1400,1560 1400,1561 1404,1561 1404,1562 1405,1562 1405,1563 1407,1563 1407,1564 1408,1564 1408,1565 1409,1565 1409,1567 1410,1567 1410,1569 1409,1569 1409,1571 1405,1571 1405,1586 1404,1586 1404,1588 1403,1588 1403,1589 1402,1589 1402,1591 1401,1591 1401,1592 1399,1592 1399,1593 1393,1593 1393,1590 1366,1590 1366,1589 1303,1589 1303,1588 1302,1588 1302,1587 1301,1587 1301,1573 1294,1573 1294,1572 1293,1572 1293,1568 1292,1568 1293,1568 1293,1565 1294,1565 1294,1564 1295,1564 1295,1563 1297,1563 1297,1562 1339,1562 1339,1561 1365,1561 1365,1539 1366,1539 1366,1538"/>
	<TextEquiv>
	<Unicode>τοὺς</Unicode></TextEquiv></Word>
	<Word id="r174">
	<Coords points="1568,1539 1568,1540 1570,1540 1570,1541 1571,1541 1571,1562 1611,1562 1611,1563 1648,1563 1648,1564 1650,1564 1650,1565 1652,1565 1652,1566 1653,1566 1653,1567 1654,1567 1654,1568 1656,1568 1656,1570 1657,1570 1657,1572 1656,1572 1656,1573 1655,1573 1655,1574 1651,1574 1651,1591 1650,1591 1650,1593 1649,1593 1649,1594 1647,1594 1647,1595 1645,1595 1645,1596 1641,1596 1641,1595 1640,1595 1640,1591 1524,1591 1524,1595 1523,1595 1523,1601 1522,1601 1522,1605 1521,1605 1521,1606 1520,1606 1520,1607 1519,1607 1519,1606 1517,1606 1517,1605 1516,1605 1516,1604 1448,1604 1448,1603 1446,1603 1446,1597 1447,1597 1447,1595 1448,1595 1448,1593 1449,1593 1449,1589 1450,1589 1450,1586 1451,1586 1451,1584 1452,1584 1452,1581 1453,1581 1453,1576 1454,1576 1454,1573 1455,1573 1455,1570 1456,1570 1456,1567 1457,1567 1457,1564 1458,1564 1458,1563 1459,1563 1459,1562 1492,1562 1492,1561 1558,1561 1558,1555 1559,1555 1559,1553 1560,1553 1560,1550 1561,1550 1561,1548 1562,1548 1562,1546 1563,1546 1563,1543 1564,1543 1564,1541 1565,1541 1565,1540 1567,1540 1567,1539"/>
	<TextEquiv>
	<Unicode>μυρίους</Unicode></TextEquiv></Word>
	<TextEquiv>
	<Unicode>καὶ σύμπαντες οἵδε ἐγένοντο ἀμφὶ τοὺς μυρίους</Unicode></TextEquiv></TextLine>
	<TextLine id="r24">
	<Coords points="1121,1607 1121,1609 1122,1609 1122,1610 1123,1610 1123,1611 1124,1611 1124,1612 1251,1612 1251,1610 1252,1610 1252,1608 1258,1608 1258,1609 1290,1609 1290,1610 1292,1610 1292,1611 1294,1611 1294,1612 1295,1612 1295,1613 1296,1613 1296,1614 1297,1614 1297,1615 1298,1615 1298,1616 1299,1616 1299,1619 1300,1619 1300,1630 1427,1630 1427,1629 1432,1629 1432,1628 1433,1628 1433,1622 1434,1622 1434,1615 1435,1615 1435,1614 1437,1614 1437,1613 1439,1613 1439,1614 1441,1614 1441,1616 1489,1616 1489,1617 1493,1617 1493,1618 1497,1618 1497,1619 1498,1619 1498,1620 1499,1620 1499,1621 1500,1621 1500,1622 1502,1622 1502,1624 1604,1624 1604,1610 1605,1610 1605,1609 1608,1609 1608,1610 1609,1610 1609,1612 1610,1612 1610,1614 1611,1614 1611,1617 1612,1617 1612,1620 1613,1620 1613,1622 1614,1622 1614,1626 1615,1626 1615,1632 1618,1632 1618,1633 1653,1633 1653,1634 1655,1634 1655,1636 1656,1636 1656,1639 1655,1639 1655,1642 1654,1642 1654,1645 1653,1645 1653,1646 1652,1646 1652,1647 1651,1647 1651,1649 1650,1649 1650,1650 1649,1650 1649,1651 1648,1651 1648,1652 1647,1652 1647,1653 1645,1653 1645,1654 1644,1654 1644,1655 1643,1655 1643,1656 1642,1656 1642,1657 1641,1657 1641,1658 1638,1658 1638,1659 1636,1659 1636,1660 1633,1660 1633,1661 1617,1661 1617,1662 1616,1662 1616,1666 1615,1666 1615,1669 1614,1669 1614,1671 1612,1671 1612,1672 1611,1672 1611,1671 1609,1671 1609,1659 1562,1659 1562,1658 1430,1658 1430,1661 1429,1661 1429,1668 1428,1668 1428,1670 1427,1670 1427,1672 1426,1672 1426,1673 1424,1673 1424,1671 1423,1671 1423,1662 1263,1662 1263,1667 1261,1667 1261,1668 1259,1668 1259,1667 1258,1667 1258,1658 1181,1658 1181,1657 1053,1657 1053,1658 978,1658 978,1659 977,1659 977,1660 976,1660 976,1661 975,1661 975,1662 972,1662 972,1663 968,1663 968,1659 859,1659 859,1660 858,1660 858,1661 857,1661 857,1663 856,1663 856,1664 855,1664 855,1665 854,1665 854,1666 851,1666 851,1667 850,1667 850,1666 848,1666 848,1663 829,1663 829,1662 828,1662 828,1660 675,1660 675,1670 674,1670 674,1671 673,1671 673,1673 672,1673 672,1674 671,1674 671,1675 669,1675 669,1676 667,1676 667,1677 638,1677 638,1676 637,1676 637,1661 451,1661 451,1662 384,1662 384,1661 259,1661 259,1662 240,1662 240,1661 239,1661 239,1658 240,1658 240,1655 241,1655 241,1652 242,1652 242,1648 243,1648 243,1645 244,1645 244,1643 245,1643 245,1638 246,1638 246,1636 248,1636 248,1635 264,1635 264,1634 311,1634 311,1613 312,1613 312,1612 316,1612 316,1614 317,1614 317,1616 318,1616 318,1618 319,1618 319,1621 320,1621 320,1623 321,1623 321,1626 322,1626 322,1628 323,1628 323,1634 435,1634 435,1633 588,1633 588,1632 673,1632 673,1631 697,1631 697,1620 698,1620 698,1619 699,1619 699,1618 747,1618 747,1617 748,1617 748,1615 749,1615 749,1613 750,1613 750,1612 751,1612 751,1611 755,1611 755,1632 815,1632 815,1633 919,1633 919,1632 920,1632 920,1631 924,1631 924,1630 940,1630 940,1616 941,1616 941,1614 942,1614 942,1613 943,1613 943,1612 944,1612 944,1611 945,1611 945,1610 948,1610 948,1609 1054,1609 1054,1608 1057,1608 1057,1607"/>
	<Word id="r175">
	<Coords points="316,1612 316,1614 317,1614 317,1616 318,1616 318,1618 319,1618 319,1621 320,1621 320,1623 321,1623 321,1626 322,1626 322,1628 323,1628 323,1649 326,1649 326,1650 327,1650 327,1653 326,1653 326,1655 325,1655 325,1656 324,1656 324,1657 323,1657 323,1658 322,1658 322,1660 321,1660 321,1661 259,1661 259,1662 240,1662 240,1661 239,1661 239,1658 240,1658 240,1655 241,1655 241,1652 242,1652 242,1648 243,1648 243,1645 244,1645 244,1643 245,1643 245,1638 246,1638 246,1636 248,1636 248,1635 264,1635 264,1634 311,1634 311,1613 312,1613 312,1612"/>
	<TextEquiv>
	<Unicode>καὶ</Unicode></TextEquiv></Word>
	<Word id="r176">
	<Coords points="755,1611 755,1632 815,1632 815,1633 836,1633 836,1634 838,1634 838,1635 840,1635 840,1636 841,1636 841,1638 842,1638 842,1649 855,1649 855,1650 857,1650 857,1651 858,1651 858,1653 859,1653 859,1660 858,1660 858,1661 857,1661 857,1663 856,1663 856,1664 855,1664 855,1665 854,1665 854,1666 851,1666 851,1667 850,1667 850,1666 848,1666 848,1663 829,1663 829,1662 828,1662 828,1660 675,1660 675,1670 674,1670 674,1671 673,1671 673,1673 672,1673 672,1674 671,1674 671,1675 669,1675 669,1676 667,1676 667,1677 638,1677 638,1676 637,1676 637,1661 451,1661 451,1662 384,1662 384,1661 383,1661 383,1660 382,1660 382,1647 377,1647 377,1645 376,1645 376,1639 377,1639 377,1637 378,1637 378,1636 379,1636 379,1635 381,1635 381,1634 435,1634 435,1633 588,1633 588,1632 673,1632 673,1631 697,1631 697,1620 698,1620 698,1619 699,1619 699,1618 747,1618 747,1617 748,1617 748,1615 749,1615 749,1613 750,1613 750,1612 751,1612 751,1611"/>
	<TextEquiv>
	<Unicode>πεντακισχιλίους,</Unicode></TextEquiv></Word>
	<Word id="r177">
	<Coords points="952,1609 952,1610 954,1610 954,1611 956,1611 956,1612 957,1612 957,1613 958,1613 958,1614 959,1614 959,1616 960,1616 960,1631 976,1631 976,1632 978,1632 978,1633 980,1633 980,1634 981,1634 981,1635 982,1635 982,1636 983,1636 983,1640 982,1640 982,1641 979,1641 979,1655 978,1655 978,1659 977,1659 977,1660 976,1660 976,1661 975,1661 975,1662 972,1662 972,1663 968,1663 968,1659 947,1659 947,1658 919,1658 919,1657 917,1657 917,1656 915,1656 915,1655 914,1655 914,1654 913,1654 913,1652 912,1652 912,1650 911,1650 911,1643 912,1643 912,1640 913,1640 913,1638 914,1638 914,1637 915,1637 915,1635 916,1635 916,1634 918,1634 918,1633 919,1633 919,1632 920,1632 920,1631 924,1631 924,1630 940,1630 940,1616 941,1616 941,1614 942,1614 942,1613 943,1613 943,1612 944,1612 944,1611 945,1611 945,1610 948,1610 948,1609"/>
	<TextEquiv>
	<Unicode>οἷς</Unicode></TextEquiv></Word>
	<Word id="r178">
	<Coords points="1060,1607 1060,1608 1061,1608 1061,1609 1062,1609 1062,1639 1063,1639 1063,1645 1062,1645 1062,1650 1061,1650 1061,1652 1060,1652 1060,1653 1059,1653 1059,1654 1058,1654 1058,1655 1057,1655 1057,1656 1056,1656 1056,1657 1053,1657 1053,1658 1047,1658 1047,1657 1045,1657 1045,1656 1044,1656 1044,1655 1042,1655 1042,1654 1041,1654 1041,1653 1040,1653 1040,1651 1039,1651 1039,1644 1040,1644 1040,1640 1041,1640 1041,1638 1042,1638 1042,1636 1043,1636 1043,1635 1044,1635 1044,1634 1045,1634 1045,1633 1046,1633 1046,1632 1048,1632 1048,1631 1051,1631 1051,1611 1052,1611 1052,1609 1054,1609 1054,1608 1057,1608 1057,1607"/>
	<TextEquiv>
	<Unicode>ὁ</Unicode></TextEquiv></Word>
	<Word id="r179">
	<Coords points="1121,1607 1121,1609 1122,1609 1122,1610 1123,1610 1123,1611 1124,1611 1124,1612 1251,1612 1251,1610 1252,1610 1252,1608 1258,1608 1258,1609 1290,1609 1290,1610 1292,1610 1292,1611 1294,1611 1294,1612 1295,1612 1295,1613 1296,1613 1296,1614 1297,1614 1297,1615 1298,1615 1298,1616 1299,1616 1299,1619 1300,1619 1300,1630 1332,1630 1332,1631 1354,1631 1354,1632 1357,1632 1357,1633 1359,1633 1359,1634 1360,1634 1360,1635 1361,1635 1361,1636 1362,1636 1362,1637 1361,1637 1361,1639 1360,1639 1360,1640 1359,1640 1359,1641 1357,1641 1357,1656 1356,1656 1356,1658 1355,1658 1355,1659 1354,1659 1354,1660 1353,1660 1353,1661 1349,1661 1349,1662 1263,1662 1263,1667 1261,1667 1261,1668 1259,1668 1259,1667 1258,1667 1258,1658 1181,1658 1181,1657 1132,1657 1132,1656 1130,1656 1130,1624 1116,1624 1116,1623 1114,1623 1114,1612 1113,1612 1113,1611 1112,1611 1112,1610 1113,1610 1113,1608 1114,1608 1114,1607"/>
	<TextEquiv>
	<Unicode>Ἀννίβας</Unicode></TextEquiv></Word>
	<Word id="r180">
	<Coords points="1608,1609 1608,1610 1609,1610 1609,1612 1610,1612 1610,1614 1611,1614 1611,1617 1612,1617 1612,1620 1613,1620 1613,1622 1614,1622 1614,1626 1615,1626 1615,1632 1618,1632 1618,1633 1653,1633 1653,1634 1655,1634 1655,1636 1656,1636 1656,1639 1655,1639 1655,1642 1654,1642 1654,1645 1653,1645 1653,1646 1652,1646 1652,1647 1651,1647 1651,1649 1650,1649 1650,1650 1649,1650 1649,1651 1648,1651 1648,1652 1647,1652 1647,1653 1645,1653 1645,1654 1644,1654 1644,1655 1643,1655 1643,1656 1642,1656 1642,1657 1641,1657 1641,1658 1638,1658 1638,1659 1636,1659 1636,1660 1633,1660 1633,1661 1617,1661 1617,1662 1616,1662 1616,1666 1615,1666 1615,1669 1614,1669 1614,1671 1612,1671 1612,1672 1611,1672 1611,1671 1609,1671 1609,1659 1562,1659 1562,1658 1430,1658 1430,1661 1429,1661 1429,1668 1428,1668 1428,1670 1427,1670 1427,1672 1426,1672 1426,1673 1424,1673 1424,1671 1423,1671 1423,1656 1421,1656 1421,1655 1419,1655 1419,1654 1418,1654 1418,1653 1417,1653 1417,1652 1416,1652 1416,1651 1415,1651 1415,1649 1414,1649 1414,1645 1413,1645 1413,1642 1414,1642 1414,1638 1415,1638 1415,1637 1416,1637 1416,1635 1417,1635 1417,1634 1418,1634 1418,1633 1420,1633 1420,1632 1421,1632 1421,1631 1422,1631 1422,1630 1427,1630 1427,1629 1432,1629 1432,1628 1433,1628 1433,1622 1434,1622 1434,1615 1435,1615 1435,1614 1437,1614 1437,1613 1439,1613 1439,1614 1441,1614 1441,1616 1489,1616 1489,1617 1493,1617 1493,1618 1497,1618 1497,1619 1498,1619 1498,1620 1499,1620 1499,1621 1500,1621 1500,1622 1502,1622 1502,1624 1604,1624 1604,1610 1605,1610 1605,1609"/>
	<TextEquiv>
	<Unicode>φυλακὴν</Unicode></TextEquiv></Word>
	<TextEquiv>
	<Unicode>καὶ πεντακισχιλίους, οἷς ὁ Ἀννίβας φυλακὴν</Unicode></TextEquiv></TextLine>
	<TextLine id="r25">
	<Coords points="1433,1675 1437,1675 1437,1676 1438,1676 1438,1699 1514,1699 1514,1700 1640,1700 1640,1679 1641,1679 1641,1678 1643,1678 1643,1679 1644,1679 1644,1680 1646,1680 1646,1683 1647,1683 1647,1685 1648,1685 1648,1688 1649,1688 1649,1690 1650,1690 1650,1692 1651,1692 1651,1694 1652,1694 1652,1716 1655,1716 1655,1717 1656,1717 1656,1719 1655,1719 1655,1722 1654,1722 1654,1723 1653,1723 1653,1724 1652,1724 1652,1725 1651,1725 1651,1727 1650,1727 1650,1728 1649,1728 1649,1729 1643,1729 1643,1728 1537,1728 1537,1729 1536,1729 1536,1730 1535,1730 1535,1731 1534,1731 1534,1732 1533,1732 1533,1733 1531,1733 1531,1734 1530,1734 1530,1735 1529,1735 1529,1734 1527,1734 1527,1733 1526,1733 1526,1731 1508,1731 1508,1726 1357,1726 1357,1737 1356,1737 1356,1739 1355,1739 1355,1741 1354,1741 1354,1742 1353,1742 1353,1743 1352,1743 1352,1744 1349,1744 1349,1745 1318,1745 1318,1726 1180,1726 1180,1727 1145,1727 1145,1729 1144,1729 1144,1735 1143,1735 1143,1741 1142,1741 1142,1742 1141,1742 1141,1743 1139,1743 1139,1742 1138,1742 1138,1727 1031,1727 1031,1729 1030,1729 1030,1730 1029,1730 1029,1731 1028,1731 1028,1732 1027,1732 1027,1733 1025,1733 1025,1734 1024,1734 1024,1735 1022,1735 1022,1734 1020,1734 1020,1732 1004,1732 1004,1731 1003,1731 1003,1730 1002,1730 1002,1729 903,1729 903,1728 769,1728 769,1729 768,1729 768,1730 767,1730 767,1731 766,1731 766,1732 764,1732 764,1733 760,1733 760,1732 759,1732 759,1728 623,1728 623,1729 621,1729 621,1728 513,1728 513,1729 510,1729 510,1730 429,1730 429,1733 428,1733 428,1739 427,1739 427,1740 426,1740 426,1741 421,1741 421,1731 272,1731 272,1730 246,1730 246,1729 244,1729 244,1728 242,1728 242,1727 241,1727 241,1724 240,1724 240,1722 239,1722 239,1715 240,1715 240,1712 241,1712 241,1711 242,1711 242,1709 243,1709 243,1708 244,1708 244,1706 246,1706 246,1705 249,1705 249,1704 251,1704 251,1685 252,1685 252,1684 253,1684 253,1682 326,1682 326,1681 327,1681 327,1680 331,1680 331,1702 624,1702 624,1681 625,1681 625,1680 627,1680 627,1679 674,1679 674,1680 745,1680 745,1681 891,1681 891,1680 892,1680 892,1679 893,1679 893,1678 896,1678 896,1700 1004,1700 1004,1699 1155,1699 1155,1698 1173,1698 1173,1678 1174,1678 1174,1677 1240,1677 1240,1676 1243,1676 1243,1677 1246,1677 1246,1678 1248,1678 1248,1679 1249,1679 1249,1680 1250,1680 1250,1681 1251,1681 1251,1682 1252,1682 1252,1683 1253,1683 1253,1684 1254,1684 1254,1685 1255,1685 1255,1688 1256,1688 1256,1698 1380,1698 1380,1684 1428,1684 1428,1683 1429,1683 1429,1680 1430,1680 1430,1678 1431,1678 1431,1677 1432,1677 1432,1676 1433,1676"/>
	<Word id="r181">
	<Coords points="331,1680 331,1702 500,1702 500,1703 530,1703 530,1704 543,1704 543,1705 544,1705 544,1706 545,1706 545,1712 544,1712 544,1713 543,1713 543,1714 528,1714 528,1715 527,1715 527,1716 526,1716 526,1718 525,1718 525,1720 524,1720 524,1721 523,1721 523,1722 522,1722 522,1723 521,1723 521,1724 519,1724 519,1725 518,1725 518,1726 516,1726 516,1727 514,1727 514,1728 513,1728 513,1729 510,1729 510,1730 429,1730 429,1733 428,1733 428,1739 427,1739 427,1740 426,1740 426,1741 421,1741 421,1731 272,1731 272,1730 246,1730 246,1729 244,1729 244,1728 242,1728 242,1727 241,1727 241,1724 240,1724 240,1722 239,1722 239,1715 240,1715 240,1712 241,1712 241,1711 242,1711 242,1709 243,1709 243,1708 244,1708 244,1706 246,1706 246,1705 249,1705 249,1704 251,1704 251,1685 252,1685 252,1684 253,1684 253,1682 326,1682 326,1681 327,1681 327,1680"/>
	<TextEquiv>
	<Unicode>ἐπέστησεν·</Unicode></TextEquiv></Word>
	<Word id="r182">
	<Coords points="631,1679 631,1680 632,1680 632,1682 633,1682 633,1683 632,1683 632,1684 631,1684 631,1718 630,1718 630,1721 629,1721 629,1722 628,1722 628,1725 627,1725 627,1726 626,1726 626,1727 625,1727 625,1728 623,1728 623,1729 621,1729 621,1728 593,1728 593,1727 590,1727 590,1726 589,1726 589,1725 588,1725 588,1723 587,1723 587,1718 586,1718 586,1714 587,1714 587,1713 588,1713 588,1710 589,1710 589,1708 590,1708 590,1707 591,1707 591,1706 592,1706 592,1705 594,1705 594,1704 596,1704 596,1703 598,1703 598,1702 624,1702 624,1681 625,1681 625,1680 627,1680 627,1679"/>
	<TextEquiv>
	<Unicode>οἱ</Unicode></TextEquiv></Word>
	<Word id="r183">
	<Coords points="674,1679 674,1680 696,1680 696,1681 697,1681 697,1682 698,1682 698,1683 699,1683 699,1686 700,1686 700,1687 699,1687 699,1691 698,1691 698,1692 697,1692 697,1693 696,1693 696,1694 695,1694 695,1695 694,1695 694,1696 685,1696 685,1718 684,1718 684,1719 683,1719 683,1721 682,1721 682,1723 681,1723 681,1724 679,1724 679,1725 678,1725 678,1726 677,1726 677,1727 674,1727 674,1728 668,1728 668,1727 664,1727 664,1726 663,1726 663,1725 662,1725 662,1723 661,1723 661,1720 660,1720 660,1718 659,1718 659,1717 660,1717 660,1712 661,1712 661,1710 662,1710 662,1708 663,1708 663,1707 664,1707 664,1706 665,1706 665,1683 666,1683 666,1681 667,1681 667,1680 671,1680 671,1679"/>
	<TextEquiv>
	<Unicode>δ᾽</Unicode></TextEquiv></Word>
	<Word id="r184">
	<Coords points="745,1680 745,1681 747,1681 747,1682 748,1682 748,1684 749,1684 749,1685 750,1685 750,1701 768,1701 768,1702 771,1702 771,1703 772,1703 772,1704 773,1704 773,1705 774,1705 774,1706 775,1706 775,1710 774,1710 774,1711 770,1711 770,1728 769,1728 769,1729 768,1729 768,1730 767,1730 767,1731 766,1731 766,1732 764,1732 764,1733 760,1733 760,1732 759,1732 759,1728 734,1728 734,1727 732,1727 732,1726 731,1726 731,1725 730,1725 730,1724 729,1724 729,1723 728,1723 728,1719 727,1719 727,1714 728,1714 728,1711 729,1711 729,1709 730,1709 730,1708 731,1708 731,1707 732,1707 732,1705 734,1705 734,1704 735,1704 735,1703 737,1703 737,1702 739,1702 739,1683 740,1683 740,1682 741,1682 741,1681 742,1681 742,1680"/>
	<TextEquiv>
	<Unicode>ἐς</Unicode></TextEquiv></Word>
	<Word id="r185">
	<Coords points="896,1678 896,1700 1004,1700 1004,1699 1008,1699 1008,1700 1013,1700 1013,1701 1015,1701 1015,1703 1017,1703 1017,1706 1018,1706 1018,1717 1029,1717 1029,1718 1030,1718 1030,1719 1031,1719 1031,1721 1032,1721 1032,1727 1031,1727 1031,1729 1030,1729 1030,1730 1029,1730 1029,1731 1028,1731 1028,1732 1027,1732 1027,1733 1025,1733 1025,1734 1024,1734 1024,1735 1022,1735 1022,1734 1020,1734 1020,1732 1004,1732 1004,1731 1003,1731 1003,1730 1002,1730 1002,1729 903,1729 903,1728 815,1728 815,1727 814,1727 814,1726 813,1726 814,1726 814,1682 828,1682 828,1681 891,1681 891,1680 892,1680 892,1679 893,1679 893,1678"/>
	<TextEquiv>
	<Unicode>Κάννας,</Unicode></TextEquiv></Word>
	<Word id="r186">
	<Coords points="1178,1677 1178,1679 1179,1679 1179,1681 1180,1681 1180,1683 1181,1683 1181,1686 1182,1686 1182,1688 1183,1688 1183,1690 1184,1690 1184,1692 1185,1692 1185,1714 1188,1714 1188,1715 1189,1715 1189,1717 1188,1717 1188,1719 1187,1719 1187,1721 1186,1721 1186,1722 1185,1722 1185,1723 1184,1723 1184,1724 1183,1724 1183,1725 1181,1725 1181,1726 1180,1726 1180,1727 1145,1727 1145,1729 1144,1729 1144,1735 1143,1735 1143,1741 1142,1741 1142,1742 1141,1742 1141,1743 1139,1743 1139,1742 1138,1742 1138,1727 1077,1727 1077,1726 1076,1726 1076,1712 1072,1712 1072,1711 1070,1711 1070,1704 1071,1704 1071,1702 1072,1702 1072,1701 1073,1701 1073,1700 1075,1700 1075,1699 1155,1699 1155,1698 1173,1698 1173,1678 1174,1678 1174,1677"/>
	<TextEquiv>
	<Unicode>περὶ</Unicode></TextEquiv></Word>
	<Word id="r187">
	<Coords points="1433,1675 1437,1675 1437,1676 1438,1676 1438,1699 1514,1699 1514,1700 1517,1700 1517,1701 1519,1701 1519,1702 1521,1702 1521,1703 1522,1703 1522,1704 1523,1704 1523,1706 1524,1706 1524,1717 1535,1717 1535,1718 1536,1718 1536,1719 1537,1719 1537,1720 1538,1720 1538,1723 1539,1723 1538,1723 1538,1726 1537,1726 1537,1729 1536,1729 1536,1730 1535,1730 1535,1731 1534,1731 1534,1732 1533,1732 1533,1733 1531,1733 1531,1734 1530,1734 1530,1735 1529,1735 1529,1734 1527,1734 1527,1733 1526,1733 1526,1731 1508,1731 1508,1726 1357,1726 1357,1737 1356,1737 1356,1739 1355,1739 1355,1741 1354,1741 1354,1742 1353,1742 1353,1743 1352,1743 1352,1744 1349,1744 1349,1745 1318,1745 1318,1726 1239,1726 1239,1725 1236,1725 1236,1724 1234,1724 1234,1722 1233,1722 1233,1721 1232,1721 1232,1719 1230,1719 1230,1710 1231,1710 1231,1708 1232,1708 1232,1706 1233,1706 1233,1704 1234,1704 1234,1703 1235,1703 1235,1680 1236,1680 1236,1678 1237,1678 1237,1677 1240,1677 1240,1676 1243,1676 1243,1677 1246,1677 1246,1678 1248,1678 1248,1679 1249,1679 1249,1680 1250,1680 1250,1681 1251,1681 1251,1682 1252,1682 1252,1683 1253,1683 1253,1684 1254,1684 1254,1685 1255,1685 1255,1688 1256,1688 1256,1698 1380,1698 1380,1684 1428,1684 1428,1683 1429,1683 1429,1680 1430,1680 1430,1678 1431,1678 1431,1677 1432,1677 1432,1676 1433,1676"/>
	<TextEquiv>
	<Unicode>δισχιλίους,</Unicode></TextEquiv></Word>
	<Word id="r189">
	<Coords points="1643,1678 1643,1679 1644,1679 1644,1680 1646,1680 1646,1683 1647,1683 1647,1685 1648,1685 1648,1688 1649,1688 1649,1690 1650,1690 1650,1692 1651,1692 1651,1694 1652,1694 1652,1716 1655,1716 1655,1717 1656,1717 1656,1719 1655,1719 1655,1722 1654,1722 1654,1723 1653,1723 1653,1724 1652,1724 1652,1725 1651,1725 1651,1727 1650,1727 1650,1728 1649,1728 1649,1729 1643,1729 1643,1728 1569,1728 1569,1727 1568,1727 1568,1724 1569,1724 1569,1722 1570,1722 1570,1720 1571,1720 1571,1716 1572,1716 1572,1713 1573,1713 1573,1710 1574,1710 1574,1708 1575,1708 1575,1706 1576,1706 1576,1702 1578,1702 1578,1701 1594,1701 1594,1700 1640,1700 1640,1679 1641,1679 1641,1678"/>
	<TextEquiv>
	<Unicode>καὶ</Unicode></TextEquiv></Word>
	<TextEquiv>
	<Unicode>ἐπέστησεν· οἱ δ᾽ ἐς Κάννας, περὶ δισχιλίους, καὶ</Unicode></TextEquiv></TextLine>
	<TextLine id="r44">
	<Coords points="1184,1745 1186,1745 1186,1746 1187,1746 1187,1753 1194,1753 1194,1754 1196,1754 1196,1755 1198,1755 1198,1756 1199,1756 1199,1757 1201,1757 1201,1758 1202,1758 1202,1760 1203,1760 1203,1762 1204,1762 1204,1763 1205,1763 1205,1765 1206,1765 1206,1766 1236,1766 1236,1767 1371,1767 1371,1757 1372,1757 1372,1753 1373,1753 1373,1752 1374,1752 1374,1750 1376,1750 1376,1749 1378,1749 1378,1748 1416,1748 1416,1746 1417,1746 1417,1745 1424,1745 1424,1746 1425,1746 1425,1748 1554,1748 1554,1747 1555,1747 1555,1746 1559,1746 1559,1748 1560,1748 1560,1749 1593,1749 1593,1750 1594,1750 1594,1751 1596,1751 1596,1752 1598,1752 1598,1754 1599,1754 1599,1756 1600,1756 1600,1758 1601,1758 1601,1770 1633,1770 1633,1786 1635,1786 1635,1787 1649,1787 1649,1788 1651,1788 1651,1789 1652,1789 1652,1791 1653,1791 1652,1791 1652,1794 1651,1794 1651,1796 1649,1796 1649,1797 1624,1797 1624,1812 1623,1812 1623,1814 1622,1814 1622,1815 1621,1815 1621,1816 1615,1816 1615,1815 1614,1815 1614,1814 1613,1814 1613,1812 1612,1812 1612,1807 1559,1807 1559,1797 1512,1797 1512,1796 1484,1796 1484,1795 1371,1795 1371,1807 1370,1807 1370,1808 1369,1808 1369,1809 1361,1809 1361,1808 1358,1808 1358,1807 1357,1807 1357,1795 1164,1795 1164,1807 1163,1807 1163,1809 1162,1809 1162,1810 1161,1810 1161,1812 1159,1812 1159,1813 1157,1813 1157,1814 1154,1814 1154,1813 1128,1813 1128,1795 911,1795 911,1796 908,1796 908,1797 904,1797 904,1796 773,1796 773,1797 772,1797 772,1798 771,1798 771,1799 770,1799 770,1800 769,1800 769,1801 763,1801 763,1797 619,1797 619,1798 365,1798 365,1799 323,1799 323,1800 322,1800 322,1804 321,1804 321,1811 320,1811 320,1813 318,1813 318,1814 318,1813 317,1813 317,1812 316,1812 316,1799 245,1799 245,1785 241,1785 241,1784 240,1784 240,1783 239,1783 239,1776 240,1776 240,1774 242,1774 242,1773 294,1773 294,1772 334,1772 334,1771 361,1771 361,1764 362,1764 362,1763 363,1763 363,1760 364,1760 364,1757 365,1757 365,1755 366,1755 366,1752 367,1752 367,1750 368,1750 368,1749 371,1749 371,1750 388,1750 388,1751 391,1751 391,1752 393,1752 393,1753 394,1753 394,1754 395,1754 395,1755 396,1755 396,1756 397,1756 397,1757 399,1757 399,1758 400,1758 400,1760 401,1760 401,1771 578,1771 578,1753 579,1753 579,1751 580,1751 580,1750 582,1750 582,1749 588,1749 588,1750 589,1750 589,1751 590,1751 590,1769 736,1769 736,1747 739,1747 739,1748 740,1748 740,1750 741,1750 741,1751 742,1751 742,1753 844,1753 844,1751 845,1751 845,1750 846,1750 846,1749 848,1749 848,1748 877,1748 877,1749 880,1749 880,1750 882,1750 882,1752 884,1752 884,1753 885,1753 885,1754 886,1754 886,1755 887,1755 887,1757 888,1757 888,1758 990,1758 990,1749 991,1749 991,1748 992,1748 992,1746 1048,1746 1048,1745 1052,1745 1052,1746 1054,1746 1054,1747 1056,1747 1056,1748 1058,1748 1058,1749 1059,1749 1059,1750 1060,1750 1060,1751 1061,1751 1061,1752 1062,1752 1062,1753 1063,1753 1063,1755 1064,1755 1064,1756 1065,1756 1065,1767 1174,1767 1174,1761 1175,1761 1175,1758 1176,1758 1176,1756 1177,1756 1177,1754 1178,1754 1178,1752 1179,1752 1179,1748 1180,1748 1180,1746 1181,1746 1181,1745 1184,1745 1184,1744"/>
	<Word id="r286">
	<Coords points="371,1749 371,1750 388,1750 388,1751 391,1751 391,1752 393,1752 393,1753 394,1753 394,1754 395,1754 395,1755 396,1755 396,1756 397,1756 397,1757 399,1757 399,1758 400,1758 400,1760 401,1760 401,1771 540,1771 540,1772 542,1772 542,1779 541,1779 541,1781 540,1781 540,1783 539,1783 539,1785 538,1785 538,1786 537,1786 537,1787 536,1787 536,1788 535,1788 535,1790 534,1790 534,1791 533,1791 533,1792 531,1792 531,1793 529,1793 529,1794 527,1794 527,1796 525,1796 525,1797 523,1797 523,1798 365,1798 365,1799 323,1799 323,1800 322,1800 322,1804 321,1804 321,1811 320,1811 320,1813 318,1813 318,1814 318,1813 317,1813 317,1812 316,1812 316,1799 245,1799 245,1785 241,1785 241,1784 240,1784 240,1783 239,1783 239,1776 240,1776 240,1774 242,1774 242,1773 294,1773 294,1772 334,1772 334,1771 361,1771 361,1764 362,1764 362,1763 363,1763 363,1760 364,1760 364,1757 365,1757 365,1755 366,1755 366,1752 367,1752 367,1750 368,1750 368,1749"/>
	<TextEquiv>
	<Unicode>παρέδωκαν</Unicode></TextEquiv></Word>
	<Word id="r287">
	<Coords points="739,1747 739,1748 740,1748 740,1750 741,1750 741,1751 742,1751 742,1754 743,1754 743,1757 744,1757 744,1759 745,1759 745,1769 772,1769 772,1770 773,1770 773,1771 775,1771 775,1772 777,1772 777,1773 778,1773 778,1775 779,1775 779,1778 778,1778 778,1779 777,1779 777,1780 774,1780 774,1796 773,1796 773,1797 772,1797 772,1798 771,1798 771,1799 770,1799 770,1800 769,1800 769,1801 763,1801 763,1797 619,1797 619,1798 578,1798 578,1797 576,1797 576,1796 574,1796 574,1795 572,1795 572,1794 571,1794 571,1792 570,1792 570,1789 569,1789 569,1784 570,1784 570,1781 571,1781 571,1779 572,1779 572,1778 573,1778 573,1776 574,1776 574,1775 575,1775 575,1774 576,1774 576,1773 578,1773 578,1753 579,1753 579,1751 580,1751 580,1750 582,1750 582,1749 588,1749 588,1750 589,1750 589,1751 590,1751 590,1769 736,1769 736,1747"/>
	<TextEquiv>
	<Unicode>ἑαυτοὺς</Unicode></TextEquiv></Word>
	<Word id="r288">
	<Coords points="877,1748 877,1749 880,1749 880,1750 882,1750 882,1752 884,1752 884,1753 885,1753 885,1754 886,1754 886,1755 887,1755 887,1757 888,1757 888,1758 889,1758 889,1768 911,1768 911,1769 914,1769 914,1770 915,1770 915,1772 916,1772 916,1773 915,1773 915,1774 914,1774 914,1775 913,1775 913,1794 912,1794 912,1795 911,1795 911,1796 908,1796 908,1797 904,1797 904,1796 818,1796 818,1795 815,1795 815,1794 814,1794 814,1793 813,1793 813,1792 812,1792 812,1790 811,1790 811,1780 812,1780 812,1778 813,1778 813,1776 814,1776 814,1774 816,1774 816,1773 817,1773 817,1772 818,1772 818,1771 819,1771 819,1770 822,1770 822,1769 843,1769 843,1753 844,1753 844,1751 845,1751 845,1750 846,1750 846,1749 848,1749 848,1748"/>
	<TextEquiv>
	<Unicode>οἵδε</Unicode></TextEquiv></Word>
	<Word id="r289">
	<Coords points="999,1746 999,1747 1001,1747 1001,1751 1000,1751 1000,1752 998,1752 998,1786 997,1786 997,1788 996,1788 996,1790 995,1790 995,1792 994,1792 994,1793 993,1793 993,1794 991,1794 991,1795 962,1795 962,1794 958,1794 958,1793 957,1793 957,1792 956,1792 956,1791 955,1791 955,1789 954,1789 954,1786 953,1786 953,1781 954,1781 954,1778 955,1778 955,1776 956,1776 956,1774 957,1774 957,1773 958,1773 958,1772 959,1772 959,1771 961,1771 961,1770 962,1770 962,1769 966,1769 966,1768 990,1768 990,1749 991,1749 991,1748 992,1748 992,1746"/>
	<TextEquiv>
	<Unicode>οἱ</Unicode></TextEquiv></Word>
	<Word id="r290">
	<Coords points="1184,1745 1186,1745 1186,1746 1187,1746 1187,1753 1194,1753 1194,1754 1196,1754 1196,1755 1198,1755 1198,1756 1199,1756 1199,1757 1201,1757 1201,1758 1202,1758 1202,1760 1203,1760 1203,1762 1204,1762 1204,1763 1205,1763 1205,1765 1206,1765 1206,1766 1236,1766 1236,1767 1289,1767 1289,1783 1293,1783 1293,1785 1292,1785 1292,1788 1291,1788 1291,1790 1290,1790 1290,1791 1289,1791 1289,1792 1288,1792 1288,1793 1286,1793 1286,1794 1261,1794 1261,1795 1164,1795 1164,1807 1163,1807 1163,1809 1162,1809 1162,1810 1161,1810 1161,1812 1159,1812 1159,1813 1157,1813 1157,1814 1154,1814 1154,1813 1128,1813 1128,1795 1075,1795 1075,1794 1045,1794 1045,1793 1043,1793 1043,1792 1042,1792 1042,1791 1041,1791 1041,1789 1040,1789 1040,1786 1039,1786 1039,1778 1040,1778 1040,1777 1041,1777 1041,1775 1042,1775 1042,1774 1043,1774 1043,1750 1044,1750 1044,1748 1045,1748 1045,1747 1046,1747 1046,1746 1048,1746 1048,1745 1052,1745 1052,1746 1054,1746 1054,1747 1056,1747 1056,1748 1058,1748 1058,1749 1059,1749 1059,1750 1060,1750 1060,1751 1061,1751 1061,1752 1062,1752 1062,1753 1063,1753 1063,1755 1064,1755 1064,1756 1065,1756 1065,1767 1174,1767 1174,1761 1175,1761 1175,1758 1176,1758 1176,1756 1177,1756 1177,1754 1178,1754 1178,1752 1179,1752 1179,1748 1180,1748 1180,1746 1181,1746 1181,1745 1184,1745 1184,1744"/>
	<TextEquiv>
	<Unicode>δισχίλιοι</Unicode></TextEquiv></Word>
	<Word id="r291">
	<Coords points="1383,1748 1383,1749 1385,1749 1385,1750 1387,1750 1387,1751 1388,1751 1388,1753 1389,1753 1389,1754 1390,1754 1390,1781 1389,1781 1389,1785 1388,1785 1388,1787 1387,1787 1387,1788 1386,1788 1386,1789 1385,1789 1385,1790 1384,1790 1384,1791 1383,1791 1383,1792 1381,1792 1381,1793 1379,1793 1379,1794 1371,1794 1371,1807 1370,1807 1370,1808 1369,1808 1369,1809 1361,1809 1361,1808 1358,1808 1358,1807 1357,1807 1357,1795 1330,1795 1330,1794 1329,1794 1329,1793 1328,1793 1328,1777 1321,1777 1321,1776 1320,1776 1320,1771 1321,1771 1321,1770 1322,1770 1322,1769 1323,1769 1323,1768 1325,1768 1325,1767 1371,1767 1371,1757 1372,1757 1372,1753 1373,1753 1373,1752 1374,1752 1374,1750 1376,1750 1376,1749 1378,1749 1378,1748"/>
	<TextEquiv>
	<Unicode>τῷ</Unicode></TextEquiv></Word>
	<Word id="r292">
	<Coords points="1417,1745 1424,1745 1424,1746 1425,1746 1425,1748 1554,1748 1554,1747 1555,1747 1555,1746 1559,1746 1559,1748 1560,1748 1560,1749 1593,1749 1593,1750 1594,1750 1594,1751 1596,1751 1596,1752 1598,1752 1598,1754 1599,1754 1599,1756 1600,1756 1600,1758 1601,1758 1601,1770 1633,1770 1633,1786 1635,1786 1635,1787 1649,1787 1649,1788 1651,1788 1651,1789 1652,1789 1652,1791 1653,1791 1652,1791 1652,1794 1651,1794 1651,1796 1649,1796 1649,1797 1624,1797 1624,1812 1623,1812 1623,1814 1622,1814 1622,1815 1621,1815 1621,1816 1615,1816 1615,1815 1614,1815 1614,1814 1613,1814 1613,1812 1612,1812 1612,1807 1559,1807 1559,1797 1512,1797 1512,1796 1484,1796 1484,1795 1440,1795 1440,1794 1430,1794 1430,1762 1418,1762 1418,1761 1417,1761 1417,1750 1416,1750 1416,1749 1415,1749 1415,1748 1416,1748 1416,1746 1417,1746"/>
	<TextEquiv>
	<Unicode>Ἀννίβᾳ.</Unicode></TextEquiv></Word>
	<TextEquiv>
	<Unicode>παρέδωκαν ἑαυτοὺς οἵδε οἱ δισχίλιοι τῷ Ἀννίβᾳ.</Unicode></TextEquiv></TextLine>
	<TextLine id="r28">
	<Coords points="1338,1813 1341,1813 1341,1814 1440,1814 1440,1815 1441,1815 1441,1822 1480,1822 1480,1823 1484,1823 1484,1824 1486,1824 1486,1825 1487,1825 1487,1826 1488,1826 1488,1827 1489,1827 1489,1828 1490,1828 1490,1829 1491,1829 1491,1831 1492,1831 1492,1833 1493,1833 1493,1834 1494,1834 1494,1837 1639,1837 1639,1816 1643,1816 1643,1818 1644,1818 1644,1820 1645,1820 1645,1822 1646,1822 1646,1823 1647,1823 1647,1826 1648,1826 1648,1829 1649,1829 1649,1831 1650,1831 1650,1853 1653,1853 1653,1854 1654,1854 1654,1857 1653,1857 1653,1859 1652,1859 1652,1860 1651,1860 1651,1861 1650,1861 1650,1863 1649,1863 1649,1865 1646,1865 1646,1866 1643,1866 1643,1865 1571,1865 1571,1864 1503,1864 1503,1863 1228,1863 1228,1864 1227,1864 1227,1866 1226,1866 1226,1867 1225,1867 1225,1869 1223,1869 1223,1871 1217,1871 1217,1870 1216,1870 1216,1864 1049,1864 1049,1871 1048,1871 1048,1876 1047,1876 1047,1879 1045,1879 1045,1880 1044,1880 1044,1879 1043,1879 1043,1865 999,1865 999,1864 874,1864 874,1865 871,1865 871,1866 580,1866 580,1867 579,1867 579,1868 578,1868 578,1869 577,1869 577,1870 576,1870 576,1871 570,1871 570,1870 569,1870 569,1866 399,1866 399,1867 346,1867 346,1871 345,1871 345,1876 344,1876 344,1878 343,1878 343,1880 341,1880 341,1881 338,1881 338,1880 337,1880 337,1868 309,1868 309,1867 246,1867 246,1866 244,1866 244,1865 243,1865 243,1864 242,1864 242,1863 241,1863 241,1862 240,1862 240,1860 239,1860 239,1852 240,1852 240,1849 241,1849 241,1847 242,1847 242,1846 243,1846 243,1845 244,1845 244,1844 245,1844 245,1843 246,1843 246,1842 247,1842 247,1841 249,1841 249,1821 250,1821 250,1819 252,1819 252,1818 323,1818 323,1819 324,1819 324,1821 325,1821 325,1840 458,1840 458,1822 459,1822 459,1820 460,1820 460,1819 462,1819 462,1818 488,1818 488,1819 552,1819 552,1820 655,1820 655,1819 767,1819 767,1818 768,1818 768,1817 769,1817 769,1816 773,1816 773,1818 774,1818 774,1837 828,1837 828,1838 943,1838 943,1821 944,1821 944,1818 945,1818 945,1816 947,1816 947,1815 949,1815 949,1814 1029,1814 1029,1815 1031,1815 1031,1816 1032,1816 1032,1817 1034,1817 1034,1818 1035,1818 1035,1819 1036,1819 1036,1820 1037,1820 1037,1821 1038,1821 1038,1822 1039,1822 1039,1824 1041,1824 1041,1827 1042,1827 1042,1836 1062,1836 1062,1837 1276,1837 1276,1836 1336,1836 1336,1816 1337,1816 1337,1814 1338,1814"/>
	<Word id="r190">
	<Coords points="323,1818 323,1819 324,1819 324,1821 325,1821 325,1840 404,1840 404,1841 405,1841 405,1856 408,1856 408,1860 407,1860 407,1861 406,1861 406,1862 405,1862 405,1863 404,1863 404,1864 403,1864 403,1865 402,1865 402,1866 399,1866 399,1867 346,1867 346,1871 345,1871 345,1876 344,1876 344,1878 343,1878 343,1880 341,1880 341,1881 338,1881 338,1880 337,1880 337,1868 309,1868 309,1867 246,1867 246,1866 244,1866 244,1865 243,1865 243,1864 242,1864 242,1863 241,1863 241,1862 240,1862 240,1860 239,1860 239,1852 240,1852 240,1849 241,1849 241,1847 242,1847 242,1846 243,1846 243,1845 244,1845 244,1844 245,1844 245,1843 246,1843 246,1842 247,1842 247,1841 249,1841 249,1821 250,1821 250,1819 252,1819 252,1818"/>
	<TextEquiv>
	<Unicode>ὀλίγοι</Unicode></TextEquiv></Word>
	<Word id="r191">
	<Coords points="488,1818 488,1819 490,1819 490,1820 491,1820 491,1821 492,1821 492,1823 493,1823 493,1828 492,1828 492,1831 490,1831 490,1832 487,1832 487,1833 479,1833 479,1856 478,1856 478,1857 477,1857 477,1859 476,1859 476,1861 475,1861 475,1862 474,1862 474,1863 473,1863 473,1864 472,1864 472,1865 468,1865 468,1866 460,1866 460,1865 458,1865 458,1864 457,1864 457,1863 456,1863 456,1862 455,1862 455,1861 454,1861 454,1858 453,1858 453,1854 454,1854 454,1850 455,1850 455,1848 456,1848 456,1847 457,1847 457,1846 458,1846 458,1822 459,1822 459,1820 460,1820 460,1819 462,1819 462,1818"/>
	<TextEquiv>
	<Unicode>δ᾽</Unicode></TextEquiv></Word>
	<Word id="r192">
	<Coords points="552,1820 555,1820 555,1821 556,1821 556,1822 557,1822 557,1823 558,1823 558,1840 580,1840 580,1841 582,1841 582,1842 583,1842 583,1843 584,1843 584,1845 585,1845 585,1849 583,1849 583,1850 581,1850 581,1865 580,1865 580,1867 579,1867 579,1868 578,1868 578,1869 577,1869 577,1870 576,1870 576,1871 570,1871 570,1870 569,1870 569,1865 544,1865 544,1864 542,1864 542,1863 540,1863 540,1862 539,1862 539,1861 538,1861 538,1859 537,1859 537,1855 536,1855 537,1855 537,1849 538,1849 538,1848 539,1848 539,1846 540,1846 540,1845 541,1845 541,1844 542,1844 542,1843 543,1843 543,1842 544,1842 544,1841 547,1841 547,1840 550,1840 550,1820 552,1820 552,1819"/>
	<TextEquiv>
	<Unicode>ἐς</Unicode></TextEquiv></Word>
	<Word id="r193">
	<Coords points="773,1816 773,1818 774,1818 774,1837 828,1837 828,1838 877,1838 877,1839 892,1839 892,1840 893,1840 893,1846 892,1846 892,1848 891,1848 891,1849 890,1849 890,1851 889,1851 889,1854 888,1854 888,1855 887,1855 887,1856 885,1856 885,1857 884,1857 884,1858 883,1858 883,1860 881,1860 881,1861 880,1861 880,1862 878,1862 878,1863 876,1863 876,1864 874,1864 874,1865 871,1865 871,1866 628,1866 628,1865 627,1865 627,1820 655,1820 655,1819 767,1819 767,1818 768,1818 768,1817 769,1817 769,1816"/>
	<TextEquiv>
	<Unicode>Κανύσιον</Unicode></TextEquiv></Word>
	<Word id="r194">
	<Coords points="1029,1814 1029,1815 1031,1815 1031,1816 1032,1816 1032,1817 1034,1817 1034,1818 1035,1818 1035,1819 1036,1819 1036,1820 1037,1820 1037,1821 1038,1821 1038,1822 1039,1822 1039,1824 1041,1824 1041,1827 1042,1827 1042,1836 1062,1836 1062,1837 1212,1837 1212,1838 1213,1838 1213,1854 1223,1854 1223,1855 1226,1855 1226,1856 1227,1856 1227,1857 1228,1857 1228,1859 1229,1859 1229,1861 1228,1861 1228,1864 1227,1864 1227,1866 1226,1866 1226,1867 1225,1867 1225,1869 1223,1869 1223,1871 1217,1871 1217,1870 1216,1870 1216,1864 1049,1864 1049,1871 1048,1871 1048,1876 1047,1876 1047,1879 1045,1879 1045,1880 1044,1880 1044,1879 1043,1879 1043,1865 999,1865 999,1864 946,1864 946,1863 944,1863 944,1862 942,1862 942,1861 940,1861 940,1859 939,1859 939,1857 938,1857 938,1848 939,1848 939,1846 940,1846 940,1844 941,1844 941,1843 942,1843 942,1842 943,1842 943,1821 944,1821 944,1818 945,1818 945,1816 947,1816 947,1815 949,1815 949,1814"/>
	<TextEquiv>
	<Unicode>διέδρασαν,</Unicode></TextEquiv></Word>
	<Word id="r195">
	<Coords points="1341,1813 1341,1814 1342,1814 1342,1815 1343,1815 1343,1818 1344,1818 1344,1820 1345,1820 1345,1822 1346,1822 1346,1825 1347,1825 1347,1827 1348,1827 1348,1828 1349,1828 1349,1850 1352,1850 1352,1851 1353,1851 1353,1854 1352,1854 1352,1856 1351,1856 1351,1857 1350,1857 1350,1859 1349,1859 1349,1860 1348,1860 1348,1862 1345,1862 1345,1863 1284,1863 1284,1862 1266,1862 1266,1858 1267,1858 1267,1854 1268,1854 1268,1852 1269,1852 1269,1850 1270,1850 1270,1847 1271,1847 1271,1844 1272,1844 1272,1841 1273,1841 1273,1838 1274,1838 1274,1837 1276,1837 1276,1836 1336,1836 1336,1816 1337,1816 1337,1814 1338,1814 1338,1813"/>
	<TextEquiv>
	<Unicode>καὶ</Unicode></TextEquiv></Word>
	<Word id="r196">
	<Coords points="1440,1814 1440,1815 1441,1815 1441,1819 1439,1819 1439,1853 1438,1853 1438,1856 1437,1856 1437,1857 1436,1857 1436,1859 1435,1859 1435,1860 1434,1860 1434,1861 1433,1861 1433,1862 1431,1862 1431,1863 1401,1863 1401,1862 1399,1862 1399,1861 1398,1861 1398,1860 1397,1860 1397,1859 1396,1859 1396,1858 1395,1858 1395,1856 1394,1856 1394,1846 1395,1846 1395,1844 1396,1844 1396,1843 1397,1843 1397,1841 1398,1841 1398,1840 1399,1840 1399,1839 1400,1839 1400,1838 1402,1838 1402,1837 1403,1837 1403,1836 1406,1836 1406,1835 1431,1835 1431,1820 1432,1820 1432,1815 1434,1815 1434,1814"/>
	<TextEquiv>
	<Unicode>οἱ</Unicode></TextEquiv></Word>
	<Word id="r197">
	<Coords points="1643,1816 1643,1818 1644,1818 1644,1820 1645,1820 1645,1822 1646,1822 1646,1823 1647,1823 1647,1826 1648,1826 1648,1829 1649,1829 1649,1831 1650,1831 1650,1853 1653,1853 1653,1854 1654,1854 1654,1857 1653,1857 1653,1859 1652,1859 1652,1860 1651,1860 1651,1861 1650,1861 1650,1863 1649,1863 1649,1865 1646,1865 1646,1866 1643,1866 1643,1865 1571,1865 1571,1864 1503,1864 1503,1863 1477,1863 1477,1826 1476,1826 1476,1825 1475,1825 1475,1824 1476,1824 1476,1823 1480,1823 1480,1822 1480,1823 1484,1823 1484,1824 1486,1824 1486,1825 1487,1825 1487,1826 1488,1826 1488,1827 1489,1827 1489,1828 1490,1828 1490,1829 1491,1829 1491,1831 1492,1831 1492,1833 1493,1833 1493,1834 1494,1834 1494,1837 1639,1837 1639,1816"/>
	<TextEquiv>
	<Unicode>λοιποὶ</Unicode></TextEquiv></Word>
	<TextEquiv>
	<Unicode>ὀλίγοι δ᾽ ἐς Κανύσιον διέδρασαν, καὶ οἱ λοιποὶ</Unicode></TextEquiv></TextLine>
	<TextLine id="r29">
	<Coords points="1173,1882 1173,1883 1269,1883 1269,1884 1270,1884 1270,1890 1282,1890 1282,1891 1284,1891 1284,1892 1286,1892 1286,1893 1287,1893 1287,1894 1289,1894 1289,1896 1290,1896 1290,1897 1291,1897 1291,1898 1292,1898 1292,1900 1293,1900 1293,1903 1294,1903 1294,1904 1368,1904 1368,1905 1369,1905 1369,1906 1370,1906 1370,1907 1371,1907 1371,1908 1372,1908 1372,1910 1373,1910 1373,1922 1384,1922 1384,1923 1386,1923 1386,1924 1387,1924 1387,1926 1388,1926 1388,1930 1387,1930 1387,1931 1386,1931 1386,1932 1385,1932 1385,1933 1366,1933 1366,1934 1364,1934 1364,1935 1362,1935 1362,1936 1357,1936 1357,1932 1210,1932 1210,1934 1208,1934 1208,1935 1207,1935 1207,1936 1204,1936 1204,1937 1202,1937 1202,1936 1200,1936 1200,1933 1038,1933 1038,1934 863,1934 863,1937 862,1937 862,1940 861,1940 861,1943 860,1943 860,1946 859,1946 859,1947 855,1947 855,1946 854,1946 854,1945 853,1945 853,1935 541,1935 541,1936 540,1936 540,1937 539,1937 539,1938 538,1938 538,1939 535,1939 535,1940 467,1940 467,1943 466,1943 466,1948 465,1948 465,1950 464,1950 464,1951 399,1951 399,1950 397,1950 397,1937 319,1937 319,1936 278,1936 278,1935 240,1935 240,1930 241,1930 241,1927 242,1927 242,1925 243,1925 243,1920 244,1920 244,1918 245,1918 245,1914 246,1914 246,1912 247,1912 247,1911 248,1911 248,1910 249,1910 249,1909 263,1909 263,1908 352,1908 352,1888 353,1888 353,1887 458,1887 458,1886 460,1886 460,1887 461,1887 461,1908 587,1908 587,1889 588,1889 588,1888 589,1888 589,1887 593,1887 593,1888 594,1888 594,1889 595,1889 595,1890 596,1890 596,1892 597,1892 597,1906 705,1906 705,1888 707,1888 707,1887 708,1887 708,1886 710,1886 710,1885 759,1885 759,1886 829,1886 829,1887 831,1887 831,1888 832,1888 832,1890 833,1890 833,1893 834,1893 834,1905 901,1905 901,1906 1016,1906 1016,1885 1017,1885 1017,1884 1076,1884 1076,1883 1169,1883 1169,1882"/>
	<Word id="r198">
	<Coords points="356,1887 356,1888 357,1888 357,1890 358,1890 358,1892 359,1892 359,1896 360,1896 360,1897 361,1897 361,1899 362,1899 362,1901 363,1901 363,1904 364,1904 364,1910 369,1910 369,1925 372,1925 372,1926 373,1926 373,1927 372,1927 372,1930 371,1930 371,1931 370,1931 370,1933 369,1933 369,1934 368,1934 368,1935 366,1935 366,1936 322,1936 322,1937 319,1937 319,1936 278,1936 278,1935 240,1935 240,1930 241,1930 241,1927 242,1927 242,1925 243,1925 243,1920 244,1920 244,1918 245,1918 245,1914 246,1914 246,1912 247,1912 247,1911 248,1911 248,1910 249,1910 249,1909 263,1909 263,1908 352,1908 352,1888 353,1888 353,1887"/>
	<TextEquiv>
	<Unicode>κατὰ</Unicode></TextEquiv></Word>
	<Word id="r199">
	<Coords points="460,1886 460,1887 461,1887 461,1908 512,1908 512,1909 541,1909 541,1910 543,1910 543,1911 544,1911 544,1912 545,1912 545,1913 546,1913 546,1914 547,1914 547,1917 546,1917 546,1918 545,1918 545,1919 542,1919 542,1935 541,1935 541,1936 540,1936 540,1937 539,1937 539,1938 538,1938 538,1939 535,1939 535,1940 467,1940 467,1943 466,1943 466,1948 465,1948 465,1950 464,1950 464,1951 399,1951 399,1950 397,1950 397,1946 398,1946 398,1943 399,1943 399,1941 400,1941 400,1938 401,1938 401,1934 402,1934 402,1931 403,1931 403,1928 404,1928 404,1924 405,1924 405,1920 406,1920 406,1916 407,1916 407,1914 408,1914 408,1910 410,1910 410,1909 448,1909 448,1904 449,1904 449,1901 450,1901 450,1899 451,1899 451,1896 452,1896 452,1893 453,1893 453,1891 454,1891 454,1890 455,1890 455,1888 456,1888 456,1887 458,1887 458,1886"/>
	<TextEquiv>
	<Unicode>μέρος</Unicode></TextEquiv></Word>
	<Word id="r200">
	<Coords points="710,1885 759,1885 759,1886 829,1886 829,1887 831,1887 831,1888 832,1888 832,1890 833,1890 833,1893 834,1893 834,1905 901,1905 901,1906 970,1906 970,1907 972,1907 972,1908 973,1908 973,1914 972,1914 972,1917 971,1917 971,1919 970,1919 970,1920 969,1920 969,1922 968,1922 968,1923 967,1923 967,1924 966,1924 966,1925 965,1925 965,1926 964,1926 964,1927 963,1927 963,1928 962,1928 962,1929 961,1929 961,1930 959,1930 959,1931 957,1931 957,1932 955,1932 955,1933 951,1933 951,1934 863,1934 863,1937 862,1937 862,1940 861,1940 861,1943 860,1943 860,1946 859,1946 859,1947 855,1947 855,1946 854,1946 854,1945 853,1945 853,1935 584,1935 584,1934 581,1934 581,1933 579,1933 579,1932 578,1932 578,1931 577,1931 577,1930 576,1930 576,1929 575,1929 575,1925 574,1925 574,1920 575,1920 575,1917 576,1917 576,1916 577,1916 577,1914 578,1914 578,1913 579,1913 579,1912 580,1912 580,1911 581,1911 581,1910 582,1910 582,1909 584,1909 584,1908 587,1908 587,1889 588,1889 588,1888 589,1888 589,1887 593,1887 593,1888 594,1888 594,1889 595,1889 595,1890 596,1890 596,1892 597,1892 597,1906 705,1906 705,1888 707,1888 707,1887 708,1887 708,1886 710,1886"/>
	<TextEquiv>
	<Unicode>ἐσκεδάσθησαν</Unicode></TextEquiv></Word>
	<Word id="r203">
	<Coords points="1080,1883 1080,1884 1081,1884 1081,1886 1082,1886 1082,1887 1083,1887 1083,1890 1084,1890 1084,1892 1085,1892 1085,1894 1086,1894 1086,1896 1087,1896 1087,1900 1088,1900 1088,1906 1092,1906 1092,1907 1093,1907 1093,1921 1097,1921 1097,1925 1096,1925 1096,1926 1095,1926 1095,1928 1094,1928 1094,1930 1093,1930 1093,1931 1091,1931 1091,1932 1042,1932 1042,1933 1038,1933 1038,1934 1038,1933 1036,1933 1036,1932 1007,1932 1007,1931 1004,1931 1004,1929 1002,1929 1002,1928 1001,1928 1001,1924 1000,1924 1000,1922 1001,1922 1001,1918 1002,1918 1002,1917 1003,1917 1003,1915 1004,1915 1004,1914 1005,1914 1005,1912 1006,1912 1006,1911 1007,1911 1007,1910 1008,1910 1008,1909 1009,1909 1009,1908 1010,1908 1010,1907 1012,1907 1012,1906 1016,1906 1016,1885 1017,1885 1017,1884 1076,1884 1076,1883"/>
	<TextEquiv>
	<Unicode>ἀνὰ</Unicode></TextEquiv></Word>
	<Word id="r204">
	<Coords points="1173,1882 1173,1883 1174,1883 1174,1885 1175,1885 1175,1889 1176,1889 1176,1890 1177,1890 1177,1893 1178,1893 1178,1896 1179,1896 1179,1897 1180,1897 1180,1901 1181,1901 1181,1905 1211,1905 1211,1906 1213,1906 1213,1907 1214,1907 1214,1908 1215,1908 1215,1910 1216,1910 1216,1913 1215,1913 1215,1914 1214,1914 1214,1915 1211,1915 1211,1932 1210,1932 1210,1934 1208,1934 1208,1935 1207,1935 1207,1936 1204,1936 1204,1937 1202,1937 1202,1936 1200,1936 1200,1933 1136,1933 1136,1932 1135,1932 1135,1931 1134,1931 1134,1917 1127,1917 1127,1915 1126,1915 1126,1909 1127,1909 1127,1907 1129,1907 1129,1906 1168,1906 1168,1883 1169,1883 1169,1882"/>
	<TextEquiv>
	<Unicode>τὰς</Unicode></TextEquiv></Word>
	<Word id="r205">
	<Coords points="1269,1883 1269,1884 1270,1884 1270,1890 1282,1890 1282,1891 1284,1891 1284,1892 1286,1892 1286,1893 1287,1893 1287,1894 1289,1894 1289,1896 1290,1896 1290,1897 1291,1897 1291,1898 1292,1898 1292,1900 1293,1900 1293,1903 1294,1903 1294,1904 1368,1904 1368,1905 1369,1905 1369,1906 1370,1906 1370,1907 1371,1907 1371,1908 1372,1908 1372,1910 1373,1910 1373,1922 1384,1922 1384,1923 1386,1923 1386,1924 1387,1924 1387,1926 1388,1926 1388,1930 1387,1930 1387,1931 1386,1931 1386,1932 1385,1932 1385,1933 1366,1933 1366,1934 1364,1934 1364,1935 1362,1935 1362,1936 1357,1936 1357,1932 1252,1932 1252,1931 1249,1931 1249,1930 1248,1930 1248,1929 1247,1929 1247,1928 1246,1928 1246,1909 1245,1909 1245,1908 1244,1908 1244,1907 1245,1907 1245,1906 1246,1906 1246,1905 1250,1905 1250,1893 1251,1893 1251,1890 1252,1890 1252,1889 1253,1889 1253,1888 1254,1888 1254,1887 1265,1887 1265,1885 1266,1885 1266,1883"/>
	<TextEquiv>
	<Unicode>ὕλας.</Unicode></TextEquiv></Word>
	<TextEquiv>
	<Unicode>κατὰ μέρος ἐσκεδάσθησαν ἀνὰ τὰς ὕλας.</Unicode></TextEquiv></TextLine>
	<TextLine id="r30">
	<Coords points="1412,1948 1412,1949 1415,1949 1415,1950 1416,1950 1416,1951 1417,1951 1417,1953 1545,1953 1545,1952 1546,1952 1546,1951 1548,1951 1548,1950 1551,1950 1551,1952 1552,1952 1552,1953 1583,1953 1583,1954 1585,1954 1585,1955 1587,1955 1587,1956 1589,1956 1589,1958 1591,1958 1591,1960 1592,1960 1592,1962 1593,1962 1593,1974 1652,1974 1652,1975 1653,1975 1653,1985 1652,1985 1652,1987 1651,1987 1651,1989 1650,1989 1650,1992 1649,1992 1649,1993 1648,1993 1648,1995 1647,1995 1647,1997 1645,1997 1645,1998 1644,1998 1644,1999 1642,1999 1642,2000 1640,2000 1640,2001 1580,2001 1580,2002 1557,2002 1557,2005 1556,2005 1556,2008 1555,2008 1555,2011 1554,2011 1554,2012 1552,2012 1552,2011 1551,2011 1551,2010 1550,2010 1550,2001 1536,2001 1536,2000 1368,2000 1368,2001 1367,2001 1367,2003 1365,2003 1365,2004 1362,2004 1362,2005 1359,2005 1359,2004 1358,2004 1358,2001 1071,2001 1071,2002 979,2002 979,2003 978,2003 978,2004 977,2004 977,2005 975,2005 975,2006 952,2006 952,2008 951,2008 951,2013 950,2013 950,2014 949,2014 949,2015 947,2015 947,2016 945,2016 945,2014 944,2014 944,2002 840,2002 840,2003 837,2003 837,2004 821,2004 821,2006 820,2006 820,2010 819,2010 819,2014 818,2014 818,2015 816,2015 816,2016 814,2016 814,2015 813,2015 813,2008 746,2008 746,2007 745,2007 745,2004 311,2004 311,2003 309,2003 309,1974 310,1974 310,1970 311,1970 311,1968 312,1968 312,1966 313,1966 313,1965 314,1965 314,1964 316,1964 316,1963 318,1963 318,1962 423,1962 423,1959 424,1959 424,1958 426,1958 426,1957 456,1957 456,1958 515,1958 515,1959 518,1959 518,1960 520,1960 520,1961 521,1961 521,1963 522,1963 522,1965 523,1965 523,1974 654,1974 654,1970 655,1970 655,1968 656,1968 656,1965 657,1965 657,1962 658,1962 658,1960 659,1960 659,1958 660,1958 660,1956 661,1956 661,1954 662,1954 662,1953 666,1953 666,1954 667,1954 667,1962 677,1962 677,1963 680,1963 680,1964 681,1964 681,1965 682,1965 682,1966 683,1966 683,1967 684,1967 684,1968 685,1968 685,1969 686,1969 686,1970 687,1970 687,1973 688,1973 688,1975 805,1975 805,1959 806,1959 806,1957 807,1957 807,1956 808,1956 808,1955 811,1955 811,1954 818,1954 818,1955 820,1955 820,1956 822,1956 822,1957 823,1957 823,1959 824,1959 824,1975 936,1975 936,1965 937,1965 937,1962 938,1962 938,1960 940,1960 940,1959 942,1959 942,1958 1034,1958 1034,1956 1035,1956 1035,1955 1036,1955 1036,1954 1038,1954 1038,1953 1094,1953 1094,1952 1097,1952 1097,1954 1226,1954 1226,1953 1227,1953 1227,1951 1228,1951 1228,1950 1231,1950 1231,1952 1232,1952 1232,1973 1360,1973 1360,1972 1406,1972 1406,1950 1408,1950 1408,1949 1411,1949 1411,1948"/>
	<Word id="r206">
	<Coords points="366,1962 366,1981 367,1981 367,1984 368,1984 368,1987 369,1987 369,1996 381,1996 381,1997 382,1997 382,1998 383,1998 383,2001 382,2001 382,2003 381,2003 381,2004 311,2004 311,2003 309,2003 309,1974 310,1974 310,1970 311,1970 311,1968 312,1968 312,1966 313,1966 313,1965 314,1965 314,1964 316,1964 316,1963 318,1963 318,1962"/>
	<TextEquiv>
	<Unicode>25.</Unicode></TextEquiv></Word>
	<Word id="r207">
	<Coords points="456,1957 456,1958 515,1958 515,1959 518,1959 518,1960 520,1960 520,1961 521,1961 521,1963 522,1963 522,1965 523,1965 523,1974 575,1974 575,1975 579,1975 579,1976 581,1976 581,1977 583,1977 583,1978 584,1978 584,1979 585,1979 585,1980 586,1980 586,1981 587,1981 587,1983 588,1983 588,1987 589,1987 589,1990 588,1990 588,1993 587,1993 587,1995 586,1995 586,1997 585,1997 585,1998 584,1998 584,1999 583,1999 583,2000 581,2000 581,2001 578,2001 578,2002 544,2002 544,2003 543,2003 543,2004 433,2004 433,2003 432,2003 432,1974 424,1974 424,1973 423,1973 423,1972 422,1972 422,1965 423,1965 423,1959 424,1959 424,1958 426,1958 426,1957"/>
	<TextEquiv>
	<Unicode>Τοῦτο</Unicode></TextEquiv></Word>
	<Word id="r208">
	<Coords points="666,1953 666,1954 667,1954 667,1962 677,1962 677,1963 680,1963 680,1964 681,1964 681,1965 682,1965 682,1966 683,1966 683,1967 684,1967 684,1968 685,1968 685,1969 686,1969 686,1970 687,1970 687,1973 688,1973 688,1975 753,1975 753,1976 756,1976 756,1977 759,1977 759,1979 760,1979 760,1980 761,1980 761,1985 759,1985 759,1986 757,1986 757,2001 756,2001 756,2003 755,2003 755,2004 754,2004 754,2005 753,2005 753,2006 751,2006 751,2007 749,2007 749,2008 746,2008 746,2007 745,2007 745,2004 623,2004 623,2003 622,2003 622,1988 614,1988 614,1986 613,1986 613,1981 614,1981 614,1979 615,1979 615,1978 616,1978 616,1977 621,1977 621,1976 654,1976 654,1970 655,1970 655,1968 656,1968 656,1965 657,1965 657,1962 658,1962 658,1960 659,1960 659,1958 660,1958 660,1956 661,1956 661,1954 662,1954 662,1953"/>
	<TextEquiv>
	<Unicode>τέλος</Unicode></TextEquiv></Word>
	<Word id="r209">
	<Coords points="818,1954 818,1955 820,1955 820,1956 822,1956 822,1957 823,1957 823,1959 824,1959 824,1976 857,1976 857,1977 858,1977 858,1978 859,1978 859,1982 858,1982 858,1985 857,1985 857,1988 856,1988 856,1990 855,1990 855,1991 854,1991 854,1993 853,1993 853,1994 852,1994 852,1995 851,1995 851,1996 849,1996 849,1997 848,1997 848,1998 847,1998 847,1999 845,1999 845,2000 844,2000 844,2001 842,2001 842,2002 840,2002 840,2003 837,2003 837,2004 821,2004 821,2006 820,2006 820,2010 819,2010 819,2014 818,2014 818,2015 816,2015 816,2016 814,2016 814,2015 813,2015 813,2001 802,2001 802,2000 800,2000 800,1985 796,1985 796,1984 795,1984 796,1984 796,1981 797,1981 797,1979 798,1979 798,1978 799,1978 799,1977 800,1977 800,1976 802,1976 802,1975 805,1975 805,1959 806,1959 806,1957 807,1957 807,1956 808,1956 808,1955 811,1955 811,1954"/>
	<TextEquiv>
	<Unicode>ἦν</Unicode></TextEquiv></Word>
	<Word id="r210">
	<Coords points="951,1958 951,1959 952,1959 952,1960 953,1960 953,1961 954,1961 954,1962 955,1962 955,1965 956,1965 956,1974 977,1974 977,1975 979,1975 979,1976 981,1976 981,1977 983,1977 983,1978 984,1978 984,1979 985,1979 985,1983 984,1983 984,1984 983,1984 983,1985 981,1985 981,2000 980,2000 980,2001 979,2001 979,2003 978,2003 978,2004 977,2004 977,2005 975,2005 975,2006 952,2006 952,2008 951,2008 951,2013 950,2013 950,2014 949,2014 949,2015 947,2015 947,2016 945,2016 945,2014 944,2014 944,2002 905,2002 905,2001 904,2001 904,1985 896,1985 896,1983 895,1983 895,1979 896,1979 896,1977 898,1977 898,1976 899,1976 899,1975 936,1975 936,1965 937,1965 937,1962 938,1962 938,1960 940,1960 940,1959 942,1959 942,1958"/>
	<TextEquiv>
	<Unicode>τῆς</Unicode></TextEquiv></Word>
	<Word id="r211">
	<Coords points="1097,1952 1097,1954 1098,1954 1098,1955 1099,1955 1099,1957 1100,1957 1100,1959 1101,1959 1101,1962 1102,1962 1102,1964 1103,1964 1103,1989 1107,1989 1107,1990 1108,1990 1108,1993 1107,1993 1107,1995 1106,1995 1106,1997 1105,1997 1105,1998 1104,1998 1104,1999 1102,1999 1102,2000 1101,2000 1101,2001 1071,2001 1071,2002 1056,2002 1056,2001 1053,2001 1053,2000 1030,2000 1030,1999 1027,1999 1027,1998 1026,1998 1026,1997 1025,1997 1025,1996 1024,1996 1024,1995 1023,1995 1023,1993 1022,1993 1022,1985 1023,1985 1023,1983 1024,1983 1024,1981 1025,1981 1025,1980 1026,1980 1026,1979 1027,1979 1027,1978 1028,1978 1028,1976 1030,1976 1030,1975 1032,1975 1032,1974 1034,1974 1034,1956 1035,1956 1035,1955 1036,1955 1036,1954 1038,1954 1038,1953 1094,1953 1094,1952"/>
	<TextEquiv>
	<Unicode>ἐπὶ</Unicode></TextEquiv></Word>
	<Word id="r212">
	<Coords points="1231,1950 1231,1952 1232,1952 1232,1973 1360,1973 1360,1972 1365,1972 1365,1973 1369,1973 1369,1974 1371,1974 1371,1975 1372,1975 1372,1976 1373,1976 1373,1978 1374,1978 1374,1982 1373,1982 1373,1983 1369,1983 1369,2000 1368,2000 1368,2001 1367,2001 1367,2003 1365,2003 1365,2004 1362,2004 1362,2005 1359,2005 1359,2004 1358,2004 1358,2001 1164,2001 1164,2000 1148,2000 1148,1999 1147,1999 1147,1956 1146,1956 1147,1956 1147,1955 1186,1955 1186,1954 1226,1954 1226,1953 1227,1953 1227,1951 1228,1951 1228,1950"/>
	<TextEquiv>
	<Unicode>Κάνναις</Unicode></TextEquiv></Word>
	<Word id="r213">
	<Coords points="1412,1948 1412,1949 1415,1949 1415,1950 1416,1950 1416,1951 1417,1951 1417,1953 1545,1953 1545,1952 1546,1952 1546,1951 1548,1951 1548,1950 1551,1950 1551,1952 1552,1952 1552,1953 1583,1953 1583,1954 1585,1954 1585,1955 1587,1955 1587,1956 1589,1956 1589,1958 1591,1958 1591,1960 1592,1960 1592,1962 1593,1962 1593,1974 1652,1974 1652,1975 1653,1975 1653,1985 1652,1985 1652,1987 1651,1987 1651,1989 1650,1989 1650,1992 1649,1992 1649,1993 1648,1993 1648,1995 1647,1995 1647,1997 1645,1997 1645,1998 1644,1998 1644,1999 1642,1999 1642,2000 1640,2000 1640,2001 1580,2001 1580,2002 1557,2002 1557,2005 1556,2005 1556,2008 1555,2008 1555,2011 1554,2011 1554,2012 1552,2012 1552,2011 1551,2011 1551,2010 1550,2010 1550,2001 1536,2001 1536,2000 1427,2000 1427,1999 1423,1999 1423,1998 1422,1998 1422,1997 1421,1997 1421,1967 1411,1967 1411,1966 1408,1966 1408,1964 1407,1964 1407,1955 1406,1955 1406,1950 1408,1950 1408,1949 1411,1949 1411,1948"/>
	<TextEquiv>
	<Unicode>Ἀννίβου</Unicode></TextEquiv></Word>
	<TextEquiv>
	<Unicode>[25] Τοῦτο τέλος ἦν τῆς ἐπὶ Κάνναις Ἀννίβου</Unicode></TextEquiv></TextLine>
	<TextLine id="r31">
	<Coords points="1134,2019 1134,2020 1135,2020 1135,2041 1294,2041 1294,2020 1298,2020 1298,2021 1447,2021 1447,2019 1551,2019 1551,2020 1552,2020 1552,2042 1620,2042 1620,2044 1651,2044 1651,2045 1652,2045 1652,2046 1653,2046 1653,2050 1652,2050 1652,2052 1651,2052 1651,2055 1650,2055 1650,2057 1649,2057 1649,2058 1648,2058 1648,2059 1647,2059 1647,2060 1646,2060 1646,2062 1644,2062 1644,2063 1643,2063 1643,2064 1642,2064 1642,2065 1640,2065 1640,2066 1639,2066 1639,2067 1637,2067 1637,2068 1634,2068 1634,2069 1632,2069 1632,2070 1565,2070 1565,2077 1564,2077 1564,2082 1563,2082 1563,2083 1467,2083 1467,2084 1464,2084 1464,2083 1463,2083 1463,2082 1462,2082 1462,2069 1255,2069 1255,2071 1254,2071 1254,2074 1253,2074 1253,2079 1252,2079 1252,2082 1251,2082 1251,2083 1250,2083 1250,2084 1248,2084 1248,2083 1246,2083 1246,2082 1183,2082 1183,2081 1182,2081 1182,2079 1181,2079 1181,2074 1079,2074 1079,2077 1078,2077 1078,2081 1077,2081 1077,2082 1076,2082 1076,2083 1075,2083 1075,2084 977,2084 977,2085 976,2085 976,2086 975,2086 975,2087 974,2087 974,2086 973,2086 973,2085 972,2085 972,2079 860,2079 860,2081 859,2081 859,2083 857,2083 857,2084 832,2084 832,2085 831,2085 831,2086 830,2086 830,2087 829,2087 829,2088 827,2088 827,2089 799,2089 799,2090 796,2090 796,2089 795,2089 795,2085 721,2085 721,2084 720,2084 720,2073 672,2073 672,2072 540,2072 540,2073 539,2073 539,2075 538,2075 538,2082 537,2082 537,2085 536,2085 536,2087 535,2087 535,2088 533,2088 533,2087 531,2087 531,2072 401,2072 401,2073 397,2073 397,2074 284,2074 284,2075 246,2075 246,2074 245,2074 245,2072 244,2072 244,2058 237,2058 237,2056 236,2056 236,2054 235,2054 235,2053 236,2053 236,2051 237,2051 237,2049 238,2049 238,2048 239,2048 239,2047 240,2047 240,2046 390,2046 390,2026 391,2026 391,2025 393,2025 393,2024 432,2024 432,2023 434,2023 434,2022 436,2022 436,2021 439,2021 439,2022 441,2022 441,2024 442,2024 442,2026 475,2026 475,2027 479,2027 479,2028 481,2028 481,2029 482,2029 482,2030 483,2030 483,2031 484,2031 484,2033 485,2033 485,2035 486,2035 486,2044 619,2044 619,2040 620,2040 620,2035 621,2035 621,2033 622,2033 622,2030 623,2030 623,2029 624,2029 624,2026 625,2026 625,2025 626,2025 626,2024 627,2024 627,2025 628,2025 628,2027 629,2027 629,2044 779,2044 779,2037 780,2037 780,2034 781,2034 781,2032 782,2032 782,2030 783,2030 783,2029 784,2029 784,2027 785,2027 785,2025 786,2025 786,2024 787,2024 787,2023 790,2023 790,2024 791,2024 791,2042 832,2042 832,2043 954,2043 954,2024 955,2024 955,2023 956,2023 956,2022 1023,2022 1023,2027 1126,2027 1126,2026 1127,2026 1127,2022 1128,2022 1128,2021 1129,2021 1129,2020 1130,2020 1130,2019"/>
	<Word id="r214">
	<Coords points="290,2046 290,2047 291,2047 291,2048 292,2048 292,2050 293,2050 292,2050 292,2052 291,2052 291,2053 290,2053 290,2071 289,2071 289,2073 287,2073 287,2074 284,2074 284,2075 246,2075 246,2074 245,2074 245,2072 244,2072 244,2058 237,2058 237,2056 236,2056 236,2054 235,2054 235,2053 236,2053 236,2051 237,2051 237,2049 238,2049 238,2048 239,2048 239,2047 240,2047 240,2046"/>
	<TextEquiv>
	<Unicode>τε</Unicode></TextEquiv></Word>
	<Word id="r215">
	<Coords points="394,2024 394,2025 395,2025 395,2026 396,2026 396,2028 397,2028 397,2029 398,2029 398,2032 399,2032 399,2035 400,2035 400,2037 401,2037 401,2039 402,2039 402,2061 405,2061 405,2062 406,2062 406,2063 407,2063 407,2064 406,2064 406,2066 405,2066 405,2067 404,2067 404,2069 403,2069 403,2070 402,2070 402,2071 401,2071 401,2073 397,2073 397,2074 318,2074 318,2073 317,2073 317,2072 318,2072 318,2067 319,2067 319,2066 320,2066 320,2063 321,2063 321,2061 322,2061 322,2058 323,2058 323,2054 324,2054 324,2050 325,2050 325,2048 326,2048 326,2047 363,2047 363,2046 390,2046 390,2026 391,2026 391,2025 393,2025 393,2024"/>
	<TextEquiv>
	<Unicode>καὶ</Unicode></TextEquiv></Word>
	<Word id="r216">
	<Coords points="439,2021 439,2022 441,2022 441,2024 442,2024 442,2026 475,2026 475,2027 479,2027 479,2028 481,2028 481,2029 482,2029 482,2030 483,2030 483,2031 484,2031 484,2033 485,2033 485,2035 486,2035 486,2044 619,2044 619,2040 620,2040 620,2035 621,2035 621,2033 622,2033 622,2030 623,2030 623,2029 624,2029 624,2026 625,2026 625,2025 626,2025 626,2024 627,2024 627,2025 628,2025 628,2027 629,2027 629,2044 659,2044 659,2045 695,2045 695,2046 697,2046 697,2052 696,2052 696,2055 695,2055 695,2057 694,2057 694,2059 693,2059 693,2060 692,2060 692,2061 691,2061 691,2063 689,2063 689,2065 687,2065 687,2067 685,2067 685,2068 684,2068 684,2069 683,2069 683,2070 681,2070 681,2071 678,2071 678,2072 676,2072 676,2073 672,2073 672,2072 540,2072 540,2073 539,2073 539,2075 538,2075 538,2082 537,2082 537,2085 536,2085 536,2087 535,2087 535,2088 533,2088 533,2087 531,2087 531,2072 448,2072 448,2071 447,2071 447,2039 437,2039 437,2038 435,2038 435,2037 434,2037 434,2036 432,2036 432,2035 431,2035 431,2034 430,2034 430,2027 431,2027 431,2025 432,2025 432,2023 434,2023 434,2022 436,2022 436,2021"/>
	<TextEquiv>
	<Unicode>Ῥωμαίων</Unicode></TextEquiv></Word>
	<Word id="r217">
	<Coords points="790,2023 790,2024 791,2024 791,2042 832,2042 832,2043 885,2043 885,2044 889,2044 889,2045 891,2045 891,2046 892,2046 892,2047 893,2047 893,2048 894,2048 894,2061 906,2061 906,2062 908,2062 908,2063 909,2063 909,2065 910,2065 910,2070 909,2070 909,2072 908,2072 908,2074 907,2074 907,2075 906,2075 906,2076 905,2076 905,2077 903,2077 903,2078 902,2078 902,2079 860,2079 860,2081 859,2081 859,2083 857,2083 857,2084 832,2084 832,2085 831,2085 831,2086 830,2086 830,2087 829,2087 829,2088 827,2088 827,2089 799,2089 799,2090 796,2090 796,2089 795,2089 795,2085 721,2085 721,2084 720,2084 720,2079 721,2079 721,2076 722,2076 722,2073 723,2073 723,2070 724,2070 724,2068 725,2068 725,2064 726,2064 726,2061 727,2061 727,2058 728,2058 728,2053 729,2053 729,2048 730,2048 730,2046 731,2046 731,2045 732,2045 732,2044 779,2044 779,2037 780,2037 780,2034 781,2034 781,2032 782,2032 782,2030 783,2030 783,2029 784,2029 784,2027 785,2027 785,2025 786,2025 786,2024 787,2024 787,2023"/>
	<TextEquiv>
	<Unicode>μάχης,</Unicode></TextEquiv></Word>
	<Word id="r218">
	<Coords points="1134,2019 1134,2020 1135,2020 1135,2041 1211,2041 1211,2042 1216,2042 1216,2043 1218,2043 1218,2044 1219,2044 1219,2045 1221,2045 1221,2046 1222,2046 1222,2051 1221,2051 1221,2052 1218,2052 1218,2064 1217,2064 1217,2070 1215,2070 1215,2072 1213,2072 1213,2073 1212,2073 1212,2074 1189,2074 1189,2076 1188,2076 1188,2078 1187,2078 1187,2081 1186,2081 1186,2082 1183,2082 1183,2081 1182,2081 1182,2079 1181,2079 1181,2074 1079,2074 1079,2077 1078,2077 1078,2081 1077,2081 1077,2082 1076,2082 1076,2083 1075,2083 1075,2084 977,2084 977,2085 976,2085 976,2086 975,2086 975,2087 974,2087 974,2086 973,2086 973,2085 972,2085 972,2070 943,2070 943,2069 942,2069 942,2068 940,2068 940,2066 939,2066 939,2063 938,2063 938,2058 939,2058 939,2056 941,2056 941,2053 942,2053 942,2051 943,2051 943,2050 944,2050 944,2049 946,2049 946,2048 947,2048 947,2047 948,2047 948,2046 954,2046 954,2024 955,2024 955,2023 956,2023 956,2022 1023,2022 1023,2027 1126,2027 1126,2026 1127,2026 1127,2022 1128,2022 1128,2021 1129,2021 1129,2020 1130,2020 1130,2019"/>
	<TextEquiv>
	<Unicode>ἀρξαμένης</Unicode></TextEquiv></Word>
	<Word id="r219">
	<Coords points="1298,2020 1298,2021 1299,2021 1299,2024 1300,2024 1300,2026 1301,2026 1301,2029 1302,2029 1302,2030 1303,2030 1303,2032 1304,2032 1304,2042 1336,2042 1336,2043 1337,2043 1337,2044 1338,2044 1338,2049 1337,2049 1337,2052 1336,2052 1336,2054 1335,2054 1335,2056 1334,2056 1334,2057 1333,2057 1333,2058 1332,2058 1332,2060 1331,2060 1331,2061 1329,2061 1329,2063 1327,2063 1327,2064 1326,2064 1326,2065 1324,2065 1324,2066 1322,2066 1322,2067 1321,2067 1321,2068 1319,2068 1319,2069 1255,2069 1255,2071 1254,2071 1254,2074 1253,2074 1253,2079 1252,2079 1252,2082 1251,2082 1251,2083 1250,2083 1250,2084 1248,2084 1248,2083 1246,2083 1246,2078 1247,2078 1247,2077 1248,2077 1248,2074 1249,2074 1249,2070 1250,2070 1250,2068 1251,2068 1251,2064 1252,2064 1252,2060 1253,2060 1253,2056 1254,2056 1254,2054 1255,2054 1255,2049 1256,2049 1256,2046 1257,2046 1257,2043 1259,2043 1259,2042 1294,2042 1294,2020"/>
	<TextEquiv>
	<Unicode>μὲν</Unicode></TextEquiv></Word>
	<Word id="r220">
	<Coords points="1452,2019 1452,2020 1453,2020 1453,2023 1454,2023 1454,2025 1455,2025 1455,2027 1456,2027 1456,2029 1457,2029 1457,2032 1458,2032 1458,2035 1459,2035 1459,2041 1484,2041 1484,2042 1487,2042 1487,2044 1489,2044 1489,2046 1490,2046 1490,2047 1491,2047 1491,2050 1492,2050 1492,2052 1491,2052 1491,2058 1490,2058 1490,2060 1489,2060 1489,2061 1488,2061 1488,2063 1487,2063 1487,2064 1486,2064 1486,2065 1485,2065 1485,2066 1484,2066 1484,2067 1482,2067 1482,2068 1479,2068 1479,2069 1470,2069 1470,2071 1469,2071 1469,2076 1468,2076 1468,2080 1467,2080 1467,2084 1464,2084 1464,2083 1463,2083 1463,2082 1462,2082 1462,2069 1405,2069 1405,2068 1374,2068 1374,2067 1370,2067 1370,2066 1369,2066 1369,2065 1368,2065 1368,2064 1367,2064 1367,2043 1369,2043 1369,2042 1374,2042 1374,2026 1375,2026 1375,2024 1376,2024 1376,2022 1379,2022 1379,2021 1447,2021 1447,2019"/>
	<TextEquiv>
	<Unicode>ὑπὲρ</Unicode></TextEquiv></Word>
	<Word id="r221">
	<Coords points="1551,2019 1551,2020 1552,2020 1552,2042 1620,2042 1620,2044 1651,2044 1651,2045 1652,2045 1652,2046 1653,2046 1653,2050 1652,2050 1652,2052 1651,2052 1651,2055 1650,2055 1650,2057 1649,2057 1649,2058 1648,2058 1648,2059 1647,2059 1647,2060 1646,2060 1646,2062 1644,2062 1644,2063 1643,2063 1643,2064 1642,2064 1642,2065 1640,2065 1640,2066 1639,2066 1639,2067 1637,2067 1637,2068 1634,2068 1634,2069 1632,2069 1632,2070 1565,2070 1565,2077 1564,2077 1564,2082 1563,2082 1563,2083 1560,2083 1560,2082 1559,2082 1559,2068 1525,2068 1525,2067 1524,2067 1524,2066 1522,2066 1522,2064 1521,2064 1521,2062 1520,2062 1520,2059 1519,2059 1519,2056 1520,2056 1520,2050 1521,2050 1521,2048 1522,2048 1522,2047 1523,2047 1523,2046 1524,2046 1524,2044 1526,2044 1526,2043 1528,2043 1528,2042 1530,2042 1530,2041 1532,2041 1532,2026 1533,2026 1533,2024 1534,2024 1534,2023 1536,2023 1536,2022 1547,2022 1547,2021 1548,2021 1548,2020 1549,2020 1549,2019"/>
	<TextEquiv>
	<Unicode>ὥραν</Unicode></TextEquiv></Word>
	<TextEquiv>
	<Unicode>τε καὶ Ῥωμαίων μάχης, ἀρξαμένης μὲν ὑπὲρ ὥραν</Unicode></TextEquiv></TextLine>
	<TextLine id="r32">
	<Coords points="1425,2086 1425,2087 1426,2087 1426,2088 1427,2088 1427,2089 1519,2089 1519,2090 1520,2090 1520,2091 1589,2091 1589,2092 1593,2092 1593,2093 1594,2093 1594,2094 1596,2094 1596,2095 1597,2095 1597,2096 1598,2096 1598,2111 1633,2111 1633,2112 1634,2112 1634,2113 1635,2113 1635,2128 1646,2128 1646,2129 1647,2129 1647,2130 1649,2130 1649,2132 1650,2132 1650,2138 1649,2138 1649,2140 1648,2140 1648,2141 1647,2141 1647,2143 1646,2143 1646,2144 1645,2144 1645,2145 1643,2145 1643,2146 1539,2146 1539,2147 1538,2147 1538,2150 1537,2150 1537,2153 1535,2153 1535,2154 1534,2154 1534,2153 1532,2153 1532,2142 1451,2142 1451,2139 1426,2139 1426,2138 1245,2138 1245,2140 1243,2140 1243,2141 1241,2141 1241,2142 1217,2142 1217,2146 1216,2146 1216,2149 1215,2149 1215,2150 1214,2150 1214,2151 1210,2151 1210,2139 1175,2139 1175,2138 1047,2138 1047,2139 944,2139 944,2143 943,2143 943,2148 942,2148 942,2154 941,2154 941,2155 938,2155 938,2154 937,2154 937,2140 763,2140 763,2141 762,2141 762,2143 761,2143 761,2144 757,2144 757,2145 735,2145 735,2146 734,2146 734,2150 733,2150 733,2151 732,2151 732,2152 731,2152 731,2153 728,2153 728,2152 727,2152 727,2141 624,2141 624,2145 623,2145 623,2149 622,2149 622,2150 621,2150 621,2151 620,2151 620,2152 619,2152 619,2153 618,2153 618,2154 614,2154 614,2155 610,2155 610,2154 586,2154 586,2153 584,2153 584,2151 583,2151 583,2149 388,2149 388,2151 387,2151 387,2157 386,2157 386,2158 385,2158 385,2157 383,2157 383,2156 382,2156 382,2143 245,2143 245,2142 244,2142 244,2141 242,2141 242,2140 241,2140 241,2139 240,2139 240,2138 238,2138 238,2135 237,2135 237,2127 238,2127 238,2125 239,2125 239,2123 240,2123 240,2121 241,2121 241,2120 242,2120 242,2097 243,2097 243,2096 244,2096 244,2095 245,2095 245,2094 247,2094 247,2093 251,2093 251,2094 253,2094 253,2095 255,2095 255,2096 256,2096 256,2097 258,2097 258,2098 259,2098 259,2099 260,2099 260,2100 261,2100 261,2101 262,2101 262,2102 263,2102 263,2104 264,2104 264,2115 369,2115 369,2109 370,2109 370,2106 371,2106 371,2103 372,2103 372,2100 373,2100 373,2097 374,2097 374,2095 375,2095 375,2094 376,2094 376,2093 377,2093 377,2092 380,2092 380,2093 381,2093 381,2095 382,2095 382,2114 528,2114 528,2100 530,2100 530,2099 609,2099 609,2098 610,2098 610,2097 611,2097 611,2096 612,2096 612,2094 614,2094 614,2093 661,2093 661,2092 662,2092 662,2091 664,2091 664,2090 665,2090 665,2091 667,2091 667,2112 812,2112 812,2095 813,2095 813,2094 814,2094 814,2093 816,2093 816,2092 844,2092 844,2091 845,2091 845,2090 847,2090 847,2092 848,2092 848,2093 849,2093 849,2095 850,2095 850,2097 851,2097 851,2098 852,2098 852,2101 853,2101 853,2103 854,2103 854,2107 855,2107 855,2111 978,2111 978,2090 979,2090 979,2089 983,2089 983,2090 1092,2090 1092,2091 1093,2091 1093,2110 1202,2110 1202,2100 1203,2100 1203,2098 1204,2098 1204,2097 1205,2097 1205,2096 1206,2096 1206,2095 1207,2095 1207,2094 1210,2094 1210,2093 1213,2093 1213,2094 1216,2094 1216,2095 1217,2095 1217,2096 1218,2096 1218,2097 1220,2097 1220,2099 1221,2099 1221,2111 1323,2111 1323,2110 1420,2110 1420,2088 1421,2088 1421,2087 1422,2087 1422,2086"/>
	<Word id="r222">
	<Coords points="380,2092 380,2093 381,2093 381,2095 382,2095 382,2114 475,2114 475,2115 476,2115 476,2116 477,2116 477,2132 487,2132 487,2133 489,2133 489,2134 490,2134 490,2136 491,2136 491,2142 490,2142 490,2144 489,2144 489,2146 487,2146 487,2148 485,2148 485,2149 388,2149 388,2151 387,2151 387,2157 386,2157 386,2158 385,2158 385,2157 383,2157 383,2156 382,2156 382,2143 245,2143 245,2142 244,2142 244,2141 242,2141 242,2140 241,2140 241,2139 240,2139 240,2138 238,2138 238,2135 237,2135 237,2127 238,2127 238,2125 239,2125 239,2123 240,2123 240,2121 241,2121 241,2120 242,2120 242,2097 243,2097 243,2096 244,2096 244,2095 245,2095 245,2094 247,2094 247,2093 251,2093 251,2094 253,2094 253,2095 255,2095 255,2096 256,2096 256,2097 258,2097 258,2098 259,2098 259,2099 260,2099 260,2100 261,2100 261,2101 262,2101 262,2102 263,2102 263,2104 264,2104 264,2115 369,2115 369,2109 370,2109 370,2106 371,2106 371,2103 372,2103 372,2100 373,2100 373,2097 374,2097 374,2095 375,2095 375,2094 376,2094 376,2093 377,2093 377,2092"/>
	<TextEquiv>
	<Unicode>δευτέραν,</Unicode></TextEquiv></Word>
	<Word id="r223">
	<Coords points="665,2090 665,2091 667,2091 667,2112 761,2112 761,2113 764,2113 764,2114 765,2114 765,2115 767,2115 767,2116 768,2116 768,2117 769,2117 769,2120 770,2120 769,2120 769,2122 768,2122 768,2123 765,2123 765,2138 764,2138 764,2140 763,2140 763,2141 762,2141 762,2143 761,2143 761,2144 757,2144 757,2145 735,2145 735,2146 734,2146 734,2150 733,2150 733,2151 732,2151 732,2152 731,2152 731,2153 728,2153 728,2152 727,2152 727,2141 624,2141 624,2145 623,2145 623,2149 622,2149 622,2150 621,2150 621,2151 620,2151 620,2152 619,2152 619,2153 618,2153 618,2154 614,2154 614,2155 610,2155 610,2154 586,2154 586,2153 584,2153 584,2151 583,2151 583,2141 531,2141 531,2140 530,2140 530,2103 528,2103 528,2100 530,2100 530,2099 609,2099 609,2098 610,2098 610,2097 611,2097 611,2096 612,2096 612,2094 614,2094 614,2093 661,2093 661,2092 662,2092 662,2091 664,2091 664,2090"/>
	<TextEquiv>
	<Unicode>ληξάσης</Unicode></TextEquiv></Word>
	<Word id="r224">
	<Coords points="847,2090 847,2092 848,2092 848,2093 849,2093 849,2095 850,2095 850,2097 851,2097 851,2098 852,2098 852,2101 853,2101 853,2103 854,2103 854,2107 855,2107 855,2114 856,2114 856,2118 855,2118 855,2138 854,2138 854,2139 853,2139 853,2140 815,2140 815,2139 812,2139 812,2138 810,2138 810,2137 809,2137 809,2136 808,2136 808,2134 807,2134 807,2131 806,2131 806,2125 807,2125 807,2123 808,2123 808,2122 809,2122 809,2120 810,2120 810,2118 811,2118 811,2117 812,2117 812,2095 813,2095 813,2094 814,2094 814,2093 816,2093 816,2092 844,2092 844,2091 845,2091 845,2090"/>
	<TextEquiv>
	<Unicode>δὲ</Unicode></TextEquiv></Word>
	<Word id="r225">
	<Coords points="983,2089 983,2090 984,2090 984,2092 985,2092 985,2094 986,2094 986,2096 987,2096 987,2098 988,2098 988,2100 989,2100 989,2103 990,2103 990,2104 991,2104 991,2113 992,2113 992,2114 993,2114 993,2115 994,2115 994,2116 995,2116 995,2118 996,2118 996,2123 997,2123 997,2124 996,2124 996,2128 995,2128 995,2130 994,2130 994,2132 993,2132 993,2133 992,2133 992,2134 991,2134 991,2135 990,2135 990,2136 989,2136 989,2137 985,2137 985,2138 955,2138 955,2139 944,2139 944,2143 943,2143 943,2148 942,2148 942,2154 941,2154 941,2155 938,2155 938,2154 937,2154 937,2140 902,2140 902,2138 901,2138 901,2125 897,2125 897,2124 896,2124 896,2118 897,2118 897,2116 898,2116 898,2115 899,2115 899,2114 900,2114 900,2113 951,2113 951,2112 953,2112 953,2111 978,2111 978,2090 979,2090 979,2089"/>
	<TextEquiv>
	<Unicode>πρὸ</Unicode></TextEquiv></Word>
	<Word id="r226">
	<Coords points="1092,2090 1092,2091 1093,2091 1093,2110 1114,2110 1114,2111 1116,2111 1116,2112 1118,2112 1118,2113 1120,2113 1120,2114 1121,2114 1121,2115 1122,2115 1122,2118 1123,2118 1123,2121 1124,2121 1124,2123 1123,2123 1123,2128 1122,2128 1122,2130 1121,2130 1121,2132 1119,2132 1119,2134 1118,2134 1118,2135 1117,2135 1117,2136 1115,2136 1115,2137 1111,2137 1111,2138 1047,2138 1047,2139 1044,2139 1044,2138 1042,2138 1042,2137 1040,2137 1040,2136 1039,2136 1039,2135 1037,2135 1037,2133 1036,2133 1036,2131 1035,2131 1035,2123 1036,2123 1036,2120 1037,2120 1037,2119 1038,2119 1038,2117 1040,2117 1040,2094 1041,2094 1041,2091 1042,2091 1042,2090"/>
	<TextEquiv>
	<Unicode>δύο</Unicode></TextEquiv></Word>
	<Word id="r227">
	<Coords points="1213,2093 1213,2094 1216,2094 1216,2095 1217,2095 1217,2096 1218,2096 1218,2097 1220,2097 1220,2099 1221,2099 1221,2111 1242,2111 1242,2112 1245,2112 1245,2113 1247,2113 1247,2114 1249,2114 1249,2115 1250,2115 1250,2116 1251,2116 1251,2120 1250,2120 1250,2121 1247,2121 1247,2137 1246,2137 1246,2138 1245,2138 1245,2140 1243,2140 1243,2141 1241,2141 1241,2142 1217,2142 1217,2146 1216,2146 1216,2149 1215,2149 1215,2150 1214,2150 1214,2151 1210,2151 1210,2139 1175,2139 1175,2138 1172,2138 1172,2137 1171,2137 1171,2136 1170,2136 1170,2121 1163,2121 1163,2120 1162,2120 1162,2114 1163,2114 1163,2112 1165,2112 1165,2111 1202,2111 1202,2100 1203,2100 1203,2098 1204,2098 1204,2097 1205,2097 1205,2096 1206,2096 1206,2095 1207,2095 1207,2094 1210,2094 1210,2093"/>
	<TextEquiv>
	<Unicode>τῆς</Unicode></TextEquiv></Word>
	<Word id="r228">
	<Coords points="1425,2086 1425,2087 1426,2087 1426,2088 1427,2088 1427,2089 1428,2089 1428,2091 1429,2091 1429,2093 1430,2093 1430,2096 1431,2096 1431,2098 1432,2098 1432,2099 1433,2099 1433,2103 1434,2103 1434,2109 1458,2109 1458,2110 1461,2110 1461,2111 1464,2111 1464,2112 1466,2112 1466,2114 1467,2114 1467,2118 1466,2118 1466,2119 1465,2119 1465,2120 1463,2120 1463,2136 1462,2136 1462,2138 1461,2138 1461,2139 1460,2139 1460,2140 1458,2140 1458,2141 1456,2141 1456,2142 1451,2142 1451,2139 1426,2139 1426,2138 1288,2138 1288,2137 1287,2137 1287,2134 1288,2134 1288,2112 1320,2112 1320,2111 1323,2111 1323,2110 1420,2110 1420,2088 1421,2088 1421,2087 1422,2087 1422,2086"/>
	<TextEquiv>
	<Unicode>νυκτὸς</Unicode></TextEquiv></Word>
	<Word id="r229">
	<Coords points="1519,2089 1519,2090 1520,2090 1520,2091 1589,2091 1589,2092 1593,2092 1593,2093 1594,2093 1594,2094 1596,2094 1596,2095 1597,2095 1597,2096 1598,2096 1598,2111 1633,2111 1633,2112 1634,2112 1634,2113 1635,2113 1635,2128 1646,2128 1646,2129 1647,2129 1647,2130 1649,2130 1649,2132 1650,2132 1650,2138 1649,2138 1649,2140 1648,2140 1648,2141 1647,2141 1647,2143 1646,2143 1646,2144 1645,2144 1645,2145 1643,2145 1643,2146 1539,2146 1539,2147 1538,2147 1538,2150 1537,2150 1537,2153 1535,2153 1535,2154 1534,2154 1534,2153 1532,2153 1532,2137 1500,2137 1500,2136 1498,2136 1498,2135 1496,2135 1496,2134 1495,2134 1495,2133 1494,2133 1494,2130 1493,2130 1493,2120 1494,2120 1494,2118 1495,2118 1495,2117 1496,2117 1496,2115 1497,2115 1497,2114 1498,2114 1498,2113 1501,2113 1501,2112 1502,2112 1502,2111 1503,2111 1503,2110 1509,2110 1509,2096 1510,2096 1510,2092 1511,2092 1511,2091 1512,2091 1512,2090 1514,2090 1514,2089"/>
	<TextEquiv>
	<Unicode>ὡρῶν,</Unicode></TextEquiv></Word>
	<TextEquiv>
	<Unicode>δευτέραν, ληξάσης δὲ πρὸ δύο τῆς νυκτὸς ὡρῶν,</Unicode></TextEquiv></TextLine>
	<TextLine id="r34">
	<Coords points="1168,2156 1168,2157 1170,2157 1170,2158 1354,2158 1354,2159 1356,2159 1356,2160 1357,2160 1357,2162 1358,2162 1358,2165 1359,2165 1359,2167 1360,2167 1360,2169 1361,2169 1361,2173 1362,2173 1362,2177 1521,2177 1521,2176 1522,2176 1522,2165 1523,2165 1523,2164 1524,2164 1524,2162 1526,2162 1526,2161 1625,2161 1625,2160 1629,2160 1629,2161 1631,2161 1631,2162 1632,2162 1632,2163 1633,2163 1633,2164 1634,2164 1634,2166 1635,2166 1635,2180 1647,2180 1647,2181 1650,2181 1650,2182 1651,2182 1651,2186 1650,2186 1650,2188 1649,2188 1649,2189 1635,2189 1635,2198 1634,2198 1634,2200 1633,2200 1633,2201 1632,2201 1632,2202 1631,2202 1631,2203 1630,2203 1630,2204 1628,2204 1628,2205 1619,2205 1619,2221 1618,2221 1618,2222 1617,2222 1617,2223 1615,2223 1615,2224 1513,2224 1513,2223 1512,2223 1512,2222 1463,2222 1463,2221 1462,2221 1462,2219 1461,2219 1461,2207 1240,2207 1240,2208 1239,2208 1239,2209 1237,2209 1237,2210 1236,2210 1236,2211 1233,2211 1233,2212 1231,2212 1231,2211 1229,2211 1229,2208 1082,2208 1082,2213 1081,2213 1081,2216 1080,2216 1080,2219 1079,2219 1079,2220 1076,2220 1076,2218 1075,2218 1075,2207 933,2207 933,2208 858,2208 858,2210 857,2210 857,2214 856,2214 856,2217 855,2217 855,2220 854,2220 854,2221 853,2221 853,2222 852,2222 852,2221 851,2221 851,2210 785,2210 785,2209 658,2209 658,2210 596,2210 596,2211 390,2211 390,2212 389,2212 389,2213 388,2213 388,2214 386,2214 386,2215 362,2215 362,2216 361,2216 361,2219 360,2219 360,2221 359,2221 359,2223 355,2223 355,2211 245,2211 245,2210 243,2210 243,2209 242,2209 242,2208 240,2208 240,2207 239,2207 239,2205 238,2205 238,2203 237,2203 237,2197 238,2197 238,2193 239,2193 239,2192 240,2192 240,2190 241,2190 241,2188 243,2188 243,2187 244,2187 244,2186 245,2186 245,2185 247,2185 247,2184 274,2184 274,2167 275,2167 275,2165 288,2165 288,2164 289,2164 289,2163 290,2163 290,2162 294,2162 294,2163 295,2163 295,2183 428,2183 428,2164 429,2164 429,2163 430,2163 430,2162 432,2162 432,2161 515,2161 515,2162 516,2162 516,2181 628,2181 628,2169 629,2169 629,2168 630,2168 630,2166 632,2166 632,2165 634,2165 634,2164 732,2164 732,2162 733,2162 733,2161 810,2161 810,2160 812,2160 812,2159 847,2159 847,2158 850,2158 850,2159 851,2159 851,2160 852,2160 852,2180 973,2180 973,2166 974,2166 974,2163 975,2163 975,2162 976,2162 976,2161 977,2161 977,2160 979,2160 979,2159 984,2159 984,2160 985,2160 985,2161 1023,2161 1023,2162 1024,2162 1024,2163 1025,2163 1025,2164 1027,2164 1027,2165 1028,2165 1028,2167 1029,2167 1029,2169 1030,2169 1030,2179 1158,2179 1158,2172 1159,2172 1159,2169 1160,2169 1160,2167 1161,2167 1161,2165 1162,2165 1162,2163 1163,2163 1163,2161 1164,2161 1164,2159 1165,2159 1165,2158 1166,2158 1166,2157 1168,2157"/>
	<Word id="r230">
	<Coords points="294,2162 294,2163 295,2163 295,2183 363,2183 363,2184 389,2184 389,2185 392,2185 392,2186 393,2186 393,2187 394,2187 394,2188 395,2188 395,2190 396,2190 396,2191 395,2191 395,2193 394,2193 394,2194 391,2194 391,2210 390,2210 390,2212 389,2212 389,2213 388,2213 388,2214 386,2214 386,2215 362,2215 362,2216 361,2216 361,2219 360,2219 360,2221 359,2221 359,2223 355,2223 355,2211 245,2211 245,2210 243,2210 243,2209 242,2209 242,2208 240,2208 240,2207 239,2207 239,2205 238,2205 238,2203 237,2203 237,2197 238,2197 238,2193 239,2193 239,2192 240,2192 240,2190 241,2190 241,2188 243,2188 243,2187 244,2187 244,2186 245,2186 245,2185 247,2185 247,2184 274,2184 274,2167 275,2167 275,2165 288,2165 288,2164 289,2164 289,2163 290,2163 290,2162"/>
	<TextEquiv>
	<Unicode>οὔσης</Unicode></TextEquiv></Word>
	<Word id="r231">
	<Coords points="460,2161 460,2162 461,2162 461,2163 462,2163 462,2164 463,2164 463,2166 464,2166 464,2172 463,2172 463,2174 462,2174 462,2175 461,2175 461,2176 460,2176 460,2177 458,2177 458,2178 449,2178 449,2199 448,2199 448,2202 447,2202 447,2204 446,2204 446,2205 445,2205 445,2206 444,2206 444,2207 443,2207 443,2208 442,2208 442,2209 439,2209 439,2210 437,2210 437,2211 434,2211 434,2210 430,2210 430,2209 428,2209 428,2208 426,2208 426,2206 425,2206 425,2205 424,2205 424,2203 423,2203 423,2195 424,2195 424,2192 425,2192 425,2190 426,2190 426,2189 427,2189 427,2188 428,2188 428,2164 429,2164 429,2163 430,2163 430,2162 432,2162 432,2161"/>
	<TextEquiv>
	<Unicode>δ᾽</Unicode></TextEquiv></Word>
	<Word id="r232">
	<Coords points="515,2161 515,2162 516,2162 516,2181 559,2181 559,2182 561,2182 561,2197 564,2197 564,2198 565,2198 565,2201 564,2201 564,2202 563,2202 563,2204 562,2204 562,2205 561,2205 561,2207 559,2207 559,2208 557,2208 557,2209 529,2209 529,2210 505,2210 505,2211 498,2211 498,2210 497,2210 497,2209 495,2209 495,2208 494,2208 494,2207 493,2207 493,2206 492,2206 492,2205 491,2205 491,2202 490,2202 490,2194 491,2194 491,2192 492,2192 492,2191 493,2191 493,2190 494,2190 494,2188 496,2188 496,2165 497,2165 497,2163 510,2163 510,2162 511,2162 511,2161"/>
	<TextEquiv>
	<Unicode>ἔτι</Unicode></TextEquiv></Word>
	<Word id="r233">
	<Coords points="641,2164 641,2165 642,2165 642,2166 644,2166 644,2167 645,2167 645,2169 646,2169 646,2170 647,2170 647,2182 678,2182 678,2183 679,2183 679,2191 678,2191 678,2193 677,2193 677,2195 676,2195 676,2197 675,2197 675,2198 674,2198 674,2199 673,2199 673,2200 672,2200 672,2201 671,2201 671,2202 670,2202 670,2203 669,2203 669,2204 668,2204 668,2205 667,2205 667,2206 665,2206 665,2207 663,2207 663,2208 661,2208 661,2209 658,2209 658,2210 596,2210 596,2211 593,2211 593,2210 592,2210 592,2187 591,2187 591,2185 592,2185 592,2184 594,2184 594,2183 627,2183 627,2182 628,2182 628,2169 629,2169 629,2168 630,2168 630,2166 632,2166 632,2165 634,2165 634,2164"/>
	<TextEquiv>
	<Unicode>νῦν</Unicode></TextEquiv></Word>
	<Word id="r234">
	<Coords points="850,2158 850,2159 851,2159 851,2160 852,2160 852,2180 946,2180 946,2181 947,2181 947,2182 948,2182 948,2183 949,2183 949,2187 948,2187 948,2191 947,2191 947,2194 946,2194 946,2196 945,2196 945,2198 944,2198 944,2199 943,2199 943,2201 942,2201 942,2202 941,2202 941,2204 940,2204 940,2205 939,2205 939,2206 936,2206 936,2207 933,2207 933,2208 858,2208 858,2210 857,2210 857,2214 856,2214 856,2217 855,2217 855,2220 854,2220 854,2221 853,2221 853,2222 852,2222 852,2221 851,2221 851,2210 785,2210 785,2209 721,2209 721,2208 720,2208 720,2207 718,2207 718,2205 717,2205 717,2197 718,2197 718,2195 719,2195 719,2192 720,2192 720,2191 721,2191 721,2190 722,2190 722,2189 723,2189 723,2188 724,2188 724,2187 726,2187 726,2186 727,2186 727,2184 729,2184 729,2183 732,2183 732,2162 733,2162 733,2161 810,2161 810,2160 812,2160 812,2159 847,2159 847,2158"/>
	<TextEquiv>
	<Unicode>ἀοιδίμου</Unicode></TextEquiv></Word>
	<Word id="r235">
	<Coords points="1168,2157 1170,2157 1170,2158 1171,2158 1171,2178 1233,2178 1233,2179 1240,2179 1240,2180 1241,2180 1241,2181 1242,2181 1242,2182 1244,2182 1244,2183 1245,2183 1245,2185 1246,2185 1246,2188 1245,2188 1245,2189 1241,2189 1241,2206 1240,2206 1240,2208 1239,2208 1239,2209 1237,2209 1237,2210 1236,2210 1236,2211 1233,2211 1233,2212 1231,2212 1231,2211 1229,2211 1229,2208 1082,2208 1082,2213 1081,2213 1081,2216 1080,2216 1080,2219 1079,2219 1079,2220 1076,2220 1076,2218 1075,2218 1075,2207 993,2207 993,2206 992,2206 992,2176 980,2176 980,2175 978,2175 978,2174 976,2174 976,2173 975,2173 975,2171 974,2171 974,2169 973,2169 973,2166 974,2166 974,2163 975,2163 975,2162 976,2162 976,2161 977,2161 977,2160 979,2160 979,2159 984,2159 984,2160 985,2160 985,2161 1023,2161 1023,2162 1024,2162 1024,2163 1025,2163 1025,2164 1027,2164 1027,2165 1028,2165 1028,2167 1029,2167 1029,2169 1030,2169 1030,2179 1158,2179 1158,2172 1159,2172 1159,2169 1160,2169 1160,2167 1161,2167 1161,2165 1162,2165 1162,2163 1163,2163 1163,2161 1164,2161 1164,2159 1165,2159 1165,2158 1166,2158 1166,2157 1168,2157 1168,2156"/>
	<TextEquiv>
	<Unicode>Ῥωμαίοις</Unicode></TextEquiv></Word>
	<Word id="r236">
	<Coords points="1354,2158 1354,2159 1356,2159 1356,2160 1357,2160 1357,2162 1358,2162 1358,2165 1359,2165 1359,2167 1360,2167 1360,2169 1361,2169 1361,2173 1362,2173 1362,2195 1364,2195 1364,2201 1363,2201 1363,2203 1362,2203 1362,2204 1361,2204 1361,2205 1359,2205 1359,2206 1329,2206 1329,2207 1292,2207 1292,2206 1288,2206 1288,2205 1286,2205 1286,2204 1284,2204 1284,2203 1283,2203 1283,2202 1282,2202 1282,2201 1281,2201 1281,2198 1280,2198 1280,2192 1281,2192 1281,2189 1282,2189 1282,2187 1283,2187 1283,2186 1284,2186 1284,2184 1285,2184 1285,2183 1286,2183 1286,2182 1288,2182 1288,2181 1290,2181 1290,2180 1292,2180 1292,2160 1293,2160 1293,2159 1294,2159 1294,2158"/>
	<TextEquiv>
	<Unicode>ἐπὶ</Unicode></TextEquiv></Word>
	<Word id="r237">
	<Coords points="1629,2160 1629,2161 1631,2161 1631,2162 1632,2162 1632,2163 1633,2163 1633,2164 1634,2164 1634,2166 1635,2166 1635,2180 1647,2180 1647,2181 1650,2181 1650,2182 1651,2182 1651,2186 1650,2186 1650,2188 1649,2188 1649,2189 1635,2189 1635,2198 1634,2198 1634,2200 1633,2200 1633,2201 1632,2201 1632,2202 1631,2202 1631,2203 1630,2203 1630,2204 1628,2204 1628,2205 1619,2205 1619,2221 1618,2221 1618,2222 1617,2222 1617,2223 1615,2223 1615,2224 1513,2224 1513,2223 1512,2223 1512,2222 1463,2222 1463,2221 1462,2221 1462,2219 1461,2219 1461,2207 1403,2207 1403,2206 1399,2206 1399,2205 1398,2205 1398,2204 1397,2204 1397,2203 1396,2203 1396,2202 1395,2202 1395,2201 1394,2201 1394,2199 1393,2199 1393,2194 1392,2194 1393,2194 1393,2192 1394,2192 1394,2190 1395,2190 1395,2187 1396,2187 1396,2186 1397,2186 1397,2185 1398,2185 1398,2184 1400,2184 1400,2183 1401,2183 1401,2182 1402,2182 1402,2181 1404,2181 1404,2180 1410,2180 1410,2179 1435,2179 1435,2178 1440,2178 1440,2177 1521,2177 1521,2176 1522,2176 1522,2165 1523,2165 1523,2164 1524,2164 1524,2162 1526,2162 1526,2161 1625,2161 1625,2160"/>
	<TextEquiv>
	<Unicode>συμφορᾷ·</Unicode></TextEquiv></Word>
	<TextEquiv>
	<Unicode>οὔσης δ᾽ ἔτι νῦν ἀοιδίμου Ῥωμαίοις ἐπὶ συμφορᾷ·</Unicode></TextEquiv></TextLine>
	<TextLine id="r35">
	<Coords points="1320,2224 1320,2225 1321,2225 1321,2226 1322,2226 1322,2246 1529,2246 1529,2247 1531,2247 1531,2248 1593,2248 1593,2249 1625,2249 1625,2250 1626,2250 1626,2256 1648,2256 1648,2257 1650,2257 1650,2258 1651,2258 1651,2260 1650,2260 1650,2262 1629,2262 1629,2269 1628,2269 1628,2271 1627,2271 1627,2272 1626,2272 1626,2273 1625,2273 1625,2274 1624,2274 1624,2275 1622,2275 1622,2276 1538,2276 1538,2275 1435,2275 1435,2277 1434,2277 1434,2278 1432,2278 1432,2279 1335,2279 1335,2280 1334,2280 1334,2285 1333,2285 1333,2288 1332,2288 1332,2289 1331,2289 1331,2290 1328,2290 1328,2288 1327,2288 1327,2280 1235,2280 1235,2276 875,2276 875,2277 797,2277 797,2278 794,2278 794,2279 794,2278 599,2278 599,2287 598,2287 598,2292 597,2292 597,2294 594,2294 594,2293 537,2293 537,2292 536,2292 536,2291 535,2291 535,2280 296,2280 296,2279 244,2279 244,2278 241,2278 241,2277 240,2277 240,2276 239,2276 239,2275 238,2275 238,2273 237,2273 237,2266 238,2266 238,2264 239,2264 239,2263 240,2263 240,2261 242,2261 242,2260 243,2260 243,2257 244,2257 244,2256 246,2256 246,2255 248,2255 248,2254 250,2254 250,2253 252,2253 252,2233 253,2233 253,2232 254,2232 254,2231 335,2231 335,2230 336,2230 336,2229 337,2229 337,2230 339,2230 339,2232 369,2232 369,2233 370,2233 370,2234 371,2234 371,2237 372,2237 372,2240 373,2240 373,2251 570,2251 570,2230 571,2230 571,2229 572,2229 572,2228 573,2228 573,2229 575,2229 575,2231 576,2231 576,2233 577,2233 577,2235 578,2235 578,2237 579,2237 579,2240 580,2240 580,2243 581,2243 581,2245 582,2245 582,2248 583,2248 583,2250 696,2250 696,2231 697,2231 697,2230 698,2230 698,2229 703,2229 703,2230 704,2230 704,2231 857,2231 857,2230 860,2230 860,2229 860,2230 863,2230 863,2231 864,2231 864,2232 865,2232 865,2233 866,2233 866,2249 990,2249 990,2236 991,2236 991,2234 992,2234 992,2233 994,2233 994,2232 997,2232 997,2231 1054,2231 1054,2230 1056,2230 1056,2228 1057,2228 1057,2227 1060,2227 1060,2226 1062,2226 1062,2227 1065,2227 1065,2228 1066,2228 1066,2229 1067,2229 1067,2230 1069,2230 1069,2231 1070,2231 1070,2232 1071,2232 1071,2233 1072,2233 1072,2234 1073,2234 1073,2235 1074,2235 1074,2236 1075,2236 1075,2237 1076,2237 1076,2248 1207,2248 1207,2236 1208,2236 1208,2234 1209,2234 1209,2232 1210,2232 1210,2231 1212,2231 1212,2230 1214,2230 1214,2229 1304,2229 1304,2228 1306,2228 1306,2227 1316,2227 1316,2225 1318,2225 1318,2224"/>
	<Word id="r238">
	<Coords points="337,2229 337,2230 339,2230 339,2232 369,2232 369,2233 370,2233 370,2234 371,2234 371,2237 372,2237 372,2240 373,2240 373,2251 437,2251 437,2252 497,2252 497,2253 498,2253 498,2259 497,2259 497,2261 496,2261 496,2263 495,2263 495,2265 494,2265 494,2267 493,2267 493,2268 492,2268 492,2269 491,2269 491,2270 490,2270 490,2271 489,2271 489,2273 487,2273 487,2274 486,2274 486,2275 484,2275 484,2276 482,2276 482,2277 480,2277 480,2278 478,2278 478,2279 476,2279 476,2280 296,2280 296,2279 244,2279 244,2278 241,2278 241,2277 240,2277 240,2276 239,2276 239,2275 238,2275 238,2273 237,2273 237,2266 238,2266 238,2264 239,2264 239,2263 240,2263 240,2261 242,2261 242,2260 243,2260 243,2257 244,2257 244,2256 246,2256 246,2255 248,2255 248,2254 250,2254 250,2253 252,2253 252,2233 253,2233 253,2232 254,2232 254,2231 335,2231 335,2230 336,2230 336,2229"/>
	<TextEquiv>
	<Unicode>ἀπέθανον</Unicode></TextEquiv></Word>
	<Word id="r239">
	<Coords points="573,2228 573,2229 575,2229 575,2231 576,2231 576,2233 577,2233 577,2235 578,2235 578,2237 579,2237 579,2240 580,2240 580,2243 581,2243 581,2245 582,2245 582,2248 583,2248 583,2251 616,2251 616,2252 618,2252 618,2253 619,2253 619,2254 620,2254 620,2256 621,2256 621,2258 622,2258 622,2266 621,2266 621,2269 620,2269 620,2271 619,2271 619,2272 618,2272 618,2273 617,2273 617,2274 616,2274 616,2275 615,2275 615,2276 613,2276 613,2277 599,2277 599,2287 598,2287 598,2292 597,2292 597,2294 594,2294 594,2293 537,2293 537,2292 536,2292 536,2291 535,2291 535,2269 526,2269 526,2268 525,2268 525,2267 524,2267 524,2265 523,2265 523,2258 524,2258 524,2256 525,2256 525,2255 526,2255 526,2254 527,2254 527,2253 528,2253 528,2252 531,2252 531,2251 570,2251 570,2230 571,2230 571,2229 572,2229 572,2228"/>
	<TextEquiv>
	<Unicode>γὰρ</Unicode></TextEquiv></Word>
	<Word id="r240">
	<Coords points="703,2229 703,2230 704,2230 704,2231 773,2231 773,2232 775,2232 775,2233 776,2233 776,2234 777,2234 777,2235 778,2235 778,2236 779,2236 779,2238 780,2238 780,2251 815,2251 815,2252 816,2252 816,2253 817,2253 817,2258 816,2258 816,2260 815,2260 815,2262 814,2262 814,2263 813,2263 813,2265 812,2265 812,2266 811,2266 811,2267 810,2267 810,2269 809,2269 809,2270 808,2270 808,2271 807,2271 807,2272 805,2272 805,2273 804,2273 804,2274 802,2274 802,2275 801,2275 801,2276 799,2276 799,2277 797,2277 797,2278 794,2278 794,2279 794,2278 692,2278 692,2277 654,2277 654,2276 652,2276 652,2275 651,2275 651,2274 650,2274 650,2273 649,2273 649,2265 650,2265 650,2264 651,2264 651,2260 652,2260 652,2258 653,2258 653,2257 654,2257 654,2255 655,2255 655,2254 656,2254 656,2253 658,2253 658,2252 659,2252 659,2251 662,2251 662,2250 696,2250 696,2231 697,2231 697,2230 698,2230 698,2229"/>
	<TextEquiv>
	<Unicode>αὐτῶν</Unicode></TextEquiv></Word>
	<Word id="r241">
	<Coords points="860,2230 863,2230 863,2231 864,2231 864,2232 865,2232 865,2233 866,2233 866,2250 893,2250 893,2251 894,2251 894,2252 895,2252 895,2257 894,2257 894,2258 893,2258 893,2261 892,2261 892,2263 891,2263 891,2264 890,2264 890,2266 889,2266 889,2267 888,2267 888,2268 887,2268 887,2269 886,2269 886,2270 885,2270 885,2271 883,2271 883,2272 882,2272 882,2273 880,2273 880,2274 877,2274 877,2276 875,2276 875,2277 851,2277 851,2276 848,2276 848,2274 846,2274 846,2272 845,2272 845,2270 844,2270 844,2261 845,2261 845,2259 846,2259 846,2257 847,2257 847,2256 848,2256 848,2255 849,2255 849,2254 851,2254 851,2253 852,2253 852,2252 854,2252 854,2251 856,2251 856,2231 857,2231 857,2230 860,2230 860,2229"/>
	<TextEquiv>
	<Unicode>ἐν</Unicode></TextEquiv></Word>
	<Word id="r242">
	<Coords points="1062,2226 1062,2227 1065,2227 1065,2228 1066,2228 1066,2229 1067,2229 1067,2230 1069,2230 1069,2231 1070,2231 1070,2232 1071,2232 1071,2233 1072,2233 1072,2234 1073,2234 1073,2235 1074,2235 1074,2236 1075,2236 1075,2237 1076,2237 1076,2248 1099,2248 1099,2249 1101,2249 1101,2252 1102,2252 1101,2252 1101,2254 1100,2254 1100,2255 1099,2255 1099,2274 1098,2274 1098,2275 1095,2275 1095,2276 929,2276 929,2274 928,2274 928,2259 921,2259 921,2257 920,2257 920,2255 921,2255 921,2252 922,2252 922,2250 928,2250 928,2249 990,2249 990,2236 991,2236 991,2234 992,2234 992,2233 994,2233 994,2232 997,2232 997,2231 1054,2231 1054,2230 1056,2230 1056,2228 1057,2228 1057,2227 1060,2227 1060,2226"/>
	<TextEquiv>
	<Unicode>ταῖσδε</Unicode></TextEquiv></Word>
	<Word id="r243">
	<Coords points="1218,2229 1218,2230 1221,2230 1221,2231 1223,2231 1223,2232 1224,2232 1224,2233 1225,2233 1225,2247 1242,2247 1242,2248 1245,2248 1245,2249 1247,2249 1247,2250 1249,2250 1249,2251 1250,2251 1250,2252 1251,2252 1251,2257 1250,2257 1250,2258 1247,2258 1247,2272 1246,2272 1246,2275 1245,2275 1245,2276 1244,2276 1244,2277 1243,2277 1243,2278 1241,2278 1241,2279 1238,2279 1238,2280 1235,2280 1235,2276 1148,2276 1148,2275 1147,2275 1147,2273 1146,2273 1146,2259 1140,2259 1140,2258 1139,2258 1139,2257 1138,2257 1138,2254 1139,2254 1139,2251 1140,2251 1140,2250 1141,2250 1141,2249 1142,2249 1142,2248 1207,2248 1207,2236 1208,2236 1208,2234 1209,2234 1209,2232 1210,2232 1210,2231 1212,2231 1212,2230 1214,2230 1214,2229"/>
	<TextEquiv>
	<Unicode>ταῖς</Unicode></TextEquiv></Word>
	<Word id="r244">
	<Coords points="1320,2224 1320,2225 1321,2225 1321,2226 1322,2226 1322,2246 1433,2246 1433,2247 1437,2247 1437,2248 1439,2248 1439,2249 1440,2249 1440,2250 1441,2250 1441,2252 1442,2252 1442,2253 1443,2253 1443,2255 1442,2255 1442,2256 1441,2256 1441,2257 1437,2257 1437,2274 1436,2274 1436,2275 1435,2275 1435,2277 1434,2277 1434,2278 1432,2278 1432,2279 1335,2279 1335,2280 1334,2280 1334,2285 1333,2285 1333,2288 1332,2288 1332,2289 1331,2289 1331,2290 1328,2290 1328,2288 1327,2288 1327,2274 1296,2274 1296,2273 1293,2273 1293,2272 1291,2272 1291,2270 1290,2270 1290,2268 1289,2268 1289,2264 1288,2264 1288,2259 1289,2259 1289,2255 1290,2255 1290,2254 1291,2254 1291,2252 1292,2252 1292,2251 1293,2251 1293,2250 1295,2250 1295,2249 1297,2249 1297,2248 1299,2248 1299,2247 1301,2247 1301,2232 1302,2232 1302,2230 1303,2230 1303,2229 1304,2229 1304,2228 1306,2228 1306,2227 1316,2227 1316,2225 1318,2225 1318,2224"/>
	<TextEquiv>
	<Unicode>ὥραις</Unicode></TextEquiv></Word>
	<Word id="r245">
	<Coords points="1529,2246 1529,2247 1531,2247 1531,2248 1593,2248 1593,2249 1625,2249 1625,2250 1626,2250 1626,2256 1648,2256 1648,2257 1650,2257 1650,2258 1651,2258 1651,2260 1650,2260 1650,2262 1629,2262 1629,2269 1628,2269 1628,2271 1627,2271 1627,2272 1626,2272 1626,2273 1625,2273 1625,2274 1624,2274 1624,2275 1622,2275 1622,2276 1538,2276 1538,2275 1474,2275 1474,2274 1473,2274 1473,2260 1468,2260 1468,2259 1467,2259 1467,2257 1466,2257 1466,2256 1467,2256 1467,2251 1468,2251 1468,2250 1469,2250 1469,2248 1472,2248 1472,2247 1526,2247 1526,2246"/>
	<TextEquiv>
	<Unicode>πεντα-</Unicode></TextEquiv></Word>
	<TextEquiv>
	<Unicode>ἀπέθανον γὰρ αὐτῶν ἐν ταῖσδε ταῖς ὥραις πεντα-</Unicode></TextEquiv></TextLine>
	<TextLine id="r36">
	<Coords points="1650,2293 1650,2294 1651,2294 1651,2332 1650,2332 1650,2335 1649,2335 1649,2337 1648,2337 1648,2338 1647,2338 1647,2340 1646,2340 1646,2341 1645,2341 1645,2342 1644,2342 1644,2343 1642,2343 1642,2344 1639,2344 1639,2345 1635,2345 1635,2344 1503,2344 1503,2346 1501,2346 1501,2347 1497,2347 1497,2348 1412,2348 1412,2350 1411,2350 1411,2352 1410,2352 1410,2356 1405,2356 1405,2344 1315,2344 1315,2343 1158,2343 1158,2344 1157,2344 1157,2345 1090,2345 1090,2346 1089,2346 1089,2352 1088,2352 1088,2354 1087,2354 1087,2356 1086,2356 1086,2357 1084,2357 1084,2358 1021,2358 1021,2366 1020,2366 1020,2369 1019,2369 1019,2370 1018,2370 1018,2371 1017,2371 1017,2373 1016,2373 1016,2375 1015,2375 1015,2377 1014,2377 1014,2378 1013,2378 1013,2379 1012,2379 1012,2380 1011,2380 1011,2379 1010,2379 1010,2361 1000,2361 1000,2360 999,2360 999,2358 968,2358 968,2346 832,2346 832,2347 832,2346 676,2346 676,2349 675,2349 675,2353 674,2353 674,2354 673,2354 673,2355 672,2355 672,2356 671,2356 671,2357 668,2357 668,2358 667,2358 667,2359 659,2359 659,2347 615,2347 615,2346 512,2346 512,2347 511,2347 511,2350 510,2350 510,2351 509,2351 509,2352 508,2352 508,2353 506,2353 506,2354 504,2354 504,2355 404,2355 404,2360 403,2360 403,2362 402,2362 402,2363 401,2363 401,2364 398,2364 398,2363 328,2363 328,2362 327,2362 327,2348 274,2348 274,2347 238,2347 238,2346 237,2346 237,2342 238,2342 238,2340 239,2340 239,2338 240,2338 240,2334 241,2334 241,2331 242,2331 242,2328 243,2328 243,2325 244,2325 244,2323 245,2323 245,2322 246,2322 246,2321 261,2321 261,2320 280,2320 280,2321 384,2321 384,2312 385,2312 385,2309 386,2309 386,2307 387,2307 387,2305 388,2305 388,2303 389,2303 389,2302 390,2302 390,2300 392,2300 392,2299 393,2299 393,2298 396,2298 396,2300 397,2300 397,2320 611,2320 611,2300 612,2300 612,2298 711,2298 711,2297 711,2298 713,2298 713,2319 903,2319 903,2300 904,2300 904,2299 905,2299 905,2298 979,2298 979,2297 981,2297 981,2296 981,2297 1056,2297 1056,2298 1058,2298 1058,2299 1059,2299 1059,2300 1060,2300 1060,2304 1061,2304 1061,2317 1205,2317 1205,2303 1207,2303 1207,2302 1254,2302 1254,2295 1256,2295 1256,2294 1259,2294 1259,2295 1260,2295 1260,2296 1261,2296 1261,2299 1262,2299 1262,2302 1400,2302 1400,2300 1402,2300 1402,2299 1407,2299 1407,2298 1442,2298 1442,2297 1444,2297 1444,2296 1445,2296 1445,2295 1449,2295 1449,2296 1451,2296 1451,2297 1452,2297 1452,2299 1453,2299 1453,2303 1454,2303 1454,2315 1563,2315 1563,2296 1564,2296 1564,2295 1565,2295 1565,2294 1645,2294 1645,2293"/>
	<Word id="r246">
	<Coords points="396,2298 396,2300 397,2300 397,2320 492,2320 492,2321 493,2321 493,2338 509,2338 509,2339 511,2339 511,2340 512,2340 512,2343 513,2343 513,2345 512,2345 512,2347 511,2347 511,2350 510,2350 510,2351 509,2351 509,2352 508,2352 508,2353 506,2353 506,2354 504,2354 504,2355 404,2355 404,2360 403,2360 403,2362 402,2362 402,2363 401,2363 401,2364 398,2364 398,2363 328,2363 328,2362 327,2362 327,2348 274,2348 274,2347 238,2347 238,2346 237,2346 237,2342 238,2342 238,2340 239,2340 239,2338 240,2338 240,2334 241,2334 241,2331 242,2331 242,2328 243,2328 243,2325 244,2325 244,2323 245,2323 245,2322 246,2322 246,2321 261,2321 261,2320 280,2320 280,2321 384,2321 384,2312 385,2312 385,2309 386,2309 386,2307 387,2307 387,2305 388,2305 388,2303 389,2303 389,2302 390,2302 390,2300 392,2300 392,2299 393,2299 393,2298"/>
	<TextEquiv>
	<Unicode>κισμύριοι,</Unicode></TextEquiv></Word>
	<Word id="r247">
	<Coords points="615,2298 615,2299 616,2299 616,2301 617,2301 617,2303 618,2303 618,2306 619,2306 619,2308 620,2308 620,2309 621,2309 621,2312 622,2312 622,2314 623,2314 623,2335 625,2335 625,2336 627,2336 626,2336 626,2339 625,2339 625,2341 624,2341 624,2343 623,2343 623,2344 621,2344 621,2345 620,2345 620,2346 618,2346 618,2347 615,2347 615,2346 541,2346 541,2341 542,2341 542,2339 543,2339 543,2337 544,2337 544,2334 545,2334 545,2330 546,2330 546,2327 547,2327 547,2325 548,2325 548,2322 549,2322 549,2321 550,2321 550,2320 611,2320 611,2300 612,2300 612,2298"/>
	<TextEquiv>
	<Unicode>καὶ</Unicode></TextEquiv></Word>
	<Word id="r297">
	<Coords points="711,2298 713,2298 713,2319 817,2319 817,2320 854,2320 854,2321 855,2321 855,2327 854,2327 854,2329 853,2329 853,2331 852,2331 852,2332 851,2332 851,2334 850,2334 850,2335 849,2335 849,2336 848,2336 848,2337 847,2337 847,2339 846,2339 846,2340 844,2340 844,2341 843,2341 843,2342 842,2342 842,2343 840,2343 840,2344 838,2344 838,2345 836,2345 836,2346 832,2346 832,2347 832,2346 676,2346 676,2349 675,2349 675,2353 674,2353 674,2354 673,2354 673,2355 672,2355 672,2356 671,2356 671,2357 668,2357 668,2358 667,2358 667,2359 659,2359 659,2345 658,2345 658,2344 657,2344 657,2342 656,2342 656,2339 655,2339 655,2334 656,2334 656,2330 657,2330 657,2328 658,2328 658,2326 659,2326 659,2324 660,2324 660,2305 661,2305 661,2304 662,2304 662,2302 664,2302 664,2301 708,2301 708,2299 709,2299 709,2298 711,2298 711,2297"/>
	<TextEquiv>
	<Unicode>ζώντων</Unicode></TextEquiv></Word>
	<Word id="r304">
	<Coords points="981,2297 1056,2297 1056,2298 1058,2298 1058,2299 1059,2299 1059,2300 1060,2300 1060,2304 1061,2304 1061,2317 1089,2317 1089,2318 1091,2318 1091,2319 1092,2319 1092,2320 1093,2320 1093,2322 1094,2322 1094,2324 1095,2324 1094,2324 1094,2329 1093,2329 1093,2333 1092,2333 1092,2336 1091,2336 1091,2340 1090,2340 1090,2346 1089,2346 1089,2352 1088,2352 1088,2354 1087,2354 1087,2356 1086,2356 1086,2357 1084,2357 1084,2358 1003,2358 1003,2359 1002,2359 1002,2360 1001,2360 1001,2361 1000,2361 1000,2360 999,2360 999,2358 968,2358 968,2346 899,2346 899,2345 896,2345 896,2344 894,2344 894,2343 893,2343 893,2342 892,2342 892,2340 891,2340 891,2337 890,2337 890,2332 891,2332 891,2329 892,2329 892,2328 893,2328 893,2327 894,2327 894,2326 895,2326 895,2324 896,2324 896,2323 897,2323 897,2322 898,2322 898,2321 899,2321 899,2320 901,2320 901,2319 903,2319 903,2300 904,2300 904,2299 905,2299 905,2298 979,2298 979,2297 981,2297 981,2296"/>
	<TextEquiv>
	<Unicode>ἐλήφθη</Unicode></TextEquiv></Word>
	<Word id="r303">
	<Coords points="1259,2294 1259,2295 1260,2295 1260,2296 1261,2296 1261,2299 1262,2299 1262,2302 1263,2302 1263,2306 1264,2306 1264,2307 1265,2307 1265,2316 1270,2316 1270,2317 1271,2317 1271,2319 1272,2319 1272,2320 1273,2320 1272,2320 1272,2324 1271,2324 1271,2328 1270,2328 1270,2329 1269,2329 1269,2330 1268,2330 1268,2334 1267,2334 1267,2336 1266,2336 1266,2337 1265,2337 1265,2338 1264,2338 1264,2339 1263,2339 1263,2340 1261,2340 1261,2341 1259,2341 1259,2342 1255,2342 1255,2343 1158,2343 1158,2344 1157,2344 1157,2345 1140,2345 1140,2344 1139,2344 1139,2330 1134,2330 1134,2329 1133,2329 1133,2323 1134,2323 1134,2320 1136,2320 1136,2319 1138,2319 1138,2318 1187,2318 1187,2317 1205,2317 1205,2303 1207,2303 1207,2302 1254,2302 1254,2295 1256,2295 1256,2294"/>
	<TextEquiv>
	<Unicode>πολὺ</Unicode></TextEquiv></Word>
	<Word id="r253">
	<Coords points="1449,2295 1449,2296 1451,2296 1451,2297 1452,2297 1452,2299 1453,2299 1453,2303 1454,2303 1454,2315 1501,2315 1501,2316 1505,2316 1505,2317 1507,2317 1507,2318 1509,2318 1509,2321 1510,2321 1510,2324 1509,2324 1509,2325 1508,2325 1508,2326 1506,2326 1506,2341 1505,2341 1505,2343 1504,2343 1504,2344 1503,2344 1503,2346 1501,2346 1501,2347 1497,2347 1497,2348 1412,2348 1412,2350 1411,2350 1411,2352 1410,2352 1410,2356 1405,2356 1405,2344 1315,2344 1315,2343 1314,2343 1314,2329 1309,2329 1309,2328 1308,2328 1308,2321 1309,2321 1309,2319 1310,2319 1310,2318 1312,2318 1312,2317 1352,2317 1352,2302 1400,2302 1400,2300 1402,2300 1402,2299 1407,2299 1407,2298 1442,2298 1442,2297 1444,2297 1444,2296 1445,2296 1445,2295"/>
	<TextEquiv>
	<Unicode>πλῆθος</Unicode></TextEquiv></Word>
	<Word id="r254">
	<Coords points="1650,2293 1650,2294 1651,2294 1651,2332 1650,2332 1650,2335 1649,2335 1649,2337 1648,2337 1648,2338 1647,2338 1647,2340 1646,2340 1646,2341 1645,2341 1645,2342 1644,2342 1644,2343 1642,2343 1642,2344 1639,2344 1639,2345 1635,2345 1635,2344 1590,2344 1590,2343 1553,2343 1553,2342 1551,2342 1551,2341 1550,2341 1550,2340 1549,2340 1549,2339 1548,2339 1548,2338 1547,2338 1547,2331 1548,2331 1548,2329 1549,2329 1549,2326 1550,2326 1550,2324 1551,2324 1551,2323 1552,2323 1552,2322 1553,2322 1553,2321 1554,2321 1554,2320 1556,2320 1556,2319 1557,2319 1557,2318 1558,2318 1558,2317 1563,2317 1563,2296 1564,2296 1564,2295 1565,2295 1565,2294 1645,2294 1645,2293"/>
	<TextEquiv>
	<Unicode>ἀπό</Unicode></TextEquiv></Word>
	<TextEquiv>
	<Unicode>κισμύριοι, καὶ ζώντων ἐλήφθη πολὺ πλῆθος ἀπό</Unicode></TextEquiv></TextLine>
	<TextLine id="r37">
	<Coords points="1349,2362 1349,2363 1350,2363 1350,2384 1485,2384 1485,2385 1636,2385 1636,2366 1637,2366 1637,2364 1639,2364 1639,2365 1640,2365 1640,2366 1641,2366 1641,2368 1642,2368 1642,2370 1643,2370 1643,2373 1644,2373 1644,2375 1645,2375 1645,2377 1646,2377 1646,2379 1647,2379 1647,2400 1649,2400 1649,2402 1650,2402 1649,2402 1649,2406 1648,2406 1648,2408 1647,2408 1647,2410 1646,2410 1646,2411 1645,2411 1645,2412 1642,2412 1642,2413 1640,2413 1640,2412 1535,2412 1535,2413 1534,2413 1534,2415 1533,2415 1533,2417 1532,2417 1532,2418 1530,2418 1530,2419 1526,2419 1526,2420 1525,2420 1525,2419 1524,2419 1524,2413 1410,2413 1410,2418 1409,2418 1409,2421 1408,2421 1408,2423 1407,2423 1407,2425 1403,2425 1403,2424 1402,2424 1402,2423 1401,2423 1401,2413 1132,2413 1132,2415 1131,2415 1131,2416 1130,2416 1130,2417 1127,2417 1127,2418 1124,2418 1124,2417 1123,2417 1123,2416 1122,2416 1122,2414 972,2414 972,2415 971,2415 971,2424 970,2424 970,2428 968,2428 968,2429 967,2429 967,2428 966,2428 966,2415 682,2415 682,2416 666,2416 666,2417 623,2417 623,2418 621,2418 621,2419 598,2419 598,2420 597,2420 597,2423 596,2423 596,2426 595,2426 595,2428 592,2428 592,2429 592,2428 591,2428 591,2416 485,2416 485,2417 437,2417 437,2418 436,2418 436,2421 435,2421 435,2426 434,2426 434,2427 369,2427 369,2428 368,2428 368,2429 367,2429 367,2430 365,2430 365,2429 364,2429 364,2428 363,2428 363,2417 248,2417 248,2418 247,2418 247,2417 245,2417 245,2415 244,2415 244,2401 237,2401 237,2400 236,2400 236,2399 235,2399 235,2394 236,2394 236,2392 237,2392 237,2391 238,2391 238,2390 240,2390 240,2389 356,2389 356,2377 357,2377 357,2376 358,2376 358,2374 360,2374 360,2373 362,2373 362,2372 453,2372 453,2371 454,2371 454,2370 456,2370 456,2369 459,2369 459,2370 462,2370 462,2371 465,2371 465,2372 467,2372 467,2373 468,2373 468,2374 585,2374 585,2373 587,2373 587,2372 590,2372 590,2371 593,2371 593,2372 597,2372 597,2373 598,2373 598,2374 599,2374 599,2376 600,2376 600,2378 601,2378 601,2387 619,2387 619,2388 727,2388 727,2375 728,2375 728,2373 837,2373 837,2368 838,2368 838,2367 839,2367 839,2368 840,2368 840,2369 841,2369 841,2372 842,2372 842,2374 843,2374 843,2376 844,2376 844,2378 845,2378 845,2388 948,2388 948,2387 982,2387 982,2386 1106,2386 1106,2385 1187,2385 1187,2366 1188,2366 1188,2365 1190,2365 1190,2364 1191,2364 1191,2365 1195,2365 1195,2366 1197,2366 1197,2368 1198,2368 1198,2370 1340,2370 1340,2369 1341,2369 1341,2368 1342,2368 1342,2366 1343,2366 1343,2365 1344,2365 1344,2364 1345,2364 1345,2363 1346,2363 1346,2362"/>
	<Word id="r255">
	<Coords points="287,2389 287,2390 289,2390 289,2392 290,2392 290,2394 289,2394 289,2395 288,2395 288,2396 287,2396 287,2415 286,2415 286,2416 284,2416 284,2417 248,2417 248,2418 247,2418 247,2417 245,2417 245,2415 244,2415 244,2401 237,2401 237,2400 236,2400 236,2399 235,2399 235,2394 236,2394 236,2392 237,2392 237,2391 238,2391 238,2390 240,2390 240,2389"/>
	<TextEquiv>
	<Unicode>τε</Unicode></TextEquiv></Word>
	<Word id="r256">
	<Coords points="367,2372 367,2373 370,2373 370,2374 371,2374 371,2375 372,2375 372,2376 373,2376 373,2378 374,2378 374,2390 398,2390 398,2391 400,2391 400,2392 402,2392 402,2393 403,2393 403,2399 400,2399 400,2416 399,2416 399,2418 398,2418 398,2419 397,2419 397,2420 392,2420 392,2421 371,2421 371,2422 370,2422 370,2426 369,2426 369,2428 368,2428 368,2429 367,2429 367,2430 365,2430 365,2429 364,2429 364,2428 363,2428 363,2417 325,2417 325,2416 324,2416 324,2415 323,2415 323,2401 317,2401 317,2400 316,2400 316,2399 315,2399 315,2393 316,2393 316,2392 317,2392 317,2390 356,2390 356,2377 357,2377 357,2376 358,2376 358,2374 360,2374 360,2373 362,2373 362,2372"/>
	<TextEquiv>
	<Unicode>τῆς</Unicode></TextEquiv></Word>
	<Word id="r257">
	<Coords points="459,2369 459,2370 462,2370 462,2371 465,2371 465,2372 467,2372 467,2373 468,2373 468,2374 585,2374 585,2373 587,2373 587,2372 590,2372 590,2371 593,2371 593,2372 597,2372 597,2373 598,2373 598,2374 599,2374 599,2376 600,2376 600,2378 601,2378 601,2387 619,2387 619,2388 627,2388 627,2389 628,2389 628,2390 629,2390 629,2391 630,2391 630,2392 631,2392 631,2395 632,2395 632,2396 631,2396 631,2397 627,2397 627,2412 626,2412 626,2414 625,2414 625,2415 624,2415 624,2417 623,2417 623,2418 621,2418 621,2419 598,2419 598,2420 597,2420 597,2423 596,2423 596,2426 595,2426 595,2428 592,2428 592,2429 592,2428 591,2428 591,2416 485,2416 485,2417 437,2417 437,2418 436,2418 436,2421 435,2421 435,2426 434,2426 434,2427 432,2427 432,2426 431,2426 431,2425 430,2425 430,2421 431,2421 431,2418 432,2418 432,2416 433,2416 433,2412 434,2412 434,2410 435,2410 435,2404 436,2404 436,2400 437,2400 437,2398 438,2398 438,2393 439,2393 439,2392 440,2392 440,2389 441,2389 441,2385 442,2385 442,2382 443,2382 443,2380 444,2380 444,2378 445,2378 445,2376 446,2376 446,2375 447,2375 447,2374 448,2374 448,2373 450,2373 450,2372 453,2372 453,2371 454,2371 454,2370 456,2370 456,2369"/>
	<TextEquiv>
	<Unicode>βουλῆς</Unicode></TextEquiv></Word>
	<Word id="r258">
	<Coords points="839,2367 839,2368 840,2368 840,2369 841,2369 841,2372 842,2372 842,2374 843,2374 843,2376 844,2376 844,2378 845,2378 845,2404 849,2404 849,2406 850,2406 850,2407 849,2407 849,2408 848,2408 848,2410 847,2410 847,2412 846,2412 846,2413 844,2413 844,2414 842,2414 842,2415 682,2415 682,2416 666,2416 666,2417 666,2416 663,2416 663,2401 657,2401 657,2399 656,2399 656,2396 657,2396 657,2393 658,2393 658,2391 659,2391 659,2390 661,2390 661,2389 673,2389 673,2388 727,2388 727,2375 728,2375 728,2373 837,2373 837,2368 838,2368 838,2367"/>
	<TextEquiv>
	<Unicode>πολλοὶ</Unicode></TextEquiv></Word>
	<Word id="r259">
	<Coords points="1106,2385 1131,2385 1131,2386 1134,2386 1134,2387 1135,2387 1135,2388 1137,2388 1137,2390 1138,2390 1138,2393 1137,2393 1137,2395 1134,2395 1134,2410 1133,2410 1133,2413 1132,2413 1132,2415 1131,2415 1131,2416 1130,2416 1130,2417 1127,2417 1127,2418 1124,2418 1124,2417 1123,2417 1123,2416 1122,2416 1122,2414 972,2414 972,2415 971,2415 971,2424 970,2424 970,2428 968,2428 968,2429 967,2429 967,2428 966,2428 966,2415 894,2415 894,2414 893,2414 893,2401 888,2401 888,2399 887,2399 887,2392 888,2392 888,2391 889,2391 889,2390 890,2390 890,2389 892,2389 892,2388 948,2388 948,2387 982,2387 982,2386 1106,2386"/>
	<TextEquiv>
	<Unicode>παρόντες</Unicode></TextEquiv></Word>
	<Word id="r260">
	<Coords points="1349,2362 1349,2363 1350,2363 1350,2384 1485,2384 1485,2385 1519,2385 1519,2386 1521,2386 1521,2389 1522,2389 1522,2401 1530,2401 1530,2402 1533,2402 1533,2403 1534,2403 1534,2404 1535,2404 1535,2406 1536,2406 1536,2410 1535,2410 1535,2413 1534,2413 1534,2415 1533,2415 1533,2417 1532,2417 1532,2418 1530,2418 1530,2419 1526,2419 1526,2420 1525,2420 1525,2419 1524,2419 1524,2413 1410,2413 1410,2418 1409,2418 1409,2421 1408,2421 1408,2423 1407,2423 1407,2425 1403,2425 1403,2424 1402,2424 1402,2423 1401,2423 1401,2413 1183,2413 1183,2412 1181,2412 1181,2411 1179,2411 1179,2410 1178,2410 1178,2408 1177,2408 1177,2407 1176,2407 1176,2405 1175,2405 1175,2396 1176,2396 1176,2394 1177,2394 1177,2392 1179,2392 1179,2390 1180,2390 1180,2389 1181,2389 1181,2388 1182,2388 1182,2387 1184,2387 1184,2386 1186,2386 1186,2385 1187,2385 1187,2366 1188,2366 1188,2365 1190,2365 1190,2364 1191,2364 1191,2365 1195,2365 1195,2366 1197,2366 1197,2368 1198,2368 1198,2370 1340,2370 1340,2369 1341,2369 1341,2368 1342,2368 1342,2366 1343,2366 1343,2365 1344,2365 1344,2364 1345,2364 1345,2363 1346,2363 1346,2362"/>
	<TextEquiv>
	<Unicode>ἐτελεύτησαν,</Unicode></TextEquiv></Word>
	<Word id="r261">
	<Coords points="1639,2364 1639,2365 1640,2365 1640,2366 1641,2366 1641,2368 1642,2368 1642,2370 1643,2370 1643,2373 1644,2373 1644,2375 1645,2375 1645,2377 1646,2377 1646,2379 1647,2379 1647,2400 1649,2400 1649,2402 1650,2402 1649,2402 1649,2406 1648,2406 1648,2408 1647,2408 1647,2410 1646,2410 1646,2411 1645,2411 1645,2412 1642,2412 1642,2413 1640,2413 1640,2412 1566,2412 1566,2411 1565,2411 1565,2406 1566,2406 1566,2403 1567,2403 1567,2402 1568,2402 1568,2400 1569,2400 1569,2396 1570,2396 1570,2393 1571,2393 1571,2389 1572,2389 1572,2387 1574,2387 1574,2386 1589,2386 1589,2385 1636,2385 1636,2366 1637,2366 1637,2364"/>
	<TextEquiv>
	<Unicode>καὶ</Unicode></TextEquiv></Word>
	<TextEquiv>
	<Unicode>τε τῆς βουλῆς πολλοὶ παρόντες ἐτελεύτησαν, καὶ</Unicode></TextEquiv></TextLine>
	<TextLine id="r322">
	<Coords points="190,2454 190,2532 383,2532 383,2454"/>
	<Word id="r328">
	<Coords points="219,2458 219,2532 377,2532 377,2458"/>
	<TextEquiv>
	<Unicode>342</Unicode></TextEquiv></Word>
	<TextEquiv>
	<Unicode>342</Unicode></TextEquiv></TextLine></TextRegion></Page></PcGts>
