1747 2693
133 258 236 295 CAP.

158 299 209 334 IV

130 2296 234 2336 CAP.

156 2340 190 2374 V

300 90 648 187 APPIAN'S
661 103 906 187 ROMAN
932 103 1267 183 HISTORY,
1283 100 1480 193 BOOK
1483 90 1625 193 VII

257 245 335 297 ἐπ᾽
348 248 521 300 αὐτοῖς
541 245 819 314 ταξίαρχοί
838 266 892 295 τε
911 245 1101 299 πάντες
1122 244 1208 295 καὶ
1224 245 1449 312 λοχαγοὶ
1469 245 1557 296 καὶ
1573 249 1671 295 τῶν

257 318 565 380 στρατηγῶν
584 317 754 364 αὐτῶν
780 314 826 363 οἱ
852 314 1057 379 ἄριστοι
1079 312 1181 363 δύο.
1222 312 1246 362 ὁ
1274 314 1325 362 δὲ
1347 312 1673 379 φαυλότατός

257 405 312 433 τε
339 383 425 432 καὶ
444 385 545 432 τῶν
566 385 847 447 συμφορῶν
872 383 1034 436 αἴτιος
1062 380 1349 450 ἀρχομένης
1366 387 1454 444 τῆς
1480 387 1672 447 τροπῆς

257 451 546 517 ἐπεφεύγει.
621 452 709 500 καὶ
756 449 1004 513 Ῥωμαῖοι
1053 449 1142 499 δύο
1194 450 1363 499 ἔτεσιν
1409 450 1505 511 ἤδη
1554 451 1671 514 περὶ

257 520 351 581 τὴν
375 518 609 569 Ἰταλίαν
630 518 852 588 Ἀννίβᾳ
876 522 1223 582 πολεμοῦντες
1250 517 1673 568 ἀπωλωλέκεσαν

257 588 455 653 ἀνδρῶν
481 585 622 637 ἰδίων
649 608 704 636 τε
730 588 814 636 καὶ
844 581 1137 655 συμμάχων
1163 587 1212 640 ἐς
1238 585 1361 635 δέκα
1385 585 1649 651 μυριάδας.

328 662 403 705 26.
444 655 692 716 Ἀννίβας
718 655 768 705 δὲ
808 653 951 717 νίκην
990 654 1209 720 ἀρίστην
1246 675 1302 703 τε
1340 655 1427 704 καὶ
1453 654 1674 705 σπάνιον

255 724 646 788 ἐξενεγκάμενος
694 722 881 788 ἡμέρας
928 727 1048 787 μιᾶς
1105 722 1509 787 στρατηγήμασι
1558 722 1672 772 τέσ-

257 814 434 857 σαρσι,
453 796 544 842 τοῦ
571 813 626 842 τε
650 792 942 856 πνεύματος
966 795 1028 856 τῇ
1058 793 1192 857 φορᾷ
1219 791 1305 841 καὶ
1332 795 1438 844 τοῖς
1466 792 1673 855 ὑποκρι-

258 863 425 911 θεῖσιν
450 861 760 925 αὐτομολεῖν
786 861 873 911 καὶ
899 865 1005 913 τοῖς
1030 859 1439 925 προσποιηθεῖσι
1466 861 1673 925 φεύγειν

257 930 345 980 καὶ
393 934 501 983 τοῖς
548 931 599 979 ἐν
645 931 831 991 μέσαις
873 932 985 981 ταῖς
1023 928 1253 1000 φάραγξι
1296 927 1672 991 κεκρυμμένοις,

257 997 405 1053 εὐθὺς
448 996 552 1048 ἀπὸ
593 1002 682 1047 τοῦ
723 997 871 1063 ἔργου
914 997 1031 1051 τοὺς
1068 994 1327 1050 πεσόντας
1363 995 1525 1061 ἐπῄει,
1554 997 1674 1046 θεώ-

253 1088 404 1130 μενος
443 1066 495 1116 δὲ
534 1069 637 1117 τῶν
676 1065 845 1132 φίλων
887 1065 1005 1119 τοὺς
1049 1064 1291 1130 ἀρίστους
1333 1064 1675 1130 ἀνῃρημένους

257 1135 449 1202 ᾤμωξε,
500 1135 587 1184 καὶ
635 1134 897 1199 δακρύσας
946 1134 1089 1184 εἶπεν
1139 1133 1197 1182 οὐ
1245 1134 1455 1201 χρῄζειν
1503 1133 1675 1200 ἑτέρας

257 1203 469 1254 τοιᾶσδε
493 1202 650 1265 νίκης.
726 1203 751 1252 ὃ
793 1203 880 1252 καὶ
924 1202 1133 1267 Πύρρον
1171 1201 1339 1266 φασὶν
1373 1201 1537 1252 εἰπεῖν
1573 1201 1674 1268 πρὸ

255 1273 432 1329 αὐτοῦ,
461 1270 549 1322 τὸν
572 1269 823 1336 Ἠπείρου
859 1270 1109 1329 βασιλέα,
1137 1267 1403 1333 Ῥωμαίων
1439 1271 1675 1321 κἀκεῖνον

256 1342 309 1391 ἐν
332 1339 536 1409 Ἰταλίᾳ
579 1344 869 1405 κρατοῦντα
908 1339 1005 1389 σὺν
1044 1337 1193 1407 ὁμοίᾳ
1237 1337 1404 1407 ζημίᾳ.
1478 1341 1580 1389 τῶν
1624 1340 1671 1389 δὲ

258 1407 526 1475 φυγόντων
575 1411 630 1458 ἐκ
680 1412 770 1471 τῆς
817 1407 1006 1476 μάχης
1041 1408 1087 1456 οἱ
1135 1407 1227 1474 μὲν
1277 1409 1328 1456 ἐν
1377 1410 1447 1472 τῷ
1485 1406 1675 1471 μείζονι

257 1476 595 1548 στρατοπέδῳ
632 1471 925 1542 στρατηγὸν
968 1470 1138 1529 αὑτῶν
1182 1474 1405 1540 ἑσπέρας
1445 1474 1675 1541 ἑλόμενοι

257 1545 501 1596 Πόπλιον
540 1544 888 1612 Σεμπρώνιον,
930 1543 1221 1606 ἐβιάσαντο
1270 1544 1387 1598 τοὺς
1431 1543 1675 1606 Ἀννίβου

258 1616 500 1677 φύλακας
548 1614 711 1665 ὕπνου
760 1615 847 1664 καὶ
896 1612 1060 1663 κόπου
1108 1612 1326 1677 πλήρεις
1373 1613 1536 1671 ὄντας,
1587 1616 1675 1663 καὶ

256 1683 524 1751 διέδραμον
566 1684 615 1737 ἐς
651 1681 917 1733 Κανύσιον
955 1682 1074 1748 περὶ
1105 1681 1270 1746 μέσας
1307 1680 1509 1739 νύκτας,
1540 1681 1673 1749 ἀμφὶ

255 1752 373 1807 τοὺς
391 1749 615 1817 μυρίους,
638 1750 687 1801 οἱ
704 1751 743 1801 δ᾽
763 1752 815 1801 ἐν
834 1753 904 1817 τῷ
919 1749 1229 1818 βραχυτέρῳ
1248 1749 1674 1817 πεντακισχίλιοι

255 1825 346 1884 τῆς
372 1820 620 1882 ἐπιούσης
635 1819 824 1885 ἡμέρας
843 1820 1153 1885 ἐλήφθησαν
1181 1816 1280 1868 ὑπὸ
1306 1822 1397 1868 τοῦ
1414 1818 1671 1879 Ἀννίβου.

255 1889 519 1954 Τερέντιος
562 1888 614 1938 δὲ
652 1887 877 1954 στρατὸν
915 1886 1122 1954 ἀγείρας
1158 1886 1274 1941 τοὺς
1300 1886 1674 1953 διερριμμένους

256 1959 497 2023 ἐπειρᾶτο
540 1956 968 2023 παραθαρρύνειν,
1019 1956 1106 2006 καὶ
1155 1954 1453 2020 στρατηγὸν
1500 1957 1674 2010 αὐτοῖς

257 2026 551 2089 ἐπιστήσας
598 2030 699 2076 τῶν
758 2025 1056 2094 χιλιάρχων
1118 2023 1233 2074 τινὰ
1298 2019 1566 2077 Σκιπίωνα
1627 2026 1674 2079 ἐς

254 2093 456 2159 Ῥώμην
483 2094 762 2160 διέδραμεν.

912 2187 1016 2267 V

327 2298 402 2343 27.
441 2293 509 2342 Ἡ
537 2292 589 2343 δὲ
614 2291 784 2349 πόλις,
811 2293 1237 2355 ἀπαγγελθεισης
1263 2295 1352 2354 τῆς
1384 2296 1669 2356 συμφορᾶς,

258 2362 306 2412 οἱ
349 2361 441 2426 μὲν
491 2363 543 2412 ἐν
591 2366 703 2416 ταῖς
747 2361 880 2415 ὁδοῖς
919 2361 1161 2426 ἐθρήνουν
1201 2381 1257 2410 τε
1300 2359 1417 2413 τοὺς
1460 2358 1670 2414 οἰκείους

254 2451 367 2525 344
