1747 2693
133 258 232 294 CAP.

161 300 198 334 V

311 116 629 185 APPIAN'S
659 114 909 179 ROMAN
944 116 1266 181 HISTORY,
1290 118 1483 183 BOOK
1516 116 1614 177 VII

257 247 649 301 ἀνακαλοῦντες,
680 244 766 293 καὶ
794 247 935 309 σφᾶς
979 245 1044 297 ὡς
1088 246 1274 293 αὐτικα
1316 243 1673 306 ἁλωσομένους

257 321 602 389 ὠλοφύροντο,
632 321 687 371 αἱ
713 322 763 371 δὲ
790 326 1028 384 γυναῖκες
1064 320 1288 371 ἱκέτευον
1315 323 1367 372 ἐν
1394 325 1499 375 τοῖς
1526 320 1675 387 ἱεροῖς

255 400 385 465 μετὰ
424 403 525 450 τῶν
566 398 755 450 τέκνων
793 398 955 462 λῆξαί
996 420 1126 449 ποτε
1168 399 1258 453 τὰς
1298 399 1572 466 συμφορὰς
1610 404 1671 465 τῇ

256 477 424 535 πόλει,
487 478 535 528 οἱ
595 478 635 527 δ᾽
697 477 945 545 ἄρχοντες
1007 477 1213 531 θυσίαις
1261 499 1316 527 τε
1363 480 1450 527 καὶ
1501 479 1678 547 εὐχαῖς

258 556 541 607 ἱλάσκοντο
603 555 719 610 τοὺς
780 555 941 613 θεούς,
992 557 1039 605 εἴ
1095 577 1145 606 τι
1202 555 1399 619 μήνιμα
1456 557 1676 624 ἐνοχλεῖ,

258 636 567 699 κορεσθῆναι
608 639 716 688 τοῖς
741 632 1027 698 γεγονόσιν.
1101 634 1131 695 ἡ
1160 633 1212 683 δὲ
1245 633 1420 697 βουλὴ
1460 633 1679 684 Κόιντον

258 713 347 764 μὲν
382 714 606 774 Φάβιον,
636 711 724 763 τὸν
768 711 1079 777 συγγραφέα
1116 712 1274 762 τῶνδε
1299 715 1401 762 τῶν
1427 712 1603 777 ἔργων,
1632 714 1679 766 ἐς

257 792 497 859 Δελφοὺς
523 792 723 856 ἔπεμπε
749 789 1076 859 χρησόμενον
1101 791 1220 855 περὶ
1258 794 1360 840 τῶν
1393 789 1677 855 παρόντων,

258 869 471 924 δούλους
492 869 543 919 δὲ
560 871 608 923 ἐς
627 868 1056 937 ὀκτακισχιλίους
1073 872 1175 919 τῶν
1195 869 1464 919 δεσποτῶν
1482 867 1678 919 ἐπιδόν-

257 969 359 998 των
395 947 692 1015 ἠλευθέρου,
732 947 878 997 ὅπλα
909 968 964 997 τε
1003 948 1085 997 καὶ
1127 946 1255 1011 τόξα
1291 946 1409 1001 τοὺς
1447 949 1498 997 ἐν
1531 947 1679 997 ἄστει

256 1026 457 1080 πάντας
490 1026 801 1092 ἐργάζεσθαι
826 1024 1202 1091 παρεσκεύαζε,
1232 1025 1317 1074 καὶ
1355 1025 1679 1093 συμμάχους,

254 1105 344 1155 καὶ
370 1104 450 1161 ὥς,
478 1103 621 1158 τινὰς
647 1103 940 1168 συνέλεγεν.
1005 1103 1272 1153 Κλαύδιόν
1290 1124 1345 1153 τε
1362 1104 1682 1168 Μάρκελλον

254 1184 520 1248 μέλλοντα
569 1187 726 1233 πλεῖν
773 1183 822 1236 ἐς
878 1178 1138 1239 Σικελίαν,
1190 1183 1239 1235 ἐς
1299 1181 1387 1232 τὸν
1435 1182 1683 1244 Ἀννίβου

255 1261 487 1325 πόλεμον
513 1261 802 1326 μετέφερεν.
855 1259 879 1309 ὁ
907 1259 958 1309 δὲ
975 1259 1063 1310 τὸν
1081 1260 1175 1323 μὲν
1195 1258 1387 1310 στόλον
1409 1259 1683 1327 ἐμερίσατο

257 1344 327 1407 τῷ
355 1338 601 1407 συνάρχῳ
630 1337 851 1405 Φουρίῳ,
879 1338 964 1388 καὶ
992 1337 1050 1389 τὸ
1073 1338 1224 1403 μέρος
1250 1338 1489 1406 ἔπεμψεν
1516 1341 1564 1393 ἐς
1590 1339 1683 1401 τὴν

257 1417 517 1474 Σικελίαν,
546 1416 701 1471 αὐτὸς
740 1417 791 1466 δὲ
830 1417 948 1471 τοὺς
986 1416 1199 1471 δούλους
1238 1416 1378 1481 ἄγων
1415 1418 1502 1467 καὶ
1529 1417 1683 1472 ὅσους

257 1497 452 1550 ἄλλους
481 1496 693 1546 ἐδύνατο
721 1499 823 1545 τῶν
860 1499 1094 1546 πολιτῶν
1130 1496 1161 1559 ἢ
1202 1496 1513 1562 συμμάχων,
1540 1518 1682 1560 γενο-

256 1575 435 1640 μένους
462 1574 699 1628 ἅπαντας
724 1575 771 1628 ἐς
796 1572 1007 1640 μυρίους
1046 1573 1230 1636 πεζοὺς
1269 1576 1356 1624 καὶ
1385 1574 1681 1642 δισχιλίους

259 1653 462 1711 ἱππέας,
492 1655 540 1707 ἐς
568 1652 625 1703 τὸ
652 1652 845 1703 Τεανὸν
882 1654 1138 1718 παρῆλθε,
1166 1653 1254 1703 καὶ
1280 1653 1309 1707 ὅ
1410 1655 1627 1719 πράξειν
1655 1652 1679 1703 ὁ
1327 1664 1389 1712 τι

255 1731 503 1793 Ἀννίβας
528 1733 716 1796 μέλλοι
743 1731 1176 1798 παρεφύλασσεν.

328 1817 403 1860 28.
442 1811 690 1871 Ἀννιβου
740 1809 792 1860 δὲ
843 1808 1015 1864 δόντος
1063 1813 1168 1864 τοῖς
1217 1809 1576 1878 αἰχμαλώτοις
1635 1812 1682 1865 ἐς

253 1888 455 1953 Ῥώμην
503 1888 945 1954 πρεσβεύσασθαι
1006 1888 1123 1954 περὶ
1172 1891 1338 1953 σφῶν,
1391 1888 1434 1938 εἰ
1483 1888 1681 1939 θέλοιεν

257 1968 442 2021 αὐτοὺς
469 1967 516 2017 οἱ
553 1968 604 2017 ἐν
643 1967 791 2017 ἄστει
827 1966 1100 2017 λύσασθαι
1126 1967 1424 2036 χρημάτων,
1452 1966 1541 2018 καὶ
1564 1968 1682 2023 τοὺς

257 2045 551 2112 αἱρεθέντας
601 2046 686 2095 ὑπ᾽
740 2047 909 2095 αὐτῶν
958 2049 1105 2111 τρεῖς,
1159 2046 1227 2095 ὧν
1275 2048 1449 2109 ἡγεῖτο
1500 2048 1681 2101 Γναῖος

257 2124 599 2193 Σεμπρώνιος,
643 2124 969 2192 ὁρκώσαντος
1009 2126 1057 2179 ἐς
1096 2124 1251 2174 αὐτὸν
1301 2125 1589 2188 ἐπανήξειν,
1635 2126 1682 2175 οἱ

255 2205 347 2268 μὲν
371 2203 546 2254 οἰκεῖοι
565 2207 668 2254 τῶν
688 2202 934 2260 ἁλόντων,
957 2203 1292 2267 περιστάντες
1313 2202 1370 2253 τὸ
1396 2205 1678 2267 βουλευτή-

255 2303 377 2349 ριον,
401 2282 790 2347 ἐπηγγέλλοντο
810 2281 1071 2331 λύσεσθαι
1092 2282 1206 2335 τοὺς
1228 2280 1441 2335 οἰκείους
1462 2282 1680 2335 ἕκαστος

258 2355 399 2411 ἰδίοις
424 2357 676 2423 χρήμασι,
706 2357 791 2407 καὶ
818 2358 1152 2422 παρεκάλουν
1179 2357 1271 2419 τὴν
1295 2356 1502 2419 βουλὴν
1527 2361 1677 2407 τοῦτο

255 2453 370 2512 346
