<?xml version="1.0" encoding="UTF-8"?>
<PcGts xmlns="http://schema.primaresearch.org/PAGE/gts/pagecontent/2013-07-15" xmlns:xsi="http://www.w3.org/2001/XMLSchema-instance" xsi:schemaLocation="http://schema.primaresearch.org/PAGE/gts/pagecontent/2013-07-15 http://schema.primaresearch.org/PAGE/gts/pagecontent/2013-07-15/pagecontent.xsd">
	<Metadata>
	<Creator></Creator>
	<Created>2014-06-13T00:34:32</Created>
	<LastChange>2014-06-14T20:18:50</LastChange></Metadata>
	<Page imageFilename="0364.jpg" imageWidth="1747" imageHeight="2693">
	<TextRegion id="r304" type="paragraph">
	<Coords points="89,248 89,337 212,337 212,248"/>
	<TextLine id="r305">
	<Coords points="97,253 97,297 205,297 205,253"/>
	<Word id="r307">
	<Coords points="100,257 100,294 201,294 201,257"/>
	<TextEquiv>
	<Unicode>CAP.</Unicode></TextEquiv></Word>
	<TextEquiv>
	<Unicode>CAP.</Unicode></TextEquiv></TextLine>
	<TextLine id="r306">
	<Coords points="121,298 121,332 179,332 179,298"/>
	<Word id="r308">
	<Coords points="137,299 137,330 165,330 165,299"/>
	<TextEquiv>
	<Unicode>V</Unicode></TextEquiv></Word>
	<TextEquiv>
	<Unicode>V</Unicode></TextEquiv></TextLine></TextRegion>
	<TextRegion id="r1" type="paragraph">
	<Coords points="1682,222 1675,2431 477,2564 200,2551 225,32 1667,32"/>
	<TextLine id="r296">
	<Coords points="254,77 254,200 1632,200 1632,77"/>
	<Word id="r298">
	<Coords points="274,100 274,180 593,180 593,100"/>
	<TextEquiv>
	<Unicode>APPIAN'S</Unicode></TextEquiv></Word>
	<Word id="r299">
	<Coords points="619,96 619,177 887,177 887,96"/>
	<TextEquiv>
	<Unicode>ROMAN</Unicode></TextEquiv></Word>
	<Word id="r300">
	<Coords points="912,90 912,180 1245,180 1245,90"/>
	<TextEquiv>
	<Unicode>HISTORY,</Unicode></TextEquiv></Word>
	<Word id="r301">
	<Coords points="1261,106 1261,180 1448,180 1448,106"/>
	<TextEquiv>
	<Unicode>BOOK</Unicode></TextEquiv></Word>
	<Word id="r302">
	<Coords points="1470,93 1470,170 1593,170 1593,93"/>
	<TextEquiv>
	<Unicode>VII</Unicode></TextEquiv></Word>
	<TextEquiv>
	<Unicode>APPIAN'S ROMAN HISTORY, BOOK VII</Unicode></TextEquiv></TextLine>
	<TextLine id="r2">
	<Coords points="613,242 613,243 614,243 614,244 615,244 615,248 645,248 645,249 647,249 647,251 648,251 648,264 840,264 840,244 897,244 897,243 900,243 900,242 948,242 948,243 951,243 951,244 953,244 953,245 955,245 955,246 956,246 956,247 981,247 981,248 986,248 986,249 988,249 988,250 989,250 989,251 990,251 990,254 991,254 991,265 1176,265 1176,246 1177,246 1177,245 1182,245 1182,246 1271,246 1271,247 1273,247 1273,248 1274,248 1274,249 1276,249 1276,250 1277,250 1277,264 1448,264 1448,263 1464,263 1464,247 1465,247 1465,244 1466,244 1466,243 1468,243 1468,242 1519,242 1519,263 1639,263 1639,264 1641,264 1641,265 1642,265 1642,268 1641,268 1641,276 1640,276 1640,288 1639,288 1639,289 1635,289 1635,290 1563,290 1563,301 1562,301 1562,305 1561,305 1561,306 1557,306 1557,303 1556,303 1556,291 1409,291 1409,292 1406,292 1406,291 1294,291 1294,292 1293,292 1293,293 1292,293 1292,294 1291,294 1291,295 1288,295 1288,296 1285,296 1285,295 1284,295 1284,292 1176,292 1176,293 1082,293 1082,294 1081,294 1081,295 1079,295 1079,296 1004,296 1004,299 1003,299 1003,302 1002,302 1002,303 985,303 985,304 981,304 981,292 738,292 738,293 737,293 737,294 736,294 736,295 735,295 735,296 734,296 734,297 733,297 733,298 731,298 731,299 640,299 640,305 639,305 639,308 638,308 638,309 634,309 634,308 633,308 633,305 559,305 559,304 558,304 558,293 281,293 281,298 280,298 280,303 279,303 279,306 278,306 278,307 277,307 277,308 276,308 276,307 275,307 275,306 274,306 274,291 233,291 233,290 232,290 232,289 230,289 230,288 229,288 229,287 227,287 227,285 226,285 226,279 227,279 227,277 228,277 228,274 229,274 229,272 232,272 232,271 234,271 234,270 236,270 236,269 237,269 237,268 239,268 239,267 242,267 242,266 277,266 277,265 283,265 283,252 284,252 284,250 285,250 285,249 286,249 286,248 315,248 315,246 316,246 316,244 317,244 317,243 321,243 321,244 323,244 323,245 324,245 324,265 451,265 451,246 452,246 452,245 454,245 454,244 456,244 456,245 458,245 458,246 460,246 460,248 461,248 461,264 602,264 602,261 603,261 603,254 604,254 604,252 605,252 605,250 606,250 606,249 607,249 607,248 608,248 608,247 609,247 609,246 610,246 610,244 611,244 611,243 612,243 612,242"/>
	<Word id="r48">
	<Coords points="321,243 321,244 323,244 323,245 324,245 324,265 408,265 408,266 409,266 409,267 410,267 410,274 409,274 409,276 408,276 408,278 407,278 407,279 406,279 406,280 405,280 405,281 404,281 404,283 403,283 403,284 402,284 402,285 401,285 401,286 400,286 400,287 399,287 399,288 397,288 397,289 396,289 396,290 394,290 394,291 392,291 392,292 390,292 390,293 281,293 281,298 280,298 280,303 279,303 279,306 278,306 278,307 277,307 277,308 276,308 276,307 275,307 275,306 274,306 274,291 233,291 233,290 232,290 232,289 230,289 230,288 229,288 229,287 227,287 227,285 226,285 226,279 227,279 227,277 228,277 228,274 229,274 229,272 232,272 232,271 234,271 234,270 236,270 236,269 237,269 237,268 239,268 239,267 242,267 242,266 277,266 277,265 283,265 283,252 284,252 284,250 285,250 285,249 286,249 286,248 315,248 315,246 316,246 316,244 317,244 317,243"/>
	<TextEquiv>
	<Unicode>σφίσιν</Unicode></TextEquiv></Word>
	<Word id="r49">
	<Coords points="613,242 613,243 614,243 614,244 615,244 615,248 645,248 645,249 647,249 647,251 648,251 648,264 719,264 719,282 735,282 735,283 737,283 737,285 738,285 738,286 739,286 739,290 738,290 738,293 737,293 737,294 736,294 736,295 735,295 735,296 734,296 734,297 733,297 733,298 731,298 731,299 640,299 640,305 639,305 639,308 638,308 638,309 634,309 634,308 633,308 633,305 559,305 559,304 558,304 558,293 470,293 470,292 447,292 447,291 445,291 445,290 443,290 443,289 442,289 442,288 441,288 441,286 440,286 440,285 439,285 439,276 440,276 440,274 441,274 441,273 442,273 442,272 443,272 443,271 444,271 444,270 445,270 445,268 447,268 447,267 449,267 449,266 451,266 451,246 452,246 452,245 454,245 454,244 456,244 456,245 458,245 458,246 460,246 460,248 461,248 461,264 602,264 602,261 603,261 603,254 604,254 604,252 605,252 605,250 606,250 606,249 607,249 607,248 608,248 608,247 609,247 609,246 610,246 610,244 611,244 611,243 612,243 612,242"/>
	<TextEquiv>
	<Unicode>ἐπιτρέψαι,</Unicode></TextEquiv></Word>
	<Word id="r50">
	<Coords points="843,244 843,245 844,245 844,246 845,246 845,248 846,248 846,251 847,251 847,254 848,254 848,255 849,255 849,258 850,258 850,282 853,282 853,284 854,284 854,285 853,285 853,286 851,286 851,287 850,287 850,290 849,290 849,291 846,291 846,292 808,292 808,291 767,291 767,288 768,288 768,285 769,285 769,282 770,282 770,279 771,279 771,276 772,276 772,272 773,272 773,269 774,269 774,267 775,267 775,266 777,266 777,265 791,265 791,264 840,264 840,244"/>
	<TextEquiv>
	<Unicode>καὶ</Unicode></TextEquiv></Word>
	<Word id="r51">
	<Coords points="902,242 902,243 904,243 904,245 905,245 905,273 906,273 906,276 907,276 907,277 906,277 906,281 905,281 905,284 904,284 904,286 903,286 903,289 900,289 900,290 899,290 899,291 897,291 897,292 889,292 889,291 887,291 887,290 886,290 886,289 885,289 885,287 884,287 884,285 883,285 883,283 882,283 882,280 883,280 883,275 884,275 884,273 885,273 885,271 886,271 886,270 887,270 887,269 888,269 888,268 889,268 889,267 892,267 892,266 893,266 893,265 895,265 895,246 896,246 896,245 897,245 897,243 900,243 900,242"/>
	<TextEquiv>
	<Unicode>ὁ</Unicode></TextEquiv></Word>
	<Word id="r52">
	<Coords points="948,242 948,243 951,243 951,244 953,244 953,245 955,245 955,246 956,246 956,247 981,247 981,248 986,248 986,249 988,249 988,250 989,250 989,251 990,251 990,254 991,254 991,265 1082,265 1082,266 1083,266 1083,267 1085,267 1085,268 1087,268 1087,269 1088,269 1088,270 1089,270 1089,273 1088,273 1088,274 1087,274 1087,275 1085,275 1085,289 1084,289 1084,292 1083,292 1083,293 1082,293 1082,294 1081,294 1081,295 1079,295 1079,296 1004,296 1004,299 1003,299 1003,302 1002,302 1002,303 985,303 985,304 981,304 981,291 946,291 946,290 942,290 942,289 940,289 940,288 939,288 939,287 938,287 938,286 937,286 937,282 936,282 936,277 937,277 937,274 938,274 938,272 939,272 939,271 940,271 940,270 941,270 941,245 942,245 942,244 943,244 943,243 945,243 945,242"/>
	<TextEquiv>
	<Unicode>δῆμος</Unicode></TextEquiv></Word>
	<Word id="r53">
	<Coords points="1182,245 1182,246 1271,246 1271,247 1273,247 1273,248 1274,248 1274,249 1276,249 1276,250 1277,250 1277,265 1295,265 1295,266 1297,266 1297,267 1298,267 1298,269 1299,269 1299,274 1295,274 1295,289 1294,289 1294,292 1293,292 1293,293 1292,293 1292,294 1291,294 1291,295 1288,295 1288,296 1285,296 1285,295 1284,295 1284,292 1176,292 1176,293 1175,293 1175,292 1172,292 1172,291 1138,291 1138,290 1133,290 1133,289 1130,289 1130,287 1129,287 1129,285 1128,285 1128,283 1129,283 1129,277 1130,277 1130,276 1131,276 1131,274 1132,274 1132,273 1133,273 1133,272 1134,272 1134,270 1135,270 1135,269 1136,269 1136,267 1138,267 1138,266 1140,266 1140,265 1176,265 1176,246 1177,246 1177,245"/>
	<TextEquiv>
	<Unicode>αὐτοῖς</Unicode></TextEquiv></Word>
	<Word id="r54">
	<Coords points="1519,242 1519,263 1639,263 1639,264 1641,264 1641,265 1642,265 1642,268 1641,268 1641,276 1640,276 1640,288 1639,288 1639,289 1635,289 1635,290 1563,290 1563,301 1562,301 1562,305 1561,305 1561,306 1557,306 1557,303 1556,303 1556,291 1409,291 1409,292 1406,292 1406,291 1342,291 1342,290 1341,290 1341,289 1338,289 1338,288 1337,288 1337,287 1335,287 1335,285 1334,285 1334,282 1333,282 1333,278 1334,278 1334,275 1335,275 1335,274 1336,274 1336,273 1338,273 1338,271 1339,271 1339,269 1340,269 1340,268 1341,268 1341,267 1344,267 1344,266 1346,266 1346,265 1356,265 1356,264 1448,264 1448,263 1464,263 1464,247 1465,247 1465,244 1466,244 1466,243 1468,243 1468,242"/>
	<TextEquiv>
	<Unicode>συνεδάκρυε</Unicode></TextEquiv></Word>
	<TextEquiv>
	<Unicode>σφίσιν ἐπιτρέψαι, καὶ ὁ δῆμος αὐτοῖς συνεδάκρυε</Unicode></TextEquiv></TextLine>
	<TextLine id="r3">
	<Coords points="1463,317 1463,318 1464,318 1464,319 1465,319 1465,321 1466,321 1466,323 1467,323 1467,326 1468,326 1468,327 1469,327 1469,330 1470,330 1470,332 1471,332 1471,338 1592,338 1592,322 1593,322 1593,320 1594,320 1594,319 1596,319 1596,318 1600,318 1600,319 1602,319 1602,320 1603,320 1603,322 1604,322 1604,323 1605,323 1605,339 1642,339 1642,340 1643,340 1643,341 1644,341 1644,343 1643,343 1643,345 1642,345 1642,360 1641,360 1641,362 1639,362 1639,363 1638,363 1638,364 1637,364 1637,365 1618,365 1618,366 1595,366 1595,367 1590,367 1590,366 1589,366 1589,365 1485,365 1485,366 1482,366 1482,367 1421,367 1421,368 1420,368 1420,373 1419,373 1419,377 1418,377 1418,380 1416,380 1416,381 1414,381 1414,380 1413,380 1413,379 1412,379 1412,367 970,367 970,372 969,372 969,374 968,374 968,375 965,375 965,367 781,367 781,368 780,368 780,367 740,367 740,366 579,366 579,367 557,367 557,368 555,368 555,369 554,369 554,368 551,368 551,367 441,367 441,368 436,368 436,367 303,367 303,368 302,368 302,367 228,367 228,362 229,362 229,358 230,358 230,355 231,355 231,352 232,352 232,348 233,348 233,346 234,346 234,345 235,345 235,344 248,344 248,343 249,343 249,342 286,342 286,341 297,341 297,320 298,320 298,319 300,319 300,320 301,320 301,321 302,321 302,323 303,323 303,325 304,325 304,328 305,328 305,330 306,330 306,332 307,332 307,336 308,336 308,341 428,341 428,340 477,340 477,339 495,339 495,321 496,321 496,320 498,320 498,319 499,319 499,318 504,318 504,319 505,319 505,320 507,320 507,321 508,321 508,322 511,322 511,323 560,323 560,324 561,324 561,325 563,325 563,326 564,326 564,327 565,327 565,328 566,328 566,340 745,340 745,330 746,330 746,328 747,328 747,326 748,326 748,325 749,325 749,324 750,324 750,323 751,323 751,322 754,322 754,321 756,321 756,322 858,322 858,321 859,321 859,320 860,320 860,319 864,319 864,318 892,318 892,319 893,319 893,320 895,320 895,321 997,321 997,322 999,322 999,323 1000,323 1000,324 1001,324 1001,325 1002,325 1002,326 1075,326 1075,327 1079,327 1079,328 1080,328 1080,329 1081,329 1081,330 1083,330 1083,331 1085,331 1085,333 1086,333 1086,334 1087,334 1087,336 1088,336 1088,338 1089,338 1089,339 1210,339 1210,328 1211,328 1211,325 1212,325 1212,324 1213,324 1213,323 1214,323 1214,322 1216,322 1216,321 1221,321 1221,322 1225,322 1225,323 1227,323 1227,324 1228,324 1228,326 1229,326 1229,328 1230,328 1230,339 1354,339 1354,321 1355,321 1355,320 1356,320 1356,319 1360,319 1360,318 1459,318 1459,317"/>
	<Word id="r55">
	<Coords points="300,319 300,320 301,320 301,321 302,321 302,323 303,323 303,325 304,325 304,328 305,328 305,330 306,330 306,332 307,332 307,336 308,336 308,356 312,356 312,359 311,359 311,362 310,362 310,364 309,364 309,365 308,365 308,366 306,366 306,367 303,367 303,368 302,368 302,367 228,367 228,362 229,362 229,358 230,358 230,355 231,355 231,352 232,352 232,348 233,348 233,346 234,346 234,345 235,345 235,344 248,344 248,343 249,343 249,342 286,342 286,341 297,341 297,320 298,320 298,319"/>
	<TextEquiv>
	<Unicode>καὶ</Unicode></TextEquiv></Word>
	<Word id="r56">
	<Coords points="499,318 504,318 504,319 505,319 505,320 507,320 507,321 508,321 508,322 511,322 511,323 560,323 560,324 561,324 561,325 563,325 563,326 564,326 564,327 565,327 565,328 566,328 566,340 615,340 615,341 616,341 616,342 619,342 619,343 635,343 635,344 637,344 637,346 638,346 638,349 637,349 637,351 635,351 635,352 623,352 623,354 622,354 622,358 621,358 621,360 620,360 620,361 619,361 619,362 618,362 618,363 617,363 617,364 615,364 615,365 613,365 613,366 579,366 579,367 557,367 557,368 555,368 555,369 554,369 554,368 551,368 551,367 441,367 441,368 436,368 436,367 373,367 373,366 368,366 368,365 367,365 367,364 366,364 366,363 365,363 365,361 364,361 364,354 365,354 365,352 366,352 366,349 368,349 368,347 370,347 370,346 371,346 371,345 372,345 372,344 373,344 373,343 375,343 375,342 379,342 379,341 428,341 428,340 477,340 477,339 495,339 495,321 496,321 496,320 498,320 498,319 499,319"/>
	<TextEquiv>
	<Unicode>συνεδεῖτο·</Unicode></TextEquiv></Word>
	<Word id="r58">
	<Coords points="756,321 756,322 760,322 760,323 762,323 762,324 763,324 763,326 764,326 764,327 765,327 765,340 801,340 801,341 802,341 802,342 803,342 803,347 802,347 802,351 801,351 801,353 799,353 799,355 798,355 798,357 797,357 797,358 795,358 795,359 794,359 794,361 792,361 792,362 791,362 791,363 789,363 789,364 788,364 788,365 787,365 787,366 784,366 784,367 781,367 781,368 780,368 780,367 740,367 740,366 712,366 712,365 711,365 711,351 703,351 703,350 702,350 702,345 703,345 703,344 704,344 704,342 705,342 705,341 707,341 707,340 745,340 745,330 746,330 746,328 747,328 747,326 748,326 748,325 749,325 749,324 750,324 750,323 751,323 751,322 754,322 754,321"/>
	<TextEquiv>
	<Unicode>τῶν</Unicode></TextEquiv></Word>
	<Word id="r59">
	<Coords points="892,318 892,319 893,319 893,320 895,320 895,321 896,321 896,323 897,323 897,327 898,327 898,328 899,328 899,330 900,330 900,333 901,333 901,341 902,341 902,342 903,342 903,345 902,345 902,365 901,365 901,366 898,366 898,367 861,367 861,366 858,366 858,365 857,365 857,364 856,364 856,363 855,363 855,362 854,362 854,361 853,361 853,352 854,352 854,350 855,350 855,349 856,349 856,347 857,347 857,323 858,323 858,321 859,321 859,320 860,320 860,319 864,319 864,318"/>
	<TextEquiv>
	<Unicode>δὲ</Unicode></TextEquiv></Word>
	<Word id="r60">
	<Coords points="997,321 997,322 999,322 999,323 1000,323 1000,324 1001,324 1001,325 1002,325 1002,326 1075,326 1075,327 1079,327 1079,328 1080,328 1080,329 1081,329 1081,330 1083,330 1083,331 1085,331 1085,333 1086,333 1086,334 1087,334 1087,336 1088,336 1088,338 1089,338 1089,339 1210,339 1210,328 1211,328 1211,325 1212,325 1212,324 1213,324 1213,323 1214,323 1214,322 1216,322 1216,321 1221,321 1221,322 1225,322 1225,323 1227,323 1227,324 1228,324 1228,326 1229,326 1229,328 1230,328 1230,340 1267,340 1267,341 1268,341 1268,348 1267,348 1267,350 1266,350 1266,351 1265,351 1265,353 1264,353 1264,355 1263,355 1263,356 1262,356 1262,357 1261,357 1261,358 1260,358 1260,359 1259,359 1259,360 1258,360 1258,361 1257,361 1257,362 1256,362 1256,363 1253,363 1253,364 1251,364 1251,365 1250,365 1250,366 1247,366 1247,367 970,367 970,372 969,372 969,374 968,374 968,375 965,375 965,370 966,370 966,368 967,368 967,364 968,364 968,360 969,360 969,357 970,357 970,353 971,353 971,349 972,349 972,346 973,346 973,344 974,344 974,339 975,339 975,338 976,338 976,335 977,335 977,333 978,333 978,331 979,331 979,328 980,328 980,327 981,327 981,326 983,326 983,325 984,325 984,323 985,323 985,322 986,322 986,321"/>
	<TextEquiv>
	<Unicode>βουλευτῶν</Unicode></TextEquiv></Word>
	<Word id="r61">
	<Coords points="1364,318 1364,322 1363,322 1363,332 1362,332 1362,357 1361,357 1361,360 1360,360 1360,361 1359,361 1359,362 1358,362 1358,364 1357,364 1357,365 1356,365 1356,366 1354,366 1354,367 1327,367 1327,366 1324,366 1324,365 1322,365 1322,364 1321,364 1321,363 1320,363 1320,362 1319,362 1319,359 1318,359 1318,352 1319,352 1319,349 1320,349 1320,347 1321,347 1321,346 1322,346 1322,344 1324,344 1324,342 1326,342 1326,341 1328,341 1328,340 1331,340 1331,339 1354,339 1354,321 1355,321 1355,320 1356,320 1356,319 1360,319 1360,318"/>
	<TextEquiv>
	<Unicode>οἱ</Unicode></TextEquiv></Word>
	<Word id="r62">
	<Coords points="1463,317 1463,318 1464,318 1464,319 1465,319 1465,321 1466,321 1466,323 1467,323 1467,326 1468,326 1468,327 1469,327 1469,330 1470,330 1470,332 1471,332 1471,339 1502,339 1502,340 1503,340 1503,341 1504,341 1504,343 1503,343 1503,348 1502,348 1502,349 1501,349 1501,352 1500,352 1500,353 1499,353 1499,355 1498,355 1498,356 1497,356 1497,357 1496,357 1496,358 1495,358 1495,359 1494,359 1494,360 1492,360 1492,361 1490,361 1490,362 1489,362 1489,363 1487,363 1487,364 1486,364 1486,365 1485,365 1485,366 1482,366 1482,367 1421,367 1421,368 1420,368 1420,373 1419,373 1419,377 1418,377 1418,380 1416,380 1416,381 1414,381 1414,380 1413,380 1413,379 1412,379 1412,377 1413,377 1413,374 1414,374 1414,371 1415,371 1415,369 1416,369 1416,364 1417,364 1417,361 1418,361 1418,357 1419,357 1419,354 1420,354 1420,350 1421,350 1421,347 1422,347 1422,343 1423,343 1423,341 1424,341 1424,340 1441,340 1441,339 1459,339 1459,317"/>
	<TextEquiv>
	<Unicode>μὲν</Unicode></TextEquiv></Word>
	<Word id="r295">
	<Coords points="1552,345 1557,339 1593,339 1595,317 1607,320 1607,336 1645,340 1641,364 1616,367 1557,368 1551,353"/>
	<TextEquiv>
	<Unicode>οὐκ</Unicode></TextEquiv></Word>
	<TextEquiv>
	<Unicode>καὶ συνεδεῖτο· τῶν δὲ βουλευτῶν οἱ μὲν οὐκ</Unicode></TextEquiv></TextLine>
	<TextLine id="r4">
	<Coords points="1551,390 1551,391 1606,391 1606,392 1610,392 1610,393 1611,393 1611,394 1613,394 1613,395 1614,395 1614,396 1615,396 1615,397 1616,397 1616,398 1617,398 1617,399 1618,399 1618,401 1619,401 1619,402 1620,402 1620,412 1641,412 1641,413 1643,413 1643,414 1644,414 1644,415 1645,415 1645,417 1644,417 1644,418 1643,418 1643,437 1642,437 1642,438 1641,438 1641,439 1637,439 1637,440 1471,440 1471,441 1350,441 1350,442 1349,442 1349,443 1348,443 1348,444 1347,444 1347,445 1342,445 1342,444 1341,444 1341,441 1260,441 1260,440 1117,440 1117,441 1116,441 1116,442 1115,442 1115,443 1114,443 1114,444 1112,444 1112,445 1017,445 1017,448 1016,448 1016,449 1015,449 1015,456 957,456 957,457 956,457 956,458 953,458 953,457 952,457 952,455 902,455 902,454 901,454 901,440 786,440 786,441 693,441 693,442 690,442 690,443 688,443 688,442 618,442 618,441 281,441 281,450 280,450 280,451 279,451 279,452 278,452 278,453 276,453 276,454 272,454 272,455 269,455 269,456 268,456 268,455 240,455 240,441 228,441 228,426 225,426 225,424 226,424 226,422 227,422 227,421 228,421 228,420 229,420 229,419 230,419 230,418 232,418 232,417 241,417 241,396 242,396 242,395 244,395 244,394 306,394 306,415 437,415 437,396 438,396 438,395 495,395 495,394 497,394 497,395 498,395 498,396 499,396 499,398 500,398 500,401 501,401 501,403 502,403 502,405 503,405 503,407 504,407 504,415 681,415 681,405 682,405 682,402 683,402 683,400 685,400 685,398 687,398 687,397 746,397 746,395 747,395 747,393 748,393 748,392 750,392 750,391 753,391 753,392 756,392 756,393 759,393 759,394 760,394 760,395 761,395 761,396 763,396 763,397 764,397 764,398 765,398 765,400 766,400 766,401 767,401 767,402 768,402 768,413 959,413 959,412 960,412 960,402 961,402 961,399 962,399 962,398 963,398 963,397 964,397 964,396 967,396 967,397 968,397 968,414 1081,414 1081,403 1082,403 1082,401 1083,401 1083,399 1084,399 1084,398 1085,398 1085,397 1087,397 1087,396 1173,396 1173,395 1174,395 1174,394 1187,394 1187,393 1188,393 1188,392 1189,392 1189,391 1190,391 1190,392 1191,392 1191,400 1240,400 1240,401 1241,401 1241,402 1244,402 1244,403 1245,403 1245,404 1246,404 1246,405 1247,405 1247,406 1248,406 1248,408 1249,408 1249,409 1250,409 1250,410 1251,410 1251,413 1537,413 1537,405 1538,405 1538,403 1539,403 1539,401 1540,401 1540,400 1541,400 1541,398 1542,398 1542,396 1543,396 1543,395 1544,395 1544,393 1545,393 1545,391 1546,391 1546,390"/>
	<Word id="r64">
	<Coords points="306,394 306,415 366,415 366,416 394,416 394,417 396,417 396,418 397,418 397,423 396,423 396,425 395,425 395,426 394,426 394,429 393,429 393,430 392,430 392,431 389,431 389,432 386,432 386,435 385,435 385,436 384,436 384,437 383,437 383,438 380,438 380,439 378,439 378,440 375,440 375,441 281,441 281,450 280,450 280,451 279,451 279,452 278,452 278,453 276,453 276,454 272,454 272,455 269,455 269,456 268,456 268,455 240,455 240,441 228,441 228,426 225,426 225,424 226,424 226,422 227,422 227,421 228,421 228,420 229,420 229,419 230,419 230,418 232,418 232,417 241,417 241,396 242,396 242,395 244,395 244,394"/>
	<TextEquiv>
	<Unicode>ἠξίουν</Unicode></TextEquiv></Word>
	<Word id="r65">
	<Coords points="497,394 497,395 498,395 498,396 499,396 499,398 500,398 500,401 501,401 501,403 502,403 502,405 503,405 503,407 504,407 504,431 508,431 508,433 507,433 507,436 506,436 506,437 505,437 505,438 504,438 504,439 503,439 503,440 502,440 502,441 458,441 458,440 437,440 437,439 430,439 430,438 429,438 429,437 427,437 427,436 426,436 426,435 425,435 425,432 424,432 424,426 425,426 425,425 426,425 426,422 427,422 427,421 428,421 428,419 429,419 429,418 430,418 430,417 434,417 434,416 436,416 436,415 437,415 437,396 438,396 438,395 495,395 495,394"/>
	<TextEquiv>
	<Unicode>ἐπὶ</Unicode></TextEquiv></Word>
	<Word id="r66">
	<Coords points="750,391 753,391 753,392 756,392 756,393 759,393 759,394 760,394 760,395 761,395 761,396 763,396 763,397 764,397 764,398 765,398 765,400 766,400 766,401 767,401 767,402 768,402 768,413 789,413 789,414 792,414 792,415 793,415 793,417 794,417 794,419 793,419 793,420 791,420 791,427 790,427 790,438 789,438 789,439 787,439 787,440 786,440 786,441 693,441 693,442 690,442 690,443 688,443 688,442 618,442 618,441 583,441 583,440 554,440 554,439 553,439 553,425 545,425 545,424 544,424 544,420 545,420 545,417 547,417 547,416 548,416 548,415 681,415 681,405 682,405 682,402 683,402 683,400 685,400 685,398 687,398 687,397 746,397 746,395 747,395 747,393 748,393 748,392 750,392"/>
	<TextEquiv>
	<Unicode>τοσαῖσδε</Unicode></TextEquiv></Word>
	<Word id="r68">
	<Coords points="967,396 967,397 968,397 968,414 1081,414 1081,403 1082,403 1082,401 1083,401 1083,399 1084,399 1084,398 1085,398 1085,397 1087,397 1087,396 1094,396 1094,397 1097,397 1097,398 1098,398 1098,400 1099,400 1099,401 1100,401 1100,414 1116,414 1116,415 1118,415 1118,416 1120,416 1120,417 1121,417 1121,419 1122,419 1122,421 1123,421 1123,422 1122,422 1122,424 1118,424 1118,440 1117,440 1117,441 1116,441 1116,442 1115,442 1115,443 1114,443 1114,444 1112,444 1112,445 1017,445 1017,448 1016,448 1016,449 1015,449 1015,456 957,456 957,457 956,457 956,458 953,458 953,457 952,457 952,455 902,455 902,454 901,454 901,440 837,440 837,439 835,439 835,438 834,438 834,437 833,437 833,435 832,435 832,433 831,433 831,431 832,431 832,425 833,425 833,423 834,423 834,421 835,421 835,420 836,420 836,419 837,419 837,418 838,418 838,417 841,417 841,416 843,416 843,415 848,415 848,414 875,414 875,413 959,413 959,412 960,412 960,402 961,402 961,399 962,399 962,398 963,398 963,397 964,397 964,396"/>
	<TextEquiv>
	<Unicode>συμφοραῖς</Unicode></TextEquiv></Word>
	<Word id="r69">
	<Coords points="1189,391 1190,391 1190,392 1191,392 1191,400 1240,400 1240,401 1241,401 1241,402 1244,402 1244,403 1245,403 1245,404 1246,404 1246,405 1247,405 1247,406 1248,406 1248,408 1249,408 1249,409 1250,409 1250,410 1251,410 1251,413 1367,413 1353,428 1353,429 1351,429 1351,441 1350,441 1350,442 1349,442 1349,443 1348,443 1348,444 1347,444 1347,445 1342,445 1342,444 1341,444 1341,441 1260,441 1260,440 1167,440 1167,439 1164,439 1164,438 1163,438 1163,437 1162,437 1162,435 1161,435 1161,428 1162,428 1162,424 1163,424 1163,422 1164,422 1164,421 1165,421 1165,420 1166,420 1166,418 1168,418 1168,417 1169,417 1169,416 1170,416 1170,415 1172,415 1172,414 1173,414 1173,395 1174,395 1174,394 1187,394 1187,393 1188,393 1188,392 1189,392"/>
	<TextEquiv>
	<Unicode>ἄλλους</Unicode></TextEquiv></Word>
	<Word id="r71">
	<Coords points="1551,390 1551,391 1606,391 1606,392 1610,392 1610,393 1611,393 1611,394 1613,394 1613,395 1614,395 1614,396 1615,396 1615,397 1616,397 1616,398 1617,398 1617,399 1618,399 1618,401 1619,401 1619,402 1620,402 1620,412 1641,412 1641,413 1643,413 1643,414 1644,414 1644,415 1645,415 1645,417 1644,417 1644,418 1643,418 1643,437 1642,437 1642,438 1641,438 1641,439 1637,439 1637,440 1471,440 1471,441 1390,441 1391,414 1437,414 1437,413 1537,413 1537,405 1538,405 1538,403 1539,403 1539,401 1540,401 1540,400 1541,400 1541,398 1542,398 1542,396 1543,396 1543,395 1544,395 1544,393 1545,393 1545,391 1546,391 1546,390"/>
	<TextEquiv>
	<Unicode>τοσούσδε</Unicode></TextEquiv></Word>
	<TextEquiv>
	<Unicode>ἠξίουν ἐπὶ τοσαῖσδε συμφοραῖς ἄλλους τοσούσδε</Unicode></TextEquiv></TextLine>
	<TextLine id="r5">
	<Coords points="1404,465 1404,466 1405,466 1405,468 1406,468 1406,469 1407,469 1407,472 1408,472 1408,473 1409,473 1409,476 1410,476 1410,478 1411,478 1411,488 1519,488 1519,470 1520,470 1520,468 1521,468 1521,467 1526,467 1526,468 1527,468 1527,469 1528,469 1528,470 1529,470 1529,472 1530,472 1530,473 1537,473 1537,474 1540,474 1540,475 1542,475 1542,476 1543,476 1543,477 1545,477 1545,479 1546,479 1546,480 1547,480 1547,481 1548,481 1548,483 1549,483 1549,485 1550,485 1550,486 1603,486 1603,487 1622,487 1622,488 1623,488 1623,496 1643,496 1643,497 1644,497 1644,500 1621,500 1621,501 1620,501 1620,503 1619,503 1619,505 1618,505 1618,507 1617,507 1617,508 1616,508 1616,509 1615,509 1615,510 1614,510 1614,511 1613,511 1613,512 1612,512 1612,513 1587,513 1587,514 1584,514 1584,515 1423,515 1423,516 1408,516 1408,517 1362,517 1362,519 1361,519 1361,524 1360,524 1360,527 1359,527 1359,529 1358,529 1358,530 1355,530 1355,529 1354,529 1354,520 1293,520 1293,519 1291,519 1291,515 1167,515 1167,516 1164,516 1164,515 1028,515 1028,516 865,516 865,518 864,518 864,519 863,519 863,520 862,520 862,521 861,521 861,522 860,522 860,523 858,523 858,524 856,524 856,523 855,523 855,517 807,517 807,516 606,516 606,522 605,522 605,525 604,525 604,527 603,527 603,528 602,528 602,529 599,529 599,526 598,526 598,516 455,516 455,517 407,517 407,525 406,525 406,527 405,527 405,528 404,528 404,529 402,529 402,528 400,528 400,526 342,526 342,525 341,525 341,516 231,516 231,518 230,518 230,521 229,521 229,523 228,523 228,525 226,525 226,526 225,526 225,525 224,525 224,520 225,520 225,517 226,517 226,511 227,511 227,507 228,507 228,504 229,504 229,500 230,500 230,496 231,496 231,494 232,494 232,492 233,492 233,491 234,491 234,487 235,487 235,484 236,484 236,482 237,482 237,480 238,480 238,477 239,477 239,476 240,476 240,475 242,475 242,474 243,474 243,473 244,473 244,472 246,472 246,471 248,471 248,470 250,470 250,469 255,469 255,470 256,470 256,471 258,471 258,472 362,472 362,471 363,471 363,470 368,470 368,469 369,469 369,468 369,469 374,469 374,470 375,470 375,471 400,471 400,472 405,472 405,473 408,473 408,474 409,474 409,476 410,476 410,490 560,490 560,489 592,489 592,469 596,469 596,470 597,470 597,472 598,472 598,473 599,473 599,476 600,476 600,477 601,477 601,481 602,481 602,490 748,490 748,489 753,489 753,480 754,480 754,477 755,477 755,475 756,475 756,473 757,473 757,472 758,472 758,469 760,469 760,468 761,468 761,469 762,469 762,475 771,475 771,476 776,476 776,477 777,477 777,478 778,478 778,479 780,479 780,481 781,481 781,482 782,482 782,483 783,483 783,485 784,485 784,486 785,486 785,489 961,489 961,469 962,469 962,468 988,468 988,467 989,467 989,466 996,466 996,467 997,467 997,468 1100,468 1100,467 1102,467 1102,466 1178,466 1178,467 1179,467 1179,474 1186,474 1186,475 1191,475 1191,476 1193,476 1193,477 1195,477 1195,478 1197,478 1197,480 1198,480 1198,481 1199,481 1199,483 1200,483 1200,484 1201,484 1201,486 1202,486 1202,488 1400,488 1400,466 1401,466 1401,465"/>
	<Word id="r72">
	<Coords points="369,469 374,469 374,470 375,470 375,471 400,471 400,472 405,472 405,473 408,473 408,474 409,474 409,476 410,476 410,490 494,490 494,491 495,491 495,492 496,492 496,506 500,506 500,508 499,508 499,510 498,510 498,511 497,511 497,513 496,513 496,514 495,514 495,515 493,515 493,516 455,516 455,517 407,517 407,525 406,525 406,527 405,527 405,528 404,528 404,529 402,529 402,528 400,528 400,526 342,526 342,525 341,525 341,516 231,516 231,518 230,518 230,521 229,521 229,523 228,523 228,525 226,525 226,526 225,526 225,525 224,525 224,520 225,520 225,517 226,517 226,511 227,511 227,507 228,507 228,504 229,504 229,500 230,500 230,496 231,496 231,494 232,494 232,492 233,492 233,491 234,491 234,487 235,487 235,484 236,484 236,482 237,482 237,480 238,480 238,477 239,477 239,476 240,476 240,475 242,475 242,474 243,474 243,473 244,473 244,472 246,472 246,471 248,471 248,470 250,470 250,469 255,469 255,470 256,470 256,471 258,471 258,472 362,472 362,471 363,471 363,470 368,470 368,469 369,469 369,468"/>
	<TextEquiv>
	<Unicode>βλαβῆναι</Unicode></TextEquiv></Word>
	<Word id="r73">
	<Coords points="596,469 596,470 597,470 597,472 598,472 598,473 599,473 599,476 600,476 600,477 601,477 601,481 602,481 602,490 626,490 626,491 641,491 641,492 642,492 642,493 643,493 643,495 642,495 642,500 641,500 641,501 640,501 640,502 639,502 639,503 638,503 638,505 637,505 637,506 636,506 636,507 635,507 635,508 634,508 634,509 633,509 633,510 632,510 632,511 631,511 631,512 629,512 629,513 626,513 626,514 625,514 625,515 623,515 623,516 606,516 606,522 605,522 605,525 604,525 604,527 603,527 603,528 602,528 602,529 599,529 599,526 598,526 598,516 560,516 560,515 559,515 559,497 551,497 551,496 550,496 551,496 551,493 552,493 552,491 554,491 554,490 560,490 560,489 592,489 592,469"/>
	<TextEquiv>
	<Unicode>τὴν</Unicode></TextEquiv></Word>
	<Word id="r74">
	<Coords points="761,468 761,469 762,469 762,475 771,475 771,476 776,476 776,477 777,477 777,478 778,478 778,479 780,479 780,481 781,481 781,482 782,482 782,483 783,483 783,485 784,485 784,486 785,486 785,489 848,489 848,490 849,490 849,491 850,491 850,507 863,507 863,508 865,508 865,510 866,510 866,516 865,516 865,518 864,518 864,519 863,519 863,520 862,520 862,521 861,521 861,522 860,522 860,523 858,523 858,524 856,524 856,523 855,523 855,517 807,517 807,516 699,516 699,502 693,502 693,501 692,501 692,497 693,497 693,495 694,495 694,493 695,493 695,492 698,492 698,491 706,491 706,490 748,490 748,489 753,489 753,480 754,480 754,477 755,477 755,475 756,475 756,473 757,473 757,472 758,472 758,469 760,469 760,468"/>
	<TextEquiv>
	<Unicode>πόλιν,</Unicode></TextEquiv></Word>
	<Word id="r75">
	<Coords points="996,466 996,467 997,467 997,468 1021,468 1021,470 1022,470 1022,473 1023,473 1023,474 1024,474 1024,475 1025,475 1025,477 1026,477 1026,479 1027,479 1027,482 1028,482 1028,489 1029,489 1029,490 1030,490 1030,491 1031,491 1031,494 1029,494 1029,515 1028,515 1028,516 959,516 959,515 926,515 926,514 924,514 924,513 923,513 923,512 922,512 922,511 921,511 921,509 920,509 920,501 921,501 921,498 922,498 922,497 923,497 923,495 924,495 924,494 925,494 925,493 926,493 926,492 927,492 927,491 928,491 928,490 930,490 930,489 961,489 961,469 962,469 962,468 988,468 988,467 989,467 989,466"/>
	<TextEquiv>
	<Unicode>οὐδὲ</Unicode></TextEquiv></Word>
	<Word id="r76">
	<Coords points="1178,466 1178,467 1179,467 1179,474 1186,474 1186,475 1191,475 1191,476 1193,476 1193,477 1195,477 1195,478 1197,478 1197,480 1198,480 1198,481 1199,481 1199,483 1200,483 1200,484 1201,484 1201,486 1202,486 1202,488 1298,488 1298,489 1301,489 1301,490 1303,490 1303,491 1305,491 1305,493 1306,493 1306,497 1305,497 1305,498 1302,498 1302,514 1301,514 1301,516 1300,516 1300,517 1299,517 1299,518 1298,518 1298,519 1295,519 1295,520 1293,520 1293,519 1291,519 1291,515 1167,515 1167,516 1164,516 1164,515 1103,515 1103,514 1101,514 1101,513 1098,513 1098,512 1097,512 1097,511 1096,511 1096,509 1095,509 1095,508 1094,508 1094,499 1095,499 1095,498 1096,498 1096,495 1097,495 1097,494 1098,494 1098,493 1099,493 1099,469 1100,469 1100,467 1102,467 1102,466"/>
	<TextEquiv>
	<Unicode>δούλους</Unicode></TextEquiv></Word>
	<Word id="r77">
	<Coords points="1404,465 1404,466 1405,466 1405,468 1406,468 1406,469 1407,469 1407,472 1408,472 1408,473 1409,473 1409,476 1410,476 1410,478 1411,478 1411,488 1444,488 1444,490 1445,490 1445,495 1444,495 1444,498 1443,498 1443,500 1442,500 1442,502 1441,502 1441,503 1440,503 1440,504 1439,504 1439,506 1437,506 1437,507 1436,507 1436,509 1434,509 1434,510 1433,510 1433,511 1431,511 1431,512 1430,512 1430,513 1429,513 1429,514 1426,514 1426,515 1423,515 1423,516 1408,516 1408,517 1362,517 1362,519 1361,519 1361,524 1360,524 1360,527 1359,527 1359,529 1358,529 1358,530 1355,530 1355,529 1354,529 1354,523 1355,523 1355,520 1356,520 1356,517 1357,517 1357,514 1358,514 1358,510 1359,510 1359,507 1360,507 1360,504 1361,504 1361,499 1362,499 1362,495 1363,495 1363,492 1364,492 1364,490 1365,490 1365,489 1382,489 1382,488 1400,488 1400,466 1401,466 1401,465"/>
	<TextEquiv>
	<Unicode>μὲν</Unicode></TextEquiv></Word>
	<Word id="r78">
	<Coords points="1526,467 1526,468 1527,468 1527,469 1528,469 1528,470 1529,470 1529,472 1530,472 1530,473 1537,473 1537,474 1540,474 1540,475 1542,475 1542,476 1543,476 1543,477 1545,477 1545,479 1546,479 1546,480 1547,480 1547,481 1548,481 1548,483 1549,483 1549,485 1550,485 1550,486 1603,486 1603,487 1622,487 1622,488 1623,488 1623,496 1643,496 1643,497 1644,497 1644,500 1621,500 1621,501 1620,501 1620,503 1619,503 1619,505 1618,505 1618,507 1617,507 1617,508 1616,508 1616,509 1615,509 1615,510 1614,510 1614,511 1613,511 1613,512 1612,512 1612,513 1587,513 1587,514 1584,514 1584,515 1516,515 1516,514 1514,514 1514,513 1512,513 1512,512 1510,512 1510,510 1509,510 1509,509 1508,509 1508,507 1507,507 1507,501 1508,501 1508,498 1509,498 1509,496 1510,496 1510,495 1511,495 1511,494 1512,494 1512,493 1513,493 1513,492 1514,492 1514,490 1516,490 1516,489 1517,489 1517,488 1519,488 1519,470 1520,470 1520,468 1521,468 1521,467"/>
	<TextEquiv>
	<Unicode>ἐλευ-</Unicode></TextEquiv></Word>
	<TextEquiv>
	<Unicode>βλαβῆναι τὴν πόλιν, οὐδὲ δούλους μὲν ἐλευ-</Unicode></TextEquiv></TextLine>
	<TextLine id="r6">
	<Coords points="1490,540 1490,541 1508,541 1508,542 1600,542 1600,543 1603,543 1603,544 1605,544 1605,545 1606,545 1606,546 1607,546 1607,562 1643,562 1643,563 1644,563 1644,564 1645,564 1645,565 1646,565 1646,566 1645,566 1645,567 1644,567 1644,583 1642,583 1642,584 1641,584 1641,587 1639,587 1639,588 1621,588 1621,589 1601,589 1601,590 1599,590 1599,591 1595,591 1595,590 1594,590 1594,589 1425,589 1425,590 1331,590 1331,593 1330,593 1330,595 1329,595 1329,596 1327,596 1327,597 1324,597 1324,598 1229,598 1229,604 1228,604 1228,606 1167,606 1167,607 1165,607 1165,606 1164,606 1164,604 1163,604 1163,592 1008,592 1008,593 1007,593 1007,594 1006,594 1006,595 1003,595 1003,596 906,596 906,598 905,598 905,601 904,601 904,602 903,602 903,603 900,603 900,601 899,601 899,591 563,591 563,592 562,592 562,593 561,593 561,594 559,594 559,595 557,595 557,596 555,596 555,595 554,595 554,592 498,592 498,591 291,591 291,599 290,599 290,602 289,602 289,605 288,605 288,606 287,606 287,607 287,606 285,606 285,605 284,605 284,590 229,590 229,589 228,589 228,588 227,588 227,586 226,586 226,584 225,584 225,574 226,574 226,571 227,571 227,567 228,567 228,565 229,565 229,562 230,562 230,560 231,560 231,558 232,558 232,557 233,557 233,554 234,554 234,553 235,553 235,552 236,552 236,551 237,551 237,550 238,550 238,549 239,549 239,548 244,548 244,545 246,545 246,544 249,544 249,545 251,545 251,546 252,546 252,548 253,548 253,550 356,550 356,548 357,548 357,547 360,547 360,546 364,546 364,547 369,547 369,548 371,548 371,549 372,549 372,550 373,550 373,565 527,565 527,544 528,544 528,543 632,543 632,544 738,544 738,545 739,545 739,546 740,546 740,548 741,548 741,550 742,550 742,551 851,551 851,550 852,550 852,549 853,549 853,548 854,548 854,547 855,547 855,546 856,546 856,545 858,545 858,544 859,544 859,543 891,543 891,542 893,542 893,541 895,541 895,544 896,544 896,563 1075,563 1075,547 1076,547 1076,545 1077,545 1077,544 1079,544 1079,543 1082,543 1082,542 1083,542 1083,543 1085,543 1085,544 1086,544 1086,545 1087,545 1087,562 1157,562 1157,563 1265,563 1265,552 1266,552 1266,549 1267,549 1267,548 1269,548 1269,547 1270,547 1270,546 1278,546 1278,547 1280,547 1280,548 1281,548 1281,549 1282,549 1282,550 1283,550 1283,551 1284,551 1284,564 1398,564 1398,563 1424,563 1424,544 1425,544 1425,543 1427,543 1427,542 1428,542 1428,541 1486,541 1486,540"/>
	<Word id="r79">
	<Coords points="249,544 249,545 251,545 251,546 252,546 252,548 253,548 253,550 356,550 356,548 357,548 357,547 360,547 360,546 364,546 364,547 369,547 369,548 371,548 371,549 372,549 372,550 373,550 373,565 403,565 403,566 404,566 404,568 405,568 405,572 404,572 404,573 403,573 403,574 402,574 402,578 401,578 401,579 399,579 399,582 398,582 398,583 397,583 397,584 396,584 396,585 395,585 395,586 393,586 393,587 391,587 391,588 388,588 388,589 387,589 387,590 382,590 382,591 291,591 291,599 290,599 290,602 289,602 289,605 288,605 288,606 287,606 287,607 287,606 285,606 285,605 284,605 284,590 229,590 229,589 228,589 228,588 227,588 227,586 226,586 226,584 225,584 225,574 226,574 226,571 227,571 227,567 228,567 228,565 229,565 229,562 230,562 230,560 231,560 231,558 232,558 232,557 233,557 233,554 234,554 234,553 235,553 235,552 236,552 236,551 237,551 237,550 238,550 238,549 239,549 239,548 244,548 244,545 246,545 246,544"/>
	<TextEquiv>
	<Unicode>θεροῦν</Unicode></TextEquiv></Word>
	<Word id="r80">
	<Coords points="528,543 530,543 530,544 532,544 532,546 533,546 533,547 534,547 534,549 535,549 535,553 536,553 536,555 537,555 537,566 563,566 563,567 565,567 565,568 567,568 567,569 568,569 568,570 569,570 569,572 570,572 570,573 569,573 569,574 568,574 568,575 564,575 564,589 563,589 563,592 562,592 562,593 561,593 561,594 559,594 559,595 557,595 557,596 555,596 555,595 554,595 554,592 498,592 498,591 464,591 464,590 463,590 463,589 462,589 462,574 454,574 454,573 453,573 453,569 454,569 454,567 456,567 456,566 459,566 459,565 527,565 527,544 528,544"/>
	<TextEquiv>
	<Unicode>τοὺς</Unicode></TextEquiv></Word>
	<Word id="r82">
	<Coords points="632,543 632,544 660,544 660,545 661,545 661,546 662,546 662,547 663,547 663,550 664,550 664,552 665,552 665,555 666,555 666,557 667,557 667,565 668,565 668,566 669,566 669,569 668,569 668,588 667,588 667,589 665,589 665,590 636,590 636,591 627,591 627,590 624,590 624,588 622,588 622,587 621,587 621,586 620,586 620,584 619,584 619,575 620,575 620,573 621,573 621,572 622,572 622,571 623,571 623,570 624,570 624,547 625,547 625,545 627,545 627,544 629,544 629,543"/>
	<TextEquiv>
	<Unicode>δὲ</Unicode></TextEquiv></Word>
	<Word id="r83">
	<Coords points="895,541 895,544 896,544 896,563 1004,563 1004,564 1007,564 1007,565 1011,565 1011,566 1013,566 1013,567 1014,567 1014,569 1015,569 1015,571 1016,571 1016,572 1015,572 1015,574 1011,574 1011,590 1010,590 1010,592 1008,592 1008,593 1007,593 1007,594 1006,594 1006,595 1003,595 1003,596 906,596 906,598 905,598 905,601 904,601 904,602 903,602 903,603 900,603 900,601 899,601 899,591 729,591 729,590 727,590 727,589 724,589 724,588 723,588 723,587 722,587 722,585 721,585 721,584 720,584 720,583 719,583 719,582 720,582 720,575 721,575 721,573 722,573 722,571 723,571 723,570 724,570 724,569 725,569 725,568 726,568 726,567 727,567 727,566 730,566 730,565 732,565 732,545 733,545 733,544 738,544 738,545 739,545 739,546 740,546 740,548 741,548 741,550 742,550 742,551 851,551 851,550 852,550 852,549 853,549 853,548 854,548 854,547 855,547 855,546 856,546 856,545 858,545 858,544 859,544 859,543 891,543 891,542 893,542 893,541"/>
	<TextEquiv>
	<Unicode>ἐλευθέρους</Unicode></TextEquiv></Word>
	<Word id="r84">
	<Coords points="1083,542 1083,543 1085,543 1085,544 1086,544 1086,545 1087,545 1087,562 1157,562 1157,563 1265,563 1265,552 1266,552 1266,549 1267,549 1267,548 1269,548 1269,547 1270,547 1270,546 1278,546 1278,547 1280,547 1280,548 1281,548 1281,549 1282,549 1282,550 1283,550 1283,551 1284,551 1284,564 1318,564 1318,566 1319,566 1319,580 1328,580 1328,581 1330,581 1330,582 1331,582 1331,584 1332,584 1332,590 1331,590 1331,593 1330,593 1330,595 1329,595 1329,596 1327,596 1327,597 1324,597 1324,598 1229,598 1229,604 1228,604 1228,606 1167,606 1167,607 1165,607 1165,606 1164,606 1164,604 1163,604 1163,592 1105,592 1105,591 1074,591 1074,590 1072,590 1072,589 1071,589 1071,588 1070,588 1070,587 1069,587 1069,586 1068,586 1068,569 1066,569 1066,567 1067,567 1067,566 1068,566 1068,565 1070,565 1070,564 1075,564 1075,547 1076,547 1076,545 1077,545 1077,544 1079,544 1079,543 1082,543 1082,542"/>
	<TextEquiv>
	<Unicode>ὑπερορᾶν,</Unicode></TextEquiv></Word>
	<Word id="r85">
	<Coords points="1431,541 1431,542 1433,542 1433,544 1434,544 1434,545 1433,545 1433,547 1432,547 1432,548 1431,548 1431,582 1430,582 1430,585 1429,585 1429,586 1428,586 1428,587 1427,587 1427,588 1426,588 1426,589 1425,589 1425,590 1396,590 1396,589 1394,589 1394,588 1390,588 1390,587 1389,587 1389,585 1388,585 1388,583 1387,583 1387,573 1388,573 1388,571 1389,571 1389,570 1390,570 1390,569 1391,569 1391,568 1392,568 1392,567 1393,567 1393,566 1395,566 1395,565 1397,565 1397,564 1398,564 1398,563 1424,563 1424,544 1425,544 1425,543 1427,543 1427,542 1428,542 1428,541"/>
	<TextEquiv>
	<Unicode>οἱ</Unicode></TextEquiv></Word>
	<Word id="r86">
	<Coords points="1490,540 1490,541 1508,541 1508,542 1511,542 1511,544 1513,544 1513,546 1514,546 1514,552 1513,552 1513,554 1512,554 1512,555 1511,555 1511,556 1510,556 1510,557 1503,557 1503,574 1502,574 1502,580 1501,580 1501,581 1500,581 1500,582 1499,582 1499,584 1498,584 1498,585 1497,585 1497,586 1496,586 1496,587 1495,587 1495,588 1492,588 1492,589 1484,589 1484,588 1482,588 1482,587 1480,587 1480,586 1479,586 1479,585 1478,585 1478,583 1477,583 1477,581 1476,581 1476,574 1477,574 1477,571 1478,571 1478,570 1479,570 1479,569 1480,569 1480,567 1481,567 1481,544 1482,544 1482,543 1483,543 1483,542 1484,542 1484,541 1486,541 1486,540"/>
	<TextEquiv>
	<Unicode>δ᾽</Unicode></TextEquiv></Word>
	<Word id="r87">
	<Coords points="1600,543 1603,543 1603,544 1605,544 1605,545 1606,545 1606,546 1607,546 1607,562 1643,562 1643,563 1644,563 1644,564 1645,564 1645,565 1646,565 1646,566 1645,566 1645,567 1644,567 1644,583 1642,583 1642,584 1641,584 1641,587 1639,587 1639,588 1621,588 1621,589 1601,589 1601,590 1599,590 1599,591 1595,591 1595,590 1594,590 1594,589 1563,589 1563,588 1562,588 1562,587 1560,587 1560,585 1558,585 1558,583 1557,583 1557,577 1556,577 1556,575 1557,575 1557,574 1558,574 1558,571 1559,571 1559,569 1560,569 1560,568 1561,568 1561,566 1562,566 1562,565 1565,565 1565,564 1566,564 1566,563 1569,563 1569,562 1596,562 1596,545 1597,545 1597,544 1598,544 1598,543 1600,543 1600,542"/>
	<TextEquiv>
	<Unicode>οὐκ</Unicode></TextEquiv></Word>
	<TextEquiv>
	<Unicode>θεροῦν τοὺς δὲ ἐλευθέρους ὑπερορᾶν, οἱ δ᾽ οὐκ</Unicode></TextEquiv></TextLine>
	<TextLine id="r7">
	<Coords points="1353,615 1353,616 1354,616 1354,621 1510,621 1510,620 1511,620 1511,619 1512,619 1512,618 1513,618 1513,616 1515,616 1515,615 1517,615 1517,616 1519,616 1519,637 1627,637 1627,638 1628,638 1628,639 1629,639 1629,655 1643,655 1643,657 1644,657 1644,658 1645,658 1645,665 1644,665 1644,666 1643,666 1643,668 1642,668 1642,669 1641,669 1641,670 1640,670 1640,671 1543,671 1543,673 1542,673 1542,676 1541,676 1541,678 1539,678 1539,679 1439,679 1439,680 1438,680 1438,681 1371,681 1371,680 1368,680 1368,679 1367,679 1367,677 1366,677 1366,665 1213,665 1213,679 1212,679 1212,680 1210,680 1210,681 1204,681 1204,680 1203,680 1203,679 1202,679 1202,665 1050,665 1050,680 1049,680 1049,681 1048,681 1048,682 1041,682 1041,681 1040,681 1040,679 1039,679 1039,666 886,666 886,667 885,667 885,673 884,673 884,674 883,674 883,675 882,675 882,676 880,676 880,677 879,677 879,678 871,678 871,677 870,677 870,676 869,676 869,665 739,665 739,667 738,667 738,668 736,668 736,669 735,669 735,670 733,670 733,671 731,671 731,670 730,670 730,666 608,666 608,665 505,665 505,666 503,666 503,667 484,667 484,666 433,666 433,665 304,665 304,666 246,666 246,679 245,679 245,681 244,681 244,682 243,682 243,683 237,683 237,682 235,682 235,666 232,666 232,665 230,665 230,664 229,664 229,663 228,663 228,657 227,657 227,656 228,656 228,650 229,650 229,648 230,648 230,647 231,647 231,646 232,646 232,645 233,645 233,644 235,644 235,643 236,643 236,642 238,642 238,641 246,641 246,623 247,623 247,622 248,622 248,621 261,621 261,620 262,620 262,619 265,619 265,639 429,639 429,622 430,622 430,621 431,621 431,620 433,620 433,619 434,619 434,620 441,620 441,621 492,621 492,622 495,622 495,624 497,624 497,640 505,640 505,641 611,641 611,621 612,621 612,620 614,620 614,619 615,619 615,618 704,618 704,617 705,617 705,618 707,618 707,619 830,619 830,618 856,618 856,617 860,617 860,618 861,618 861,620 878,620 878,621 879,621 879,625 890,625 890,626 893,626 893,627 894,627 894,628 895,628 895,638 1050,638 1050,628 1051,628 1051,624 1052,624 1052,622 1053,622 1053,621 1054,621 1054,620 1055,620 1055,619 1059,619 1059,618 1082,618 1082,617 1084,617 1084,616 1086,616 1086,617 1090,617 1090,618 1092,618 1092,619 1093,619 1093,620 1094,620 1094,621 1095,621 1095,622 1097,622 1097,624 1098,624 1098,625 1099,625 1099,626 1100,626 1100,628 1101,628 1101,638 1214,638 1214,624 1215,624 1215,623 1216,623 1216,621 1217,621 1217,620 1218,620 1218,619 1223,619 1223,618 1348,618 1348,617 1349,617 1349,615"/>
	<Word id="r88">
	<Coords points="265,619 265,639 378,639 378,640 380,640 380,641 381,641 381,642 382,642 382,643 383,643 383,647 384,647 384,655 383,655 383,659 382,659 382,660 381,660 381,661 380,661 380,662 379,662 379,663 378,663 378,664 368,664 368,665 304,665 304,666 246,666 246,679 245,679 245,681 244,681 244,682 243,682 243,683 237,683 237,682 235,682 235,666 232,666 232,665 230,665 230,664 229,664 229,663 228,663 228,657 227,657 227,656 228,656 228,650 229,650 229,648 230,648 230,647 231,647 231,646 232,646 232,645 233,645 233,644 235,644 235,643 236,643 236,642 238,642 238,641 246,641 246,623 247,623 247,622 248,622 248,621 261,621 261,620 262,620 262,619"/>
	<TextEquiv>
	<Unicode>ᾤοντο</Unicode></TextEquiv></Word>
	<Word id="r89">
	<Coords points="434,619 434,620 441,620 441,621 492,621 492,622 495,622 495,624 497,624 497,640 505,640 505,641 523,641 523,644 524,644 524,648 523,648 523,650 522,650 522,652 521,652 521,653 519,653 519,655 518,655 518,656 517,656 517,657 516,657 516,658 515,658 515,660 514,660 514,661 511,661 511,662 510,662 510,663 509,663 509,664 508,664 508,665 505,665 505,666 503,666 503,667 484,667 484,666 433,666 433,665 430,665 430,664 429,664 429,663 427,663 427,662 426,662 426,659 425,659 425,658 424,658 424,650 425,650 425,647 426,647 426,646 427,646 427,645 428,645 428,644 429,644 429,622 430,622 430,621 431,621 431,620 433,620 433,619"/>
	<TextEquiv>
	<Unicode>δεῖν</Unicode></TextEquiv></Word>
	<Word id="r90">
	<Coords points="705,617 705,618 707,618 707,619 708,619 708,620 709,620 709,622 710,622 710,624 711,624 711,627 712,627 712,629 713,629 713,639 738,639 738,640 741,640 741,641 743,641 743,642 744,642 744,643 745,643 745,644 746,644 746,648 745,648 745,649 741,649 741,664 740,664 740,665 739,665 739,667 738,667 738,668 736,668 736,669 735,669 735,670 733,670 733,671 731,671 731,670 730,670 730,666 608,666 608,665 566,665 566,663 564,663 564,661 563,661 563,655 564,655 564,652 565,652 565,650 566,650 566,649 567,649 567,648 568,648 568,645 570,645 570,644 572,644 572,643 573,643 573,642 579,642 579,641 611,641 611,621 612,621 612,620 614,620 614,619 615,619 615,618 704,618 704,617"/>
	<TextEquiv>
	<Unicode>αὐτοὺς</Unicode></TextEquiv></Word>
	<Word id="r91">
	<Coords points="860,617 860,618 861,618 861,620 878,620 878,621 879,621 879,625 890,625 890,626 893,626 893,627 894,627 894,628 895,628 895,638 910,638 910,639 961,639 961,640 962,640 962,641 963,641 963,643 964,643 964,645 963,645 963,648 962,648 962,651 961,651 961,653 960,653 960,654 958,654 958,655 957,655 957,657 956,657 956,658 955,658 955,659 954,659 954,660 953,660 953,661 951,661 951,662 950,662 950,663 948,663 948,664 945,664 945,665 943,665 943,666 886,666 886,667 885,667 885,673 884,673 884,674 883,674 883,675 882,675 882,676 880,676 880,677 879,677 879,678 871,678 871,677 870,677 870,676 869,676 869,665 789,665 789,664 788,664 788,663 787,663 787,662 786,662 786,661 785,661 785,660 784,660 784,658 783,658 783,648 784,648 784,647 785,647 785,646 786,646 786,644 788,644 788,643 789,643 789,642 790,642 790,640 792,640 792,639 795,639 795,620 796,620 796,619 830,619 830,618 856,618 856,617"/>
	<TextEquiv>
	<Unicode>ἐθίζειν</Unicode></TextEquiv></Word>
	<Word id="r92">
	<Coords points="1086,616 1086,617 1090,617 1090,618 1092,618 1092,619 1093,619 1093,620 1094,620 1094,621 1095,621 1095,622 1097,622 1097,624 1098,624 1098,625 1099,625 1099,626 1100,626 1100,628 1101,628 1101,638 1124,638 1124,639 1125,639 1125,640 1127,640 1127,643 1125,643 1125,644 1123,644 1123,663 1122,663 1122,664 1120,664 1120,665 1050,665 1050,680 1049,680 1049,681 1048,681 1048,682 1041,682 1041,681 1040,681 1040,679 1039,679 1039,665 1011,665 1011,664 1010,664 1010,663 1009,663 1009,650 1002,650 1002,649 1001,649 1001,647 1000,647 1000,644 1001,644 1001,642 1002,642 1002,641 1003,641 1003,640 1004,640 1004,639 1008,639 1008,638 1050,638 1050,628 1051,628 1051,624 1052,624 1052,622 1053,622 1053,621 1054,621 1054,620 1055,620 1055,619 1059,619 1059,618 1082,618 1082,617 1084,617 1084,616"/>
	<TextEquiv>
	<Unicode>τῷδε</Unicode></TextEquiv></Word>
	<Word id="r93">
	<Coords points="1225,618 1225,619 1228,619 1228,620 1229,620 1229,621 1231,621 1231,624 1232,624 1232,626 1233,626 1233,654 1232,654 1232,655 1231,655 1231,658 1230,658 1230,659 1229,659 1229,660 1228,660 1228,661 1227,661 1227,662 1224,662 1224,663 1220,663 1220,664 1213,664 1213,679 1212,679 1212,680 1210,680 1210,681 1204,681 1204,680 1203,680 1203,679 1202,679 1202,665 1172,665 1172,650 1164,650 1164,649 1163,649 1163,641 1164,641 1164,640 1165,640 1165,639 1176,639 1176,638 1214,638 1214,624 1215,624 1215,623 1216,623 1216,621 1217,621 1217,620 1218,620 1218,619 1223,619 1223,618"/>
	<TextEquiv>
	<Unicode>τῷ</Unicode></TextEquiv></Word>
	<Word id="r94">
	<Coords points="1353,615 1353,616 1354,616 1354,638 1389,638 1389,639 1391,639 1391,640 1393,640 1393,643 1394,643 1394,645 1395,645 1395,649 1396,649 1396,650 1395,650 1395,653 1394,653 1394,655 1393,655 1393,658 1392,658 1392,660 1391,660 1391,661 1389,661 1389,662 1388,662 1388,663 1383,663 1383,664 1377,664 1377,679 1375,679 1375,680 1372,680 1372,681 1371,681 1371,680 1368,680 1368,679 1367,679 1367,677 1366,677 1366,665 1279,665 1279,664 1277,664 1277,663 1275,663 1275,662 1274,662 1274,661 1273,661 1273,660 1272,660 1272,656 1271,656 1271,651 1272,651 1272,648 1273,648 1273,646 1274,646 1274,644 1275,644 1275,643 1277,643 1277,641 1278,641 1278,640 1280,640 1280,639 1283,639 1283,620 1284,620 1284,619 1285,619 1285,618 1348,618 1348,617 1349,617 1349,615"/>
	<TextEquiv>
	<Unicode>ἐλέῳ</Unicode></TextEquiv></Word>
	<Word id="r95">
	<Coords points="1517,615 1517,616 1519,616 1519,637 1627,637 1627,638 1628,638 1628,639 1629,639 1629,655 1643,655 1643,657 1644,657 1644,658 1645,658 1645,665 1644,665 1644,666 1643,666 1643,668 1642,668 1642,669 1641,669 1641,670 1640,670 1640,671 1543,671 1543,673 1542,673 1542,676 1541,676 1541,678 1539,678 1539,679 1439,679 1439,680 1438,680 1438,681 1436,681 1436,680 1435,680 1435,679 1434,679 1434,664 1433,664 1433,663 1430,663 1430,662 1429,662 1429,661 1428,661 1428,660 1427,660 1427,659 1426,659 1426,657 1425,657 1425,654 1424,654 1424,648 1425,648 1425,645 1426,645 1426,643 1427,643 1427,642 1428,642 1428,641 1429,641 1429,640 1431,640 1431,639 1433,639 1433,638 1435,638 1435,637 1443,637 1443,627 1444,627 1444,623 1445,623 1445,622 1446,622 1446,621 1510,621 1510,620 1511,620 1511,619 1512,619 1512,618 1513,618 1513,616 1515,616 1515,615"/>
	<TextEquiv>
	<Unicode>φεύγειν,</Unicode></TextEquiv></Word>
	<TextEquiv>
	<Unicode>ᾤοντο δεῖν αὐτοὺς ἐθίζειν τῷδε τῷ ἐλέῳ φεύγειν,</Unicode></TextEquiv></TextLine>
	<TextLine id="r8">
	<Coords points="1014,690 1014,691 1086,691 1086,692 1089,692 1089,693 1192,693 1192,692 1193,692 1193,691 1266,691 1266,690 1269,690 1269,691 1270,691 1270,711 1474,711 1474,697 1475,697 1475,695 1476,695 1476,694 1477,694 1477,693 1478,693 1478,692 1480,692 1480,691 1483,691 1483,692 1485,692 1485,694 1486,694 1486,711 1599,711 1599,693 1600,693 1600,691 1601,691 1601,690 1606,690 1606,691 1608,691 1608,692 1609,692 1609,694 1610,694 1610,710 1645,710 1645,711 1647,711 1647,712 1648,712 1648,714 1647,714 1647,730 1646,730 1646,732 1645,732 1645,734 1644,734 1644,735 1642,735 1642,736 1640,736 1640,737 1602,737 1602,738 1516,738 1516,739 1515,739 1515,741 1513,741 1513,742 1512,742 1512,743 1507,743 1507,739 1394,739 1394,740 1392,740 1392,739 1263,739 1263,745 1262,745 1262,748 1261,748 1261,751 1260,751 1260,752 1258,752 1258,753 1258,752 1256,752 1256,751 1255,751 1255,739 1127,739 1127,740 1020,740 1020,743 1019,743 1019,748 1018,748 1018,750 1017,750 1017,752 1016,752 1016,753 1012,753 1012,751 1011,751 1011,745 940,745 940,744 938,744 938,739 831,739 831,740 784,740 784,745 783,745 783,748 782,748 782,751 781,751 781,753 780,753 780,754 742,754 742,756 741,756 741,757 740,757 740,758 738,758 738,759 733,759 733,758 709,758 709,757 707,757 707,753 632,753 632,752 630,752 630,741 570,741 570,740 453,740 453,741 400,741 400,744 399,744 399,747 398,747 398,750 397,750 397,752 396,752 396,753 395,753 395,754 392,754 392,753 391,753 391,741 231,741 231,740 229,740 229,738 228,738 228,736 227,736 227,731 228,731 228,728 229,728 229,727 230,727 230,725 231,725 231,724 232,724 232,722 234,722 234,720 235,720 235,719 236,719 236,718 237,718 237,717 239,717 239,716 242,716 242,696 243,696 243,695 336,695 336,693 337,693 337,692 338,692 338,691 341,691 341,692 395,692 395,693 396,693 396,694 397,694 397,698 398,698 398,700 399,700 399,704 400,704 400,705 401,705 401,708 402,708 402,713 538,713 538,702 539,702 539,700 540,700 540,699 541,699 541,698 542,698 542,697 544,697 544,696 551,696 551,697 553,697 553,698 554,698 554,699 555,699 555,700 556,700 556,702 557,702 557,714 645,714 645,715 758,715 758,714 760,714 760,713 826,713 826,707 827,707 827,703 828,703 828,701 829,701 829,698 830,698 830,696 831,696 831,693 832,693 832,692 834,692 834,691 836,691 836,692 838,692 838,713 1001,713 1001,712 1004,712 1004,698 1006,698 1006,697 1010,697 1010,691 1013,691 1013,690"/>
	<Word id="r96">
	<Coords points="341,691 341,692 345,692 345,693 346,693 346,694 347,694 347,696 348,696 348,702 347,702 347,704 346,704 346,705 345,705 345,706 343,706 343,707 335,707 335,736 334,736 334,738 332,738 332,739 330,739 330,740 304,740 304,741 231,741 231,740 229,740 229,738 228,738 228,736 227,736 227,731 228,731 228,728 229,728 229,727 230,727 230,725 231,725 231,724 232,724 232,722 234,722 234,720 235,720 235,719 236,719 236,718 237,718 237,717 239,717 239,716 242,716 242,696 243,696 243,695 336,695 336,693 337,693 337,692 338,692 338,691"/>
	<TextEquiv>
	<Unicode>ἀλλ᾽</Unicode></TextEquiv></Word>
	<Word id="r97">
	<Coords points="395,692 395,693 396,693 396,694 397,694 397,698 398,698 398,700 399,700 399,704 400,704 400,705 401,705 401,708 402,708 402,716 403,716 403,718 404,718 404,719 405,719 405,726 404,726 404,730 403,730 403,734 402,734 402,737 401,737 401,741 400,741 400,744 399,744 399,747 398,747 398,750 397,750 397,752 396,752 396,753 395,753 395,754 392,754 392,753 391,753 391,739 379,739 379,738 378,738 378,723 375,723 375,722 374,722 374,719 375,719 375,718 376,718 376,717 378,717 378,716 379,716 379,715 382,715 382,714 385,714 385,700 390,700 390,693 391,693 391,692"/>
	<TextEquiv>
	<Unicode>ἢ</Unicode></TextEquiv></Word>
	<Word id="r98">
	<Coords points="551,696 551,697 553,697 553,698 554,698 554,699 555,699 555,700 556,700 556,702 557,702 557,714 591,714 591,715 592,715 592,720 591,720 591,724 590,724 590,725 589,725 589,727 588,727 588,728 587,728 587,729 586,729 586,731 585,731 585,732 584,732 584,733 583,733 583,734 582,734 582,735 580,735 580,736 579,736 579,737 577,737 577,738 575,738 575,739 574,739 574,740 570,740 570,741 570,740 453,740 453,741 448,741 448,740 447,740 447,717 446,717 446,716 447,716 447,715 448,715 448,714 484,714 484,713 538,713 538,702 539,702 539,700 540,700 540,699 541,699 541,698 542,698 542,697 544,697 544,696"/>
	<TextEquiv>
	<Unicode>νικᾶν</Unicode></TextEquiv></Word>
	<Word id="r99">
	<Coords points="836,691 836,692 838,692 838,713 947,713 947,714 949,714 949,715 951,715 951,716 952,716 952,717 953,717 953,719 954,719 954,722 953,722 953,723 949,723 949,740 948,740 948,741 947,741 947,742 946,742 946,743 944,743 944,744 941,744 941,745 940,745 940,744 938,744 938,739 831,739 831,740 784,740 784,745 783,745 783,748 782,748 782,751 781,751 781,753 780,753 780,754 742,754 742,756 741,756 741,757 740,757 740,758 738,758 738,759 733,759 733,758 709,758 709,757 707,757 707,753 632,753 632,752 630,752 630,751 631,751 631,749 632,749 632,744 633,744 633,740 634,740 634,737 635,737 635,733 636,733 636,732 637,732 637,727 638,727 638,723 639,723 639,720 640,720 640,716 641,716 641,715 642,715 642,714 645,714 645,715 758,715 758,714 760,714 760,713 826,713 826,707 827,707 827,703 828,703 828,701 829,701 829,698 830,698 830,696 831,696 831,693 832,693 832,692 834,692 834,691"/>
	<TextEquiv>
	<Unicode>μαχομένους</Unicode></TextEquiv></Word>
	<Word id="r100">
	<Coords points="1014,690 1014,691 1016,691 1016,693 1017,693 1017,696 1018,696 1018,698 1019,698 1019,701 1020,701 1020,703 1021,703 1021,706 1022,706 1022,713 1023,713 1023,714 1024,714 1024,715 1025,715 1025,726 1024,726 1024,728 1023,728 1023,733 1022,733 1022,737 1021,737 1021,740 1020,740 1020,743 1019,743 1019,748 1018,748 1018,750 1017,750 1017,752 1016,752 1016,753 1012,753 1012,751 1011,751 1011,738 998,738 998,724 994,724 994,723 993,723 993,720 994,720 994,718 995,718 995,716 996,716 996,715 997,715 997,714 998,714 998,713 1001,713 1001,712 1004,712 1004,698 1006,698 1006,697 1010,697 1010,691 1013,691 1013,690"/>
	<TextEquiv>
	<Unicode>ἢ</Unicode></TextEquiv></Word>
	<Word id="r101">
	<Coords points="1269,690 1269,691 1270,691 1270,711 1382,711 1382,712 1416,712 1416,713 1417,713 1417,719 1416,719 1416,720 1415,720 1415,724 1414,724 1414,725 1413,725 1413,726 1412,726 1412,727 1411,727 1411,729 1410,729 1410,730 1409,730 1409,731 1408,731 1408,732 1407,732 1407,733 1406,733 1406,734 1405,734 1405,735 1403,735 1403,736 1402,736 1402,737 1399,737 1399,738 1397,738 1397,739 1394,739 1394,740 1392,740 1392,739 1263,739 1263,745 1262,745 1262,748 1261,748 1261,751 1260,751 1260,752 1258,752 1258,753 1258,752 1256,752 1256,751 1255,751 1255,739 1127,739 1127,740 1107,740 1107,739 1071,739 1071,738 1069,738 1069,737 1068,737 1068,736 1066,736 1066,732 1065,732 1065,730 1066,730 1066,725 1067,725 1067,724 1068,724 1068,723 1069,723 1069,721 1070,721 1070,719 1071,719 1071,718 1072,718 1072,717 1073,717 1073,716 1074,716 1074,715 1076,715 1076,714 1078,714 1078,713 1080,713 1080,694 1081,694 1081,692 1082,692 1082,691 1086,691 1086,692 1089,692 1089,693 1192,693 1192,692 1193,692 1193,691 1266,691 1266,690"/>
	<TextEquiv>
	<Unicode>ἀποθνήσκειν</Unicode></TextEquiv></Word>
	<Word id="r102">
	<Coords points="1483,691 1483,692 1485,692 1485,694 1486,694 1486,711 1515,711 1515,712 1518,712 1518,713 1519,713 1519,714 1521,714 1521,716 1522,716 1522,717 1523,717 1522,717 1522,720 1521,720 1521,721 1518,721 1518,737 1517,737 1517,738 1516,738 1516,739 1515,739 1515,741 1513,741 1513,742 1512,742 1512,743 1507,743 1507,739 1467,739 1467,738 1464,738 1464,737 1462,737 1462,736 1461,736 1461,735 1460,735 1460,734 1459,734 1459,733 1458,733 1458,728 1457,728 1457,725 1458,725 1458,722 1459,722 1459,720 1460,720 1460,718 1461,718 1461,717 1462,717 1462,716 1464,716 1464,715 1465,715 1465,714 1468,714 1468,713 1474,713 1474,697 1475,697 1475,695 1476,695 1476,694 1477,694 1477,693 1478,693 1478,692 1480,692 1480,691"/>
	<TextEquiv>
	<Unicode>ὡς</Unicode></TextEquiv></Word>
	<Word id="r103">
	<Coords points="1606,690 1606,691 1608,691 1608,692 1609,692 1609,694 1610,694 1610,710 1645,710 1645,711 1647,711 1647,712 1648,712 1648,714 1647,714 1647,730 1646,730 1646,732 1645,732 1645,734 1644,734 1644,735 1642,735 1642,736 1640,736 1640,737 1602,737 1602,738 1565,738 1565,737 1563,737 1563,736 1562,736 1562,735 1561,735 1561,733 1560,733 1560,732 1559,732 1559,724 1560,724 1560,721 1561,721 1561,718 1562,718 1562,716 1564,716 1564,715 1565,715 1565,714 1566,714 1566,713 1567,713 1567,712 1572,712 1572,711 1599,711 1599,693 1600,693 1600,691 1601,691 1601,690"/>
	<TextEquiv>
	<Unicode>οὐκ</Unicode></TextEquiv></Word>
	<TextEquiv>
	<Unicode>ἀλλ᾽ ἢ νικᾶν μαχομένους ἢ ἀποθνήσκειν ὡς οὐκ</Unicode></TextEquiv></TextLine>
	<TextLine id="r9">
	<Coords points="1531,763 1531,764 1532,764 1532,785 1579,785 1579,786 1629,786 1629,802 1632,802 1632,803 1642,803 1642,804 1645,804 1645,805 1646,805 1646,807 1647,807 1647,810 1646,810 1646,812 1643,812 1643,813 1496,813 1496,817 1495,817 1495,821 1494,821 1494,824 1493,824 1493,825 1492,825 1492,827 1488,827 1488,828 1416,828 1416,829 1415,829 1415,830 1414,830 1414,831 1413,831 1413,830 1412,830 1412,814 1122,814 1122,815 1096,815 1096,816 1095,816 1095,815 998,815 998,814 890,814 890,815 853,815 853,816 852,816 852,817 851,817 851,816 846,816 846,815 637,815 637,816 537,816 537,815 491,815 491,814 387,814 387,815 351,815 351,816 241,816 241,817 235,817 235,816 232,816 232,815 231,815 231,814 230,814 230,813 229,813 229,812 228,812 228,811 227,811 227,809 226,809 226,804 227,804 227,799 228,799 228,797 229,797 229,796 230,796 230,795 231,795 231,775 232,775 232,774 233,774 233,773 237,773 237,768 238,768 238,767 242,767 242,768 243,768 243,769 244,769 244,770 245,770 245,773 246,773 246,776 247,776 247,788 349,788 349,770 350,770 350,769 381,769 381,768 404,768 404,767 405,767 405,768 540,768 540,770 541,770 541,771 643,771 643,770 651,770 651,771 653,771 653,772 656,772 656,774 657,774 657,789 770,789 770,769 771,769 771,768 772,768 772,766 855,766 855,765 856,765 856,764 860,764 860,765 861,765 861,766 862,766 862,788 982,788 982,787 983,787 983,769 984,769 984,768 985,768 985,767 990,767 990,769 991,769 991,770 992,770 992,771 1094,771 1094,770 1163,770 1163,768 1165,768 1165,767 1166,767 1166,766 1169,766 1169,765 1172,765 1172,766 1174,766 1174,767 1175,767 1175,768 1176,768 1176,770 1177,770 1177,772 1178,772 1178,786 1314,786 1314,765 1315,765 1315,764 1316,764 1316,765 1317,765 1317,766 1319,766 1319,768 1320,768 1320,770 1321,770 1321,771 1423,771 1423,770 1524,770 1524,767 1525,767 1525,766 1526,766 1526,765 1527,765 1527,764 1528,764 1528,763"/>
	<Word id="r104">
	<Coords points="242,767 242,768 243,768 243,769 244,769 244,770 245,770 245,773 246,773 246,776 247,776 247,789 280,789 280,790 281,790 281,792 282,792 282,795 281,795 281,797 280,797 280,799 279,799 279,801 278,801 278,802 277,802 277,804 276,804 276,805 275,805 275,807 274,807 274,808 273,808 273,809 271,809 271,810 269,810 269,811 268,811 268,812 267,812 267,813 265,813 265,814 263,814 263,815 260,815 260,816 241,816 241,817 235,817 235,816 232,816 232,815 231,815 231,814 230,814 230,813 229,813 229,812 228,812 228,811 227,811 227,809 226,809 226,804 227,804 227,799 228,799 228,797 229,797 229,796 230,796 230,795 231,795 231,775 232,775 232,774 233,774 233,773 237,773 237,768 238,768 238,767"/>
	<TextEquiv>
	<Unicode>ὂν</Unicode></TextEquiv></Word>
	<Word id="r105">
	<Coords points="405,767 405,768 409,768 409,769 410,769 410,770 411,770 411,772 412,772 412,774 411,774 411,777 410,777 410,779 409,779 409,780 407,780 407,781 406,781 406,782 396,782 396,803 395,803 395,807 394,807 394,809 393,809 393,810 392,810 392,811 391,811 391,813 389,813 389,814 387,814 387,815 351,815 351,816 347,816 347,815 320,815 320,814 314,814 314,813 312,813 312,811 311,811 311,810 310,810 310,808 309,808 309,800 310,800 310,798 311,798 311,796 312,796 312,794 313,794 313,793 314,793 314,792 315,792 315,791 316,791 316,790 318,790 318,789 321,789 321,788 349,788 349,770 350,770 350,769 381,769 381,768 404,768 404,767"/>
	<TextEquiv>
	<Unicode>οὐδ᾽</Unicode></TextEquiv></Word>
	<Word id="r106">
	<Coords points="540,768 540,770 541,770 541,773 542,773 542,774 543,774 543,776 544,776 544,778 545,778 545,781 546,781 546,791 547,791 547,792 549,792 549,793 550,793 550,794 551,794 551,796 552,796 552,798 553,798 553,804 552,804 552,806 551,806 551,809 550,809 550,810 549,810 549,811 548,811 548,812 547,812 547,813 546,813 546,814 543,814 543,815 540,815 540,816 537,816 537,815 491,815 491,814 458,814 458,813 457,813 457,812 456,812 456,810 455,810 455,809 454,809 454,792 453,792 454,792 454,790 456,790 456,789 461,789 461,776 462,776 462,771 463,771 463,770 464,770 464,769 465,769 465,768"/>
	<TextEquiv>
	<Unicode>ὑπὸ</Unicode></TextEquiv></Word>
	<Word id="r107">
	<Coords points="651,770 651,771 653,771 653,772 656,772 656,774 657,774 657,789 693,789 693,790 695,790 695,796 694,796 694,799 693,799 693,801 692,801 692,803 691,803 691,804 690,804 690,805 689,805 689,806 688,806 688,807 687,807 687,808 685,808 685,809 683,809 683,811 681,811 681,812 680,812 680,813 678,813 678,814 676,814 676,815 637,815 637,816 634,816 634,815 632,815 632,814 604,814 604,813 603,813 603,798 596,798 596,797 594,797 594,796 593,796 593,794 594,794 594,791 595,791 595,790 596,790 596,789 597,789 597,788 638,788 638,774 639,774 639,773 640,773 640,772 641,772 641,771 643,771 643,770"/>
	<TextEquiv>
	<Unicode>τῶν</Unicode></TextEquiv></Word>
	<Word id="r108">
	<Coords points="860,764 860,765 861,765 861,766 862,766 862,788 932,788 932,790 933,790 933,797 932,797 932,799 931,799 931,801 930,801 930,802 929,802 929,804 928,804 928,805 927,805 927,807 925,807 925,808 924,808 924,809 923,809 923,810 922,810 922,811 921,811 921,812 920,812 920,813 918,813 918,814 890,814 890,815 853,815 853,816 852,816 852,817 851,817 851,816 846,816 846,815 741,815 741,814 739,814 739,813 738,813 738,812 737,812 737,811 736,811 736,809 735,809 735,801 736,801 736,799 737,799 737,796 738,796 738,795 739,795 739,794 741,794 741,793 742,793 742,792 743,792 743,791 745,791 745,790 749,790 749,789 770,789 770,769 771,769 771,768 772,768 772,766 855,766 855,765 856,765 856,764"/>
	<TextEquiv>
	<Unicode>οἰκείων</Unicode></TextEquiv></Word>
	<Word id="r109">
	<Coords points="1172,765 1172,766 1174,766 1174,767 1175,767 1175,768 1176,768 1176,770 1177,770 1177,772 1178,772 1178,786 1232,786 1232,787 1233,787 1233,803 1236,803 1236,804 1237,804 1237,805 1236,805 1236,808 1235,808 1235,809 1234,809 1234,810 1233,810 1233,812 1231,812 1231,813 1229,813 1229,814 1122,814 1122,815 1096,815 1096,816 1095,816 1095,815 998,815 998,814 981,814 981,813 977,813 977,812 976,812 976,811 973,811 973,810 972,810 972,808 971,808 971,798 972,798 972,796 973,796 973,794 974,794 974,793 975,793 975,792 976,792 976,791 977,791 977,790 978,790 978,789 980,789 980,788 982,788 982,787 983,787 983,769 984,769 984,768 985,768 985,767 990,767 990,769 991,769 991,770 992,770 992,771 1094,771 1094,770 1163,770 1163,768 1165,768 1165,767 1166,767 1166,766 1169,766 1169,765"/>
	<TextEquiv>
	<Unicode>ἐλεεῖσθαι</Unicode></TextEquiv></Word>
	<Word id="r110">
	<Coords points="1316,764 1316,765 1317,765 1317,766 1319,766 1319,768 1320,768 1320,770 1321,770 1321,772 1322,772 1322,773 1323,773 1323,776 1324,776 1324,778 1325,778 1325,786 1362,786 1362,787 1363,787 1363,789 1364,789 1364,791 1363,791 1363,794 1362,794 1362,796 1361,796 1361,799 1360,799 1360,801 1359,801 1359,802 1358,802 1358,803 1357,803 1357,804 1356,804 1356,805 1355,805 1355,806 1354,806 1354,807 1352,807 1352,808 1351,808 1351,809 1350,809 1350,810 1349,810 1349,811 1347,811 1347,812 1345,812 1345,813 1343,813 1343,814 1285,814 1285,813 1284,813 1284,798 1276,798 1276,796 1275,796 1275,792 1276,792 1276,790 1277,790 1277,789 1278,789 1278,788 1279,788 1279,787 1314,787 1314,765 1315,765 1315,764"/>
	<TextEquiv>
	<Unicode>τὸν</Unicode></TextEquiv></Word>
	<Word id="r111">
	<Coords points="1531,763 1531,764 1532,764 1532,785 1579,785 1579,786 1629,786 1629,802 1632,802 1632,803 1642,803 1642,804 1645,804 1645,805 1646,805 1646,807 1647,807 1647,810 1646,810 1646,812 1643,812 1643,813 1496,813 1496,817 1495,817 1495,821 1494,821 1494,824 1493,824 1493,825 1492,825 1492,827 1488,827 1488,828 1416,828 1416,829 1415,829 1415,830 1414,830 1414,831 1413,831 1413,830 1412,830 1412,812 1410,812 1410,811 1407,811 1407,810 1405,810 1405,809 1404,809 1404,807 1403,807 1403,806 1402,806 1402,804 1401,804 1401,798 1402,798 1402,795 1403,795 1403,794 1404,794 1404,792 1405,792 1405,791 1406,791 1406,790 1408,790 1408,789 1409,789 1409,788 1413,788 1413,787 1416,787 1416,786 1419,786 1419,785 1420,785 1420,774 1421,774 1421,772 1422,772 1422,771 1423,771 1423,770 1524,770 1524,767 1525,767 1525,766 1526,766 1526,765 1527,765 1527,764 1528,764 1528,763"/>
	<TextEquiv>
	<Unicode>φυγόντα.</Unicode></TextEquiv></Word>
	<TextEquiv>
	<Unicode>ὂν οὐδ᾽ ὑπὸ τῶν οἰκείων ἐλεεῖσθαι τὸν φυγόντα.</Unicode></TextEquiv></TextLine>
	<TextLine id="r10">
	<Coords points="1495,838 1499,838 1499,839 1500,839 1500,860 1561,860 1561,861 1633,861 1633,862 1634,862 1634,878 1644,878 1644,879 1646,879 1646,881 1647,881 1647,888 1646,888 1646,889 1645,889 1645,891 1644,891 1644,892 1643,892 1643,893 1642,893 1642,894 1636,894 1636,888 1509,888 1509,889 1441,889 1441,900 1440,900 1440,902 1439,902 1439,903 1438,903 1438,904 1436,904 1436,905 1433,905 1433,906 1405,906 1405,904 1404,904 1404,889 1256,889 1256,895 1255,895 1255,903 1254,903 1254,904 1253,904 1253,905 1252,905 1252,906 1250,906 1250,904 1249,904 1249,890 1205,890 1205,889 1056,889 1056,890 1055,890 1055,892 1053,892 1053,893 1048,893 1048,892 1047,892 1047,890 813,890 813,892 812,892 812,895 811,895 811,900 810,900 810,902 809,902 809,903 786,903 786,904 782,904 782,903 781,903 781,890 644,890 644,891 632,891 632,894 631,894 631,901 630,901 630,903 629,903 629,904 627,904 627,905 627,904 626,904 626,903 625,903 625,891 384,891 384,890 282,890 282,891 250,891 250,892 234,892 234,891 233,891 233,890 232,890 232,876 228,876 228,875 227,875 227,874 226,874 226,869 227,869 227,867 229,867 229,866 234,866 234,865 262,865 262,864 298,864 298,851 299,851 299,850 300,850 300,849 388,849 388,848 389,848 389,846 391,846 391,845 393,845 393,844 478,844 478,843 479,843 479,842 482,842 482,843 509,843 509,844 511,844 511,846 512,846 512,848 513,848 513,851 514,851 514,853 515,853 515,856 516,856 516,857 517,857 517,865 699,865 699,848 700,848 700,844 701,844 701,843 702,843 702,842 703,842 703,841 709,841 709,842 711,842 711,843 712,843 712,844 713,844 713,845 715,845 715,846 717,846 717,848 718,848 718,849 719,849 719,850 720,850 720,851 721,851 721,863 760,863 760,864 862,864 862,856 863,856 863,855 864,855 864,852 865,852 865,850 866,850 866,848 867,848 867,846 868,846 868,844 869,844 869,842 870,842 870,841 875,841 875,842 876,842 876,863 1025,863 1025,845 1026,845 1026,843 1027,843 1027,842 1113,842 1113,841 1185,841 1185,840 1188,840 1188,841 1189,841 1189,861 1339,861 1339,849 1340,849 1340,848 1341,848 1341,847 1347,847 1347,848 1350,848 1350,849 1455,849 1455,847 1456,847 1456,846 1458,846 1458,845 1459,845 1459,844 1460,844 1460,842 1461,842 1461,841 1463,841 1463,840 1466,840 1466,839 1495,839"/>
	<Word id="r112">
	<Coords points="393,844 399,844 399,845 401,845 401,846 403,846 403,848 404,848 404,849 405,849 405,865 426,865 426,866 441,866 441,867 442,867 442,871 441,871 441,874 440,874 440,875 439,875 439,877 437,877 437,880 436,880 436,881 435,881 435,883 434,883 434,884 432,884 432,885 431,885 431,886 428,886 428,887 427,887 427,888 426,888 426,889 424,889 424,890 422,890 422,891 384,891 384,890 282,890 282,891 250,891 250,892 234,892 234,891 233,891 233,890 232,890 232,876 228,876 228,875 227,875 227,874 226,874 226,869 227,869 227,867 229,867 229,866 234,866 234,865 262,865 262,864 298,864 298,851 299,851 299,850 300,850 300,849 388,849 388,848 389,848 389,846 391,846 391,845 393,845"/>
	<TextEquiv>
	<Unicode>πολλῶν</Unicode></TextEquiv></Word>
	<Word id="r114">
	<Coords points="482,842 482,843 509,843 509,844 511,844 511,846 512,846 512,848 513,848 513,851 514,851 514,853 515,853 515,856 516,856 516,857 517,857 517,865 519,865 519,868 518,868 518,877 517,877 517,887 516,887 516,888 515,888 515,889 510,889 510,890 508,890 508,891 507,891 507,890 476,890 476,889 474,889 474,888 472,888 472,886 471,886 471,885 470,885 470,882 469,882 469,881 468,881 468,877 469,877 469,874 470,874 470,871 471,871 471,870 473,870 473,848 474,848 474,846 475,846 475,845 476,845 476,844 478,844 478,843 479,843 479,842"/>
	<TextEquiv>
	<Unicode>δὲ</Unicode></TextEquiv></Word>
	<Word id="r115">
	<Coords points="703,841 709,841 709,842 711,842 711,843 712,843 712,844 713,844 713,845 715,845 715,846 717,846 717,848 718,848 718,849 719,849 719,850 720,850 720,851 721,851 721,863 760,863 760,864 862,864 862,856 863,856 863,855 864,855 864,852 865,852 865,850 866,850 866,848 867,848 867,846 868,846 868,844 869,844 869,842 870,842 870,841 875,841 875,842 876,842 876,863 980,863 980,864 981,864 981,872 980,872 980,874 979,874 979,875 978,875 978,877 977,877 977,879 976,879 976,880 975,880 975,881 974,881 974,882 973,882 973,883 972,883 972,884 971,884 971,885 969,885 969,886 968,886 968,887 966,887 966,888 964,888 964,889 962,889 962,890 813,890 813,892 812,892 812,895 811,895 811,900 810,900 810,902 809,902 809,903 786,903 786,904 782,904 782,903 781,903 781,890 644,890 644,891 632,891 632,894 631,894 631,901 630,901 630,903 629,903 629,904 627,904 627,905 627,904 626,904 626,903 625,903 625,891 554,891 554,890 553,890 553,876 547,876 547,875 546,875 546,872 545,872 546,872 546,871 547,871 547,870 549,870 549,868 550,868 550,867 551,867 551,866 569,866 569,865 699,865 699,848 700,848 700,844 701,844 701,843 702,843 702,842 703,842"/>
	<TextEquiv>
	<Unicode>παραδειγμάτων</Unicode></TextEquiv></Word>
	<Word id="r117">
	<Coords points="1033,842 1033,843 1034,843 1034,844 1035,844 1035,846 1036,846 1036,848 1037,848 1037,862 1052,862 1052,863 1055,863 1055,864 1057,864 1057,865 1059,865 1059,866 1060,866 1060,868 1061,868 1061,872 1060,872 1060,873 1057,873 1057,887 1056,887 1056,890 1055,890 1055,892 1053,892 1053,893 1048,893 1048,892 1047,892 1047,890 1022,890 1022,889 1020,889 1020,888 1018,888 1018,887 1017,887 1017,886 1016,886 1016,885 1015,885 1015,883 1014,883 1014,879 1013,879 1013,876 1014,876 1014,873 1015,873 1015,872 1016,872 1016,870 1017,870 1017,867 1019,867 1019,866 1021,866 1021,865 1023,865 1023,864 1025,864 1025,845 1026,845 1026,843 1027,843 1027,842"/>
	<TextEquiv>
	<Unicode>ἐς</Unicode></TextEquiv></Word>
	<Word id="r118">
	<Coords points="1188,840 1188,841 1189,841 1189,861 1244,861 1244,862 1311,862 1311,878 1315,878 1315,881 1314,881 1314,883 1313,883 1313,885 1312,885 1312,886 1311,886 1311,887 1310,887 1310,888 1309,888 1309,889 1256,889 1256,895 1255,895 1255,903 1254,903 1254,904 1253,904 1253,905 1252,905 1252,906 1250,906 1250,904 1249,904 1249,890 1205,890 1205,889 1108,889 1108,888 1106,888 1106,887 1104,887 1104,886 1103,886 1103,885 1102,885 1102,884 1101,884 1101,883 1100,883 1100,874 1101,874 1101,872 1102,872 1102,870 1103,870 1103,869 1104,869 1104,868 1105,868 1105,867 1106,867 1106,866 1107,866 1107,865 1108,865 1108,846 1109,846 1109,844 1110,844 1110,843 1112,843 1112,842 1113,842 1113,841 1185,841 1185,840"/>
	<TextEquiv>
	<Unicode>ἑκάτερα</Unicode></TextEquiv></Word>
	<Word id="r119">
	<Coords points="1499,838 1499,839 1500,839 1500,860 1561,860 1561,861 1633,861 1633,862 1634,862 1634,878 1644,878 1644,879 1646,879 1646,881 1647,881 1647,888 1646,888 1646,889 1645,889 1645,891 1644,891 1644,892 1643,892 1643,893 1642,893 1642,894 1636,894 1636,888 1509,888 1509,889 1441,889 1441,900 1440,900 1440,902 1439,902 1439,903 1438,903 1438,904 1436,904 1436,905 1433,905 1433,906 1405,906 1405,904 1404,904 1404,889 1344,889 1344,888 1343,888 1343,852 1342,852 1342,851 1340,851 1340,850 1339,850 1339,849 1340,849 1340,848 1341,848 1341,847 1347,847 1347,848 1350,848 1350,849 1455,849 1455,847 1456,847 1456,846 1458,846 1458,845 1459,845 1459,844 1460,844 1460,842 1461,842 1461,841 1463,841 1463,840 1466,840 1466,839 1495,839 1495,838"/>
	<TextEquiv>
	<Unicode>λεχθέντων,</Unicode></TextEquiv></Word>
	<TextEquiv>
	<Unicode>πολλῶν δὲ παραδειγμάτων ἐς ἑκάτερα λεχθέντων,</Unicode></TextEquiv></TextLine>
	<TextLine id="r12">
	<Coords points="1287,914 1287,915 1288,915 1288,916 1289,916 1289,922 1436,922 1436,921 1437,921 1437,919 1438,919 1438,918 1439,918 1439,917 1440,917 1440,915 1442,915 1442,914 1445,914 1445,936 1567,936 1567,933 1568,933 1568,930 1569,930 1569,928 1570,928 1570,926 1571,926 1571,925 1572,925 1572,924 1573,924 1573,923 1574,923 1574,921 1575,921 1575,920 1576,920 1576,918 1577,918 1577,917 1578,917 1578,916 1580,916 1580,915 1582,915 1582,914 1588,914 1588,915 1589,915 1589,916 1590,916 1590,917 1591,917 1591,919 1592,919 1592,924 1593,924 1593,935 1645,935 1645,936 1646,936 1646,952 1650,952 1650,955 1649,955 1649,957 1648,957 1648,958 1647,958 1647,959 1646,959 1646,961 1644,961 1644,962 1573,962 1573,963 1537,963 1537,964 1341,964 1341,965 1199,965 1199,967 1198,967 1198,971 1197,971 1197,974 1196,974 1196,977 1195,977 1195,978 1194,978 1194,979 1155,979 1155,978 1153,978 1153,964 1028,964 1028,965 1027,965 1027,967 1024,967 1024,968 1023,968 1023,969 1020,969 1020,970 1019,970 1019,969 1018,969 1018,965 996,965 996,964 885,964 885,966 884,966 884,969 883,969 883,973 882,973 882,974 881,974 881,976 879,976 879,977 878,977 878,976 877,976 877,975 876,975 876,965 722,965 722,967 721,967 721,973 720,973 720,974 718,974 718,975 681,975 681,976 680,976 680,977 677,977 677,978 676,978 676,966 554,966 554,967 553,967 553,978 552,978 552,979 551,979 551,980 472,980 472,979 471,979 471,976 470,976 470,967 425,967 425,966 294,966 294,967 236,967 236,966 233,966 233,965 232,965 232,964 231,964 231,962 230,962 230,961 229,961 229,954 230,954 230,950 231,950 231,948 232,948 232,947 233,947 233,946 234,946 234,945 235,945 235,944 237,944 237,942 240,942 240,941 242,941 242,940 269,940 269,922 270,922 270,919 271,919 271,918 275,918 275,917 275,918 277,918 277,919 432,919 432,918 433,918 433,917 437,917 437,918 438,918 438,938 552,938 552,926 553,926 553,924 554,924 554,923 555,923 555,922 558,922 558,923 559,923 559,924 560,924 560,926 561,926 561,939 673,939 673,924 674,924 674,922 675,922 675,921 676,921 676,920 678,920 678,919 680,919 680,918 741,918 741,919 751,919 751,920 752,920 752,921 753,921 753,922 754,922 754,924 869,924 869,916 872,916 872,917 873,917 873,918 874,918 874,919 875,919 875,920 876,920 876,922 877,922 877,924 878,924 878,927 879,927 879,931 880,931 880,937 990,937 990,926 991,926 991,924 992,924 992,923 993,923 993,922 994,922 994,921 996,921 996,920 997,920 997,919 1001,919 1001,920 1005,920 1005,921 1006,921 1006,922 1007,922 1007,923 1008,923 1008,924 1009,924 1009,925 1010,925 1010,938 1115,938 1115,937 1137,937 1137,938 1277,938 1277,930 1278,930 1278,927 1279,927 1279,925 1280,925 1280,921 1281,921 1281,918 1282,918 1282,917 1283,917 1283,915 1285,915 1285,914"/>
	<Word id="r120">
	<Coords points="275,918 277,918 277,919 279,919 279,920 280,920 280,922 281,922 281,940 317,940 317,941 318,941 318,942 319,942 319,944 320,944 319,944 319,961 318,961 318,962 317,962 317,963 315,963 315,964 311,964 311,965 309,965 309,966 294,966 294,967 236,967 236,966 233,966 233,965 232,965 232,964 231,964 231,962 230,962 230,961 229,961 229,954 230,954 230,950 231,950 231,948 232,948 232,947 233,947 233,946 234,946 234,945 235,945 235,944 237,944 237,942 240,942 240,941 242,941 242,940 269,940 269,922 270,922 270,919 271,919 271,918 275,918 275,917"/>
	<TextEquiv>
	<Unicode>οὐκ</Unicode></TextEquiv></Word>
	<Word id="r121">
	<Coords points="433,917 437,917 437,918 438,918 438,938 552,938 552,926 553,926 553,924 554,924 554,923 555,923 555,922 558,922 558,923 559,923 559,924 560,924 560,926 561,926 561,939 599,939 599,940 613,940 613,941 617,941 617,942 631,942 631,944 632,944 632,945 633,945 633,946 632,946 632,948 631,948 631,950 630,950 630,951 629,951 629,953 628,953 628,954 627,954 627,955 626,955 626,956 624,956 624,957 623,957 623,959 622,959 622,960 621,960 621,961 617,961 617,963 615,963 615,964 614,964 614,965 610,965 610,966 554,966 554,967 553,967 553,978 552,978 552,979 551,979 551,980 472,980 472,979 471,979 471,976 470,976 470,967 425,967 425,966 354,966 354,965 351,965 351,964 350,964 350,963 349,963 349,962 348,962 348,960 347,960 347,957 346,957 346,950 347,950 347,948 348,948 348,947 349,947 349,946 350,946 350,945 351,945 351,944 352,944 352,943 354,943 354,942 357,942 357,941 358,941 358,920 360,920 360,919 432,919 432,918 433,918"/>
	<TextEquiv>
	<Unicode>ἐπέτρεψεν</Unicode></TextEquiv></Word>
	<Word id="r123">
	<Coords points="681,918 681,919 683,919 683,920 684,920 684,921 685,921 685,942 686,942 686,943 687,943 687,944 688,944 688,946 689,946 689,950 688,950 688,953 687,953 687,957 686,957 686,961 685,961 685,964 684,964 684,967 683,967 683,972 682,972 682,974 681,974 681,976 680,976 680,977 677,977 677,978 676,978 676,963 664,963 664,962 663,962 663,948 660,948 660,946 661,946 661,944 662,944 662,943 664,943 664,942 669,942 669,941 673,941 673,924 674,924 674,922 675,922 675,921 676,921 676,920 678,920 678,919 680,919 680,918"/>
	<TextEquiv>
	<Unicode>ἡ</Unicode></TextEquiv></Word>
	<Word id="r124">
	<Coords points="872,916 872,917 873,917 873,918 874,918 874,919 875,919 875,920 876,920 876,922 877,922 877,924 878,924 878,927 879,927 879,931 880,931 880,939 885,939 885,940 887,940 887,942 888,942 888,943 889,943 889,944 890,944 890,946 889,946 889,951 888,951 888,955 887,955 887,958 886,958 886,961 885,961 885,966 884,966 884,969 883,969 883,973 882,973 882,974 881,974 881,976 879,976 879,977 878,977 878,976 877,976 877,975 876,975 876,965 722,965 722,967 721,967 721,973 720,973 720,974 718,974 718,975 718,974 716,974 716,967 717,967 717,964 718,964 718,961 719,961 719,958 720,958 720,955 721,955 721,951 722,951 722,947 723,947 723,943 724,943 724,941 725,941 725,938 726,938 726,936 727,936 727,933 728,933 728,928 729,928 729,927 730,927 730,926 732,926 732,923 733,923 733,922 734,922 734,921 735,921 735,920 736,920 736,918 741,918 741,919 751,919 751,920 752,920 752,921 753,921 753,922 754,922 754,924 869,924 869,916"/>
	<TextEquiv>
	<Unicode>βουλὴ</Unicode></TextEquiv></Word>
	<Word id="r125">
	<Coords points="1001,919 1001,920 1005,920 1005,921 1006,921 1006,922 1007,922 1007,923 1008,923 1008,924 1009,924 1009,925 1010,925 1010,938 1023,938 1023,939 1028,939 1028,940 1029,940 1029,941 1030,941 1030,942 1031,942 1031,944 1032,944 1032,947 1031,947 1031,948 1028,948 1028,965 1027,965 1027,967 1024,967 1024,968 1023,968 1023,969 1020,969 1020,970 1019,970 1019,969 1018,969 1018,965 996,965 996,964 938,964 938,963 937,963 937,962 936,962 936,949 928,949 928,941 929,941 929,940 930,940 930,939 935,939 935,938 973,938 973,937 990,937 990,926 991,926 991,924 992,924 992,923 993,923 993,922 994,922 994,921 996,921 996,920 997,920 997,919"/>
	<TextEquiv>
	<Unicode>τοῖς</Unicode></TextEquiv></Word>
	<Word id="r126">
	<Coords points="1287,914 1287,915 1288,915 1288,916 1289,916 1289,938 1343,938 1343,954 1347,954 1347,958 1346,958 1346,960 1344,960 1344,961 1343,961 1343,963 1342,963 1342,964 1341,964 1341,965 1199,965 1199,967 1198,967 1198,971 1197,971 1197,974 1196,974 1196,977 1195,977 1195,978 1194,978 1194,979 1155,979 1155,978 1153,978 1153,964 1078,964 1078,963 1076,963 1076,962 1074,962 1074,961 1073,961 1073,960 1072,960 1072,959 1071,959 1071,955 1070,955 1070,953 1071,953 1071,949 1072,949 1072,947 1073,947 1073,946 1074,946 1074,945 1075,945 1075,944 1076,944 1076,942 1078,942 1078,941 1079,941 1079,940 1082,940 1082,939 1089,939 1089,938 1115,938 1115,937 1137,937 1137,938 1277,938 1277,930 1278,930 1278,927 1279,927 1279,925 1280,925 1280,921 1281,921 1281,918 1282,918 1282,917 1283,917 1283,915 1285,915 1285,914"/>
	<TextEquiv>
	<Unicode>συγγενέσι</Unicode></TextEquiv></Word>
	<Word id="r127">
	<Coords points="1445,914 1445,936 1567,936 1567,933 1568,933 1568,930 1569,930 1569,928 1570,928 1570,926 1571,926 1571,925 1572,925 1572,924 1573,924 1573,923 1574,923 1574,921 1575,921 1575,920 1576,920 1576,918 1577,918 1577,917 1578,917 1578,916 1580,916 1580,915 1582,915 1582,914 1588,914 1588,915 1589,915 1589,916 1590,916 1590,917 1591,917 1591,919 1592,919 1592,924 1593,924 1593,935 1645,935 1645,936 1646,936 1646,952 1650,952 1650,955 1649,955 1649,957 1648,957 1648,958 1647,958 1647,959 1646,959 1646,961 1644,961 1644,962 1573,962 1573,963 1537,963 1537,964 1426,964 1426,963 1382,963 1382,962 1381,962 1381,926 1378,926 1378,923 1381,923 1381,922 1436,922 1436,921 1437,921 1437,919 1438,919 1438,918 1439,918 1439,917 1440,917 1440,915 1442,915 1442,914"/>
	<TextEquiv>
	<Unicode>λύσασθαι</Unicode></TextEquiv></Word>
	<TextEquiv>
	<Unicode>οὐκ ἐπέτρεψεν ἡ βουλὴ τοῖς συγγενέσι λύσασθαι</Unicode></TextEquiv></TextLine>
	<TextLine id="r13">
	<Coords points="1451,988 1451,989 1454,989 1454,991 1455,991 1455,1010 1584,1010 1584,1004 1585,1004 1585,993 1586,993 1586,992 1587,992 1587,991 1599,991 1599,990 1600,990 1600,989 1604,989 1604,991 1605,991 1605,1011 1647,1011 1647,1012 1648,1012 1648,1028 1652,1028 1652,1031 1651,1031 1651,1032 1650,1032 1650,1033 1649,1033 1649,1035 1648,1035 1648,1036 1647,1036 1647,1037 1645,1037 1645,1038 1642,1038 1642,1039 1642,1038 1414,1038 1414,1039 1413,1039 1413,1042 1412,1042 1412,1048 1411,1048 1411,1054 1410,1054 1410,1055 1409,1055 1409,1054 1407,1054 1407,1039 1127,1039 1127,1040 1061,1040 1061,1041 1060,1041 1060,1042 1059,1042 1059,1043 1058,1043 1058,1044 1057,1044 1057,1045 1055,1045 1055,1046 1039,1046 1039,1048 1038,1048 1038,1050 1037,1050 1037,1051 1035,1051 1035,1052 1032,1052 1032,1040 930,1040 930,1044 929,1044 929,1047 928,1047 928,1050 927,1050 927,1052 925,1052 925,1053 841,1053 841,1054 840,1054 840,1053 839,1053 839,1052 810,1052 810,1051 809,1051 809,1047 743,1047 743,1045 725,1045 725,1044 723,1044 723,1041 632,1041 632,1040 515,1040 515,1041 475,1041 475,1044 474,1044 474,1047 473,1047 473,1050 472,1050 472,1052 471,1052 471,1054 470,1054 470,1055 462,1055 462,1056 461,1056 461,1057 460,1057 460,1058 458,1058 458,1059 456,1059 456,1060 456,1059 454,1059 454,1058 452,1058 452,1057 429,1057 429,1056 428,1056 428,1046 329,1046 329,1043 240,1043 240,1042 237,1042 237,1040 236,1040 236,1025 229,1025 229,1024 228,1024 228,1021 229,1021 229,1018 230,1018 230,1017 231,1017 231,1016 235,1016 235,1015 272,1015 272,1014 301,1014 301,993 305,993 305,994 306,994 306,996 307,996 307,997 308,997 308,998 309,998 309,1000 310,1000 310,1002 412,1002 412,995 413,995 413,993 414,993 414,992 421,992 421,993 422,993 422,994 423,994 423,995 424,995 424,997 425,997 425,1014 542,1014 542,1001 543,1001 543,1000 603,1000 603,998 604,998 604,996 605,996 605,994 606,994 606,992 610,992 610,993 611,993 611,1014 806,1014 806,1000 807,1000 807,997 808,997 808,996 809,996 809,995 810,995 810,994 812,994 812,993 817,993 817,994 818,994 818,995 819,995 819,1013 973,1013 973,1004 974,1004 974,1002 975,1002 975,1000 976,1000 976,997 977,997 977,995 978,995 978,993 979,993 979,991 980,991 980,990 984,990 984,991 985,991 985,1012 1041,1012 1041,1013 1156,1013 1156,1012 1173,1012 1173,1000 1174,1000 1174,999 1175,999 1175,998 1213,998 1213,997 1264,997 1264,996 1265,996 1265,995 1267,995 1267,994 1269,994 1269,993 1275,993 1275,994 1277,994 1277,995 1278,995 1278,996 1279,996 1279,997 1280,997 1280,999 1281,999 1281,1011 1414,1011 1414,1010 1415,1010 1415,997 1416,997 1416,995 1417,995 1417,994 1418,994 1418,993 1447,993 1447,992 1448,992 1448,990 1449,990 1449,989 1450,989 1450,988"/>
	<Word id="r128">
	<Coords points="305,993 305,994 306,994 306,996 307,996 307,997 308,997 308,998 309,998 309,1000 310,1000 310,1002 311,1002 311,1015 337,1015 337,1016 339,1016 339,1017 341,1017 341,1018 342,1018 342,1019 343,1019 343,1020 344,1020 344,1021 345,1021 344,1021 344,1023 343,1023 343,1024 341,1024 341,1025 340,1025 340,1042 339,1042 339,1043 338,1043 338,1045 337,1045 337,1046 329,1046 329,1043 240,1043 240,1042 237,1042 237,1040 236,1040 236,1025 229,1025 229,1024 228,1024 228,1021 229,1021 229,1018 230,1018 230,1017 231,1017 231,1016 235,1016 235,1015 272,1015 272,1014 301,1014 301,993"/>
	<TextEquiv>
	<Unicode>τοὺς</Unicode></TextEquiv></Word>
	<Word id="r129">
	<Coords points="414,992 421,992 421,993 422,993 422,994 423,994 423,995 424,995 424,997 425,997 425,1014 542,1014 542,1001 543,1001 543,1000 603,1000 603,998 604,998 604,996 605,996 605,994 606,994 606,992 610,992 610,993 611,993 611,1014 732,1014 732,1015 735,1015 735,1016 736,1016 736,1017 737,1017 737,1018 738,1018 738,1019 739,1019 739,1032 752,1032 752,1033 753,1033 753,1035 754,1035 754,1040 753,1040 753,1042 752,1042 752,1043 751,1043 751,1044 750,1044 750,1045 749,1045 749,1046 748,1046 748,1047 743,1047 743,1045 725,1045 725,1044 723,1044 723,1041 632,1041 632,1040 515,1040 515,1041 475,1041 475,1044 474,1044 474,1047 473,1047 473,1050 472,1050 472,1052 471,1052 471,1054 470,1054 470,1055 462,1055 462,1056 461,1056 461,1057 460,1057 460,1058 458,1058 458,1059 456,1059 456,1060 456,1059 454,1059 454,1058 452,1058 452,1057 429,1057 429,1056 428,1056 428,1042 378,1042 378,1041 374,1041 374,1040 373,1040 373,1039 371,1039 371,1034 370,1034 371,1034 371,1027 372,1027 372,1024 373,1024 373,1023 374,1023 374,1022 375,1022 375,1021 376,1021 376,1020 377,1020 377,1019 378,1019 378,1018 380,1018 380,1017 381,1017 381,1016 383,1016 383,1015 412,1015 412,995 413,995 413,993 414,993"/>
	<TextEquiv>
	<Unicode>αἰχμαλώτους,</Unicode></TextEquiv></Word>
	<Word id="r132">
	<Coords points="984,990 984,991 985,991 985,1012 1041,1012 1041,1013 1042,1013 1042,1014 1043,1014 1043,1015 1044,1015 1044,1017 1045,1017 1045,1030 1057,1030 1057,1031 1059,1031 1059,1032 1060,1032 1060,1033 1061,1033 1061,1037 1062,1037 1061,1037 1061,1041 1060,1041 1060,1042 1059,1042 1059,1043 1058,1043 1058,1044 1057,1044 1057,1045 1055,1045 1055,1046 1039,1046 1039,1048 1038,1048 1038,1050 1037,1050 1037,1051 1035,1051 1035,1052 1032,1052 1032,1040 930,1040 930,1044 929,1044 929,1047 928,1047 928,1050 927,1050 927,1052 925,1052 925,1053 841,1053 841,1054 840,1054 840,1053 839,1053 839,1052 810,1052 810,1051 809,1051 809,1038 798,1038 798,1037 797,1037 797,1023 793,1023 793,1021 794,1021 794,1019 795,1019 795,1018 796,1018 796,1017 797,1017 797,1016 798,1016 798,1015 801,1015 801,1014 806,1014 806,1000 807,1000 807,997 808,997 808,996 809,996 809,995 810,995 810,994 812,994 812,993 817,993 817,994 818,994 818,995 819,995 819,1013 973,1013 973,1004 974,1004 974,1002 975,1002 975,1000 976,1000 976,997 977,997 977,995 978,995 978,993 979,993 979,991 980,991 980,990"/>
	<TextEquiv>
	<Unicode>ἡγουμένη,</Unicode></TextEquiv></Word>
	<Word id="r133">
	<Coords points="1275,993 1275,994 1277,994 1277,995 1278,995 1278,996 1279,996 1279,997 1280,997 1280,999 1281,999 1281,1011 1315,1011 1315,1012 1316,1012 1316,1014 1317,1014 1317,1021 1316,1021 1316,1023 1315,1023 1315,1024 1314,1024 1314,1026 1313,1026 1313,1028 1312,1028 1312,1029 1310,1029 1310,1030 1309,1030 1309,1031 1308,1031 1308,1032 1307,1032 1307,1033 1305,1033 1305,1034 1304,1034 1304,1035 1303,1035 1303,1036 1301,1036 1301,1037 1299,1037 1299,1038 1297,1038 1297,1039 1127,1039 1127,1040 1109,1040 1109,1039 1108,1039 1108,1026 1104,1026 1104,1025 1102,1025 1102,1018 1103,1018 1103,1016 1104,1016 1104,1015 1105,1015 1105,1014 1112,1014 1112,1013 1156,1013 1156,1012 1173,1012 1173,1000 1174,1000 1174,999 1175,999 1175,998 1213,998 1213,997 1264,997 1264,996 1265,996 1265,995 1267,995 1267,994 1269,994 1269,993"/>
	<TextEquiv>
	<Unicode>πολλῶν</Unicode></TextEquiv></Word>
	<Word id="r134">
	<Coords points="1451,988 1451,989 1454,989 1454,991 1455,991 1455,1010 1539,1010 1539,1011 1541,1011 1541,1013 1542,1013 1542,1017 1541,1017 1541,1020 1540,1020 1540,1024 1539,1024 1539,1025 1537,1025 1537,1027 1536,1027 1536,1028 1535,1028 1535,1029 1534,1029 1534,1030 1533,1030 1533,1031 1532,1031 1532,1032 1531,1032 1531,1033 1529,1033 1529,1034 1528,1034 1528,1035 1526,1035 1526,1036 1524,1036 1524,1037 1521,1037 1521,1038 1414,1038 1414,1039 1413,1039 1413,1042 1412,1042 1412,1048 1411,1048 1411,1054 1410,1054 1410,1055 1409,1055 1409,1054 1407,1054 1407,1039 1364,1039 1364,1038 1362,1038 1362,1037 1360,1037 1360,1036 1359,1036 1359,1035 1358,1035 1358,1034 1357,1034 1357,1031 1356,1031 1356,1025 1357,1025 1357,1023 1358,1023 1358,1021 1359,1021 1359,1020 1360,1020 1360,1019 1361,1019 1361,1018 1362,1018 1362,1017 1363,1017 1363,1016 1364,1016 1364,1015 1365,1015 1365,1014 1371,1014 1371,1013 1376,1013 1376,1012 1406,1012 1406,1011 1414,1011 1414,1010 1415,1010 1415,997 1416,997 1416,995 1417,995 1417,994 1418,994 1418,993 1447,993 1447,992 1448,992 1448,990 1449,990 1449,989 1450,989 1450,988"/>
	<TextEquiv>
	<Unicode>σφίσιν</Unicode></TextEquiv></Word>
	<Word id="r135">
	<Coords points="1604,989 1604,991 1605,991 1605,1011 1647,1011 1647,1012 1648,1012 1648,1028 1652,1028 1652,1031 1651,1031 1651,1032 1650,1032 1650,1033 1649,1033 1649,1035 1648,1035 1648,1036 1647,1036 1647,1037 1645,1037 1645,1038 1642,1038 1642,1039 1642,1038 1587,1038 1587,1037 1584,1037 1584,1036 1583,1036 1583,1035 1582,1035 1582,1034 1581,1034 1581,1033 1580,1033 1580,1029 1579,1029 1579,1024 1580,1024 1580,1021 1581,1021 1581,1019 1582,1019 1582,1018 1583,1018 1583,1017 1584,1017 1584,1004 1585,1004 1585,993 1586,993 1586,992 1587,992 1587,991 1599,991 1599,990 1600,990 1600,989"/>
	<TextEquiv>
	<Unicode>ἔτι</Unicode></TextEquiv></Word>
	<TextEquiv>
	<Unicode>τοὺς αἰχμαλώτους, ἡγουμένη, πολλῶν σφίσιν ἔτι</Unicode></TextEquiv></TextLine>
	<TextLine id="r15">
	<Coords points="1606,1063 1606,1064 1608,1064 1608,1065 1609,1065 1609,1066 1610,1066 1610,1068 1611,1068 1611,1072 1612,1072 1612,1075 1613,1075 1613,1077 1614,1077 1614,1079 1615,1079 1615,1086 1653,1086 1653,1095 1652,1095 1652,1097 1651,1097 1651,1099 1650,1099 1650,1100 1649,1100 1649,1102 1648,1102 1648,1103 1647,1103 1647,1104 1646,1104 1646,1105 1645,1105 1645,1106 1644,1106 1644,1107 1643,1107 1643,1108 1641,1108 1641,1109 1640,1109 1640,1110 1638,1110 1638,1111 1636,1111 1636,1112 1634,1112 1634,1113 1618,1113 1618,1118 1617,1118 1617,1122 1616,1122 1616,1124 1615,1124 1615,1126 1610,1126 1610,1113 1397,1113 1397,1114 1351,1114 1351,1116 1350,1116 1350,1121 1349,1121 1349,1123 1348,1123 1348,1126 1347,1126 1347,1127 1346,1127 1346,1128 1343,1128 1343,1127 1342,1127 1342,1114 1205,1114 1205,1115 1204,1115 1204,1117 1202,1117 1202,1118 1199,1118 1199,1119 1196,1119 1196,1118 1195,1118 1195,1115 813,1115 813,1116 739,1116 739,1118 738,1118 738,1119 737,1119 737,1120 736,1120 736,1121 735,1121 735,1122 733,1122 733,1123 731,1123 731,1124 730,1124 730,1123 729,1123 729,1116 529,1116 529,1117 528,1117 528,1116 413,1116 413,1117 287,1117 287,1118 268,1118 268,1117 230,1117 230,1116 229,1116 229,1113 230,1113 230,1107 231,1107 231,1105 232,1105 232,1103 233,1103 233,1099 234,1099 234,1097 235,1097 235,1093 236,1093 236,1091 251,1091 251,1090 253,1090 253,1089 318,1089 318,1074 319,1074 319,1072 320,1072 320,1070 321,1070 321,1069 365,1069 365,1068 368,1068 368,1067 369,1067 369,1068 371,1068 371,1089 509,1089 509,1070 510,1070 510,1069 511,1069 511,1068 512,1068 512,1067 587,1067 587,1066 588,1066 588,1067 589,1067 589,1069 590,1069 590,1089 618,1089 618,1090 778,1090 778,1089 810,1089 810,1070 811,1070 811,1069 813,1069 813,1068 815,1068 815,1069 817,1069 817,1070 819,1070 819,1072 820,1072 820,1074 821,1074 821,1087 1001,1087 1001,1079 1002,1079 1002,1077 1003,1077 1003,1074 1004,1074 1004,1072 1005,1072 1005,1070 1006,1070 1006,1068 1007,1068 1007,1067 1008,1067 1008,1066 1009,1066 1009,1065 1013,1065 1013,1066 1014,1066 1014,1087 1175,1087 1175,1068 1177,1068 1177,1067 1183,1067 1183,1068 1184,1068 1184,1069 1286,1069 1286,1065 1288,1065 1288,1064 1290,1064 1290,1065 1291,1065 1291,1066 1292,1066 1292,1068 1293,1068 1293,1069 1395,1069 1395,1067 1396,1067 1396,1066 1397,1066 1397,1065 1398,1065 1398,1064 1401,1064 1401,1065 1402,1065 1402,1072 1449,1072 1449,1073 1452,1073 1452,1074 1454,1074 1454,1075 1455,1075 1455,1076 1457,1076 1457,1078 1458,1078 1458,1079 1459,1079 1459,1081 1460,1081 1460,1082 1461,1082 1461,1083 1462,1083 1462,1085 1463,1085 1463,1086 1568,1086 1568,1085 1603,1085 1603,1064 1604,1064 1604,1063"/>
	<Word id="r143">
	<Coords points="369,1067 369,1068 371,1068 371,1089 471,1089 471,1090 472,1090 472,1093 473,1093 473,1095 472,1095 472,1099 471,1099 471,1101 470,1101 470,1102 469,1102 469,1104 468,1104 468,1105 467,1105 467,1106 466,1106 466,1107 465,1107 465,1108 463,1108 463,1109 462,1109 462,1110 461,1110 461,1111 458,1111 458,1113 456,1113 456,1114 454,1114 454,1115 452,1115 452,1116 413,1116 413,1117 287,1117 287,1118 268,1118 268,1117 230,1117 230,1116 229,1116 229,1113 230,1113 230,1107 231,1107 231,1105 232,1105 232,1103 233,1103 233,1099 234,1099 234,1097 235,1097 235,1093 236,1093 236,1091 251,1091 251,1090 253,1090 253,1089 318,1089 318,1074 319,1074 319,1072 320,1072 320,1070 321,1070 321,1069 365,1069 365,1068 368,1068 368,1067"/>
	<TextEquiv>
	<Unicode>κινδύνων</Unicode></TextEquiv></Word>
	<Word id="r144">
	<Coords points="587,1066 588,1066 588,1067 589,1067 589,1069 590,1069 590,1089 618,1089 618,1090 723,1090 723,1091 724,1091 724,1092 725,1092 725,1107 738,1107 738,1108 739,1108 739,1109 740,1109 740,1111 741,1111 741,1114 740,1114 740,1116 739,1116 739,1118 738,1118 738,1119 737,1119 737,1120 736,1120 736,1121 735,1121 735,1122 733,1122 733,1123 731,1123 731,1124 730,1124 730,1123 729,1123 729,1116 529,1116 529,1117 528,1117 528,1116 507,1116 507,1115 503,1115 503,1114 502,1114 502,1113 501,1113 501,1112 500,1112 500,1111 499,1111 499,1109 498,1109 498,1107 497,1107 497,1103 498,1103 498,1100 499,1100 499,1097 500,1097 500,1096 501,1096 501,1095 502,1095 502,1094 504,1094 504,1093 505,1093 505,1092 507,1092 507,1091 509,1091 509,1070 510,1070 510,1069 511,1069 511,1068 512,1068 512,1067 587,1067"/>
	<TextEquiv>
	<Unicode>ἐπόντων,</Unicode></TextEquiv></Word>
	<Word id="r146">
	<Coords points="815,1068 815,1069 817,1069 817,1070 819,1070 819,1072 820,1072 820,1074 821,1074 821,1091 824,1091 824,1092 826,1092 826,1093 827,1093 827,1099 826,1099 826,1103 825,1103 825,1104 824,1104 824,1106 823,1106 823,1108 822,1108 822,1109 821,1109 821,1111 820,1111 820,1112 819,1112 819,1113 818,1113 818,1114 816,1114 816,1115 813,1115 813,1116 808,1116 808,1115 775,1115 775,1114 774,1114 774,1113 773,1113 773,1112 772,1112 772,1110 771,1110 771,1109 770,1109 770,1107 769,1107 769,1103 770,1103 770,1099 771,1099 771,1095 772,1095 772,1094 773,1094 773,1093 774,1093 774,1092 775,1092 775,1091 776,1091 776,1090 778,1090 778,1089 810,1089 810,1070 811,1070 811,1069 813,1069 813,1068"/>
	<TextEquiv>
	<Unicode>οὐ</Unicode></TextEquiv></Word>
	<Word id="r147">
	<Coords points="1013,1065 1013,1066 1014,1066 1014,1087 1124,1087 1124,1088 1125,1088 1125,1095 1124,1095 1124,1098 1123,1098 1123,1100 1122,1100 1122,1101 1121,1101 1121,1103 1119,1103 1119,1105 1118,1105 1118,1106 1117,1106 1117,1107 1116,1107 1116,1108 1115,1108 1115,1109 1113,1109 1113,1110 1112,1110 1112,1111 1109,1111 1109,1112 1107,1112 1107,1113 1105,1113 1105,1114 1102,1114 1102,1115 874,1115 874,1114 872,1114 872,1113 870,1113 870,1112 869,1112 869,1111 868,1111 868,1110 867,1110 867,1106 866,1106 867,1106 867,1100 868,1100 868,1098 869,1098 869,1096 870,1096 870,1095 871,1095 871,1094 872,1094 872,1093 873,1093 873,1092 875,1092 875,1091 879,1091 879,1090 882,1090 882,1089 907,1089 907,1088 910,1088 910,1087 1001,1087 1001,1079 1002,1079 1002,1077 1003,1077 1003,1074 1004,1074 1004,1072 1005,1072 1005,1070 1006,1070 1006,1068 1007,1068 1007,1067 1008,1067 1008,1066 1009,1066 1009,1065"/>
	<TextEquiv>
	<Unicode>συνοίσειν</Unicode></TextEquiv></Word>
	<Word id="r148">
	<Coords points="1183,1067 1183,1068 1184,1068 1184,1069 1185,1069 1185,1070 1186,1070 1186,1087 1202,1087 1202,1088 1206,1088 1206,1089 1207,1089 1207,1090 1209,1090 1209,1091 1210,1091 1210,1092 1211,1092 1211,1096 1210,1096 1210,1097 1206,1097 1206,1113 1205,1113 1205,1115 1204,1115 1204,1117 1202,1117 1202,1118 1199,1118 1199,1119 1196,1119 1196,1118 1195,1118 1195,1115 1172,1115 1172,1114 1170,1114 1170,1113 1168,1113 1168,1112 1167,1112 1167,1111 1165,1111 1165,1109 1164,1109 1164,1106 1163,1106 1163,1099 1164,1099 1164,1097 1165,1097 1165,1095 1166,1095 1166,1093 1167,1093 1167,1092 1168,1092 1168,1091 1169,1091 1169,1090 1170,1090 1170,1089 1172,1089 1172,1088 1174,1088 1174,1087 1175,1087 1175,1068 1177,1068 1177,1067"/>
	<TextEquiv>
	<Unicode>ἐς</Unicode></TextEquiv></Word>
	<Word id="r149">
	<Coords points="1290,1064 1290,1065 1291,1065 1291,1066 1292,1066 1292,1068 1293,1068 1293,1069 1294,1069 1294,1071 1295,1071 1295,1074 1296,1074 1296,1075 1297,1075 1297,1077 1298,1077 1298,1080 1299,1080 1299,1089 1300,1089 1300,1090 1301,1090 1301,1091 1303,1091 1303,1093 1304,1093 1304,1094 1305,1094 1305,1103 1304,1103 1304,1106 1303,1106 1303,1108 1302,1108 1302,1109 1301,1109 1301,1110 1300,1110 1300,1111 1299,1111 1299,1112 1298,1112 1298,1113 1296,1113 1296,1114 1258,1114 1258,1112 1257,1112 1257,1099 1250,1099 1250,1098 1249,1098 1249,1096 1248,1096 1248,1092 1249,1092 1249,1089 1251,1089 1251,1088 1253,1088 1253,1087 1286,1087 1286,1065 1288,1065 1288,1064"/>
	<TextEquiv>
	<Unicode>τὸ</Unicode></TextEquiv></Word>
	<Word id="r150">
	<Coords points="1401,1064 1401,1065 1402,1065 1402,1072 1449,1072 1449,1073 1452,1073 1452,1074 1454,1074 1454,1075 1455,1075 1455,1076 1457,1076 1457,1078 1458,1078 1458,1079 1459,1079 1459,1081 1460,1081 1460,1082 1461,1082 1461,1083 1462,1083 1462,1085 1463,1085 1463,1086 1537,1086 1537,1093 1536,1093 1536,1095 1535,1095 1535,1097 1534,1097 1534,1099 1533,1099 1533,1101 1532,1101 1532,1102 1531,1102 1531,1103 1529,1103 1529,1105 1528,1105 1528,1106 1527,1106 1527,1107 1525,1107 1525,1108 1524,1108 1524,1109 1523,1109 1523,1110 1521,1110 1521,1111 1519,1111 1519,1112 1516,1112 1516,1113 1397,1113 1397,1114 1351,1114 1351,1116 1350,1116 1350,1121 1349,1121 1349,1123 1348,1123 1348,1126 1347,1126 1347,1127 1346,1127 1346,1128 1343,1128 1343,1127 1342,1127 1342,1124 1343,1124 1343,1121 1344,1121 1344,1117 1345,1117 1345,1115 1346,1115 1346,1110 1347,1110 1347,1108 1348,1108 1348,1105 1349,1105 1349,1100 1350,1100 1350,1096 1351,1096 1351,1093 1352,1093 1352,1091 1353,1091 1353,1088 1354,1088 1354,1087 1390,1087 1390,1080 1391,1080 1391,1079 1392,1079 1392,1075 1393,1075 1393,1072 1394,1072 1394,1070 1395,1070 1395,1067 1396,1067 1396,1066 1397,1066 1397,1065 1398,1065 1398,1064"/>
	<TextEquiv>
	<Unicode>μέλλον</Unicode></TextEquiv></Word>
	<Word id="r151">
	<Coords points="1606,1063 1606,1064 1608,1064 1608,1065 1609,1065 1609,1066 1610,1066 1610,1068 1611,1068 1611,1072 1612,1072 1612,1075 1613,1075 1613,1077 1614,1077 1614,1079 1615,1079 1615,1086 1653,1086 1653,1095 1652,1095 1652,1097 1651,1097 1651,1099 1650,1099 1650,1100 1649,1100 1649,1102 1648,1102 1648,1103 1647,1103 1647,1104 1646,1104 1646,1105 1645,1105 1645,1106 1644,1106 1644,1107 1643,1107 1643,1108 1641,1108 1641,1109 1640,1109 1640,1110 1638,1110 1638,1111 1636,1111 1636,1112 1634,1112 1634,1113 1618,1113 1618,1118 1617,1118 1617,1122 1616,1122 1616,1124 1615,1124 1615,1126 1610,1126 1610,1113 1572,1113 1572,1112 1571,1112 1571,1110 1570,1110 1570,1097 1563,1097 1563,1096 1562,1096 1562,1090 1563,1090 1563,1088 1564,1088 1564,1087 1565,1087 1565,1086 1568,1086 1568,1085 1603,1085 1603,1064 1604,1064 1604,1063"/>
	<TextEquiv>
	<Unicode>τὴν</Unicode></TextEquiv></Word>
	<TextEquiv>
	<Unicode>κινδύνων ἐπόντων, οὐ συνοίσειν ἐς τὸ μέλλον τὴν</Unicode></TextEquiv></TextLine>
	<TextLine id="r16">
	<Coords points="994,1140 995,1140 995,1141 998,1141 998,1142 999,1142 999,1163 1145,1163 1145,1141 1146,1141 1146,1140 1220,1140 1220,1141 1393,1141 1393,1140 1453,1140 1453,1141 1455,1141 1455,1142 1456,1142 1456,1143 1457,1143 1457,1146 1458,1146 1458,1151 1459,1151 1459,1161 1594,1161 1594,1160 1597,1160 1597,1161 1634,1161 1634,1162 1635,1162 1635,1163 1636,1163 1636,1179 1648,1179 1648,1180 1649,1180 1649,1182 1650,1182 1650,1189 1649,1189 1649,1191 1647,1191 1647,1193 1645,1193 1645,1194 1644,1194 1644,1195 1640,1195 1640,1189 1469,1189 1469,1194 1468,1194 1468,1202 1467,1202 1467,1205 1466,1205 1466,1206 1464,1206 1464,1205 1463,1205 1463,1204 1462,1204 1462,1190 1327,1190 1327,1189 1155,1189 1155,1190 1079,1190 1079,1191 1078,1191 1078,1193 1077,1193 1077,1194 1076,1194 1076,1196 1074,1196 1074,1197 1073,1197 1073,1198 1070,1198 1070,1199 1067,1199 1067,1192 985,1192 985,1191 880,1191 880,1192 870,1192 870,1193 869,1193 869,1200 868,1200 868,1204 867,1204 867,1206 865,1206 865,1205 863,1205 863,1191 684,1191 684,1192 680,1192 680,1193 679,1193 679,1194 678,1194 678,1201 677,1201 677,1204 675,1204 675,1205 674,1205 674,1204 673,1204 673,1203 672,1203 672,1191 552,1191 552,1192 489,1192 489,1194 488,1194 488,1199 487,1199 487,1203 486,1203 486,1205 482,1205 482,1193 359,1193 359,1207 357,1207 357,1208 356,1208 356,1209 352,1209 352,1210 352,1209 348,1209 348,1207 347,1207 347,1194 240,1194 240,1193 236,1193 236,1192 234,1192 234,1191 233,1191 233,1190 231,1190 231,1189 230,1189 230,1187 229,1187 229,1185 228,1185 228,1181 229,1181 229,1178 230,1178 230,1176 231,1176 231,1174 232,1174 232,1173 233,1173 233,1172 234,1172 234,1171 235,1171 235,1170 236,1170 236,1169 237,1169 237,1168 240,1168 240,1148 241,1148 241,1147 242,1147 242,1146 245,1146 245,1145 245,1146 249,1146 249,1148 251,1148 251,1150 252,1150 252,1151 354,1151 354,1150 356,1150 356,1149 358,1149 358,1148 365,1148 365,1150 367,1150 367,1151 368,1151 368,1152 369,1152 369,1153 370,1153 370,1165 527,1165 527,1152 528,1152 528,1149 529,1149 529,1146 530,1146 530,1145 531,1145 531,1144 533,1144 533,1143 534,1143 534,1142 537,1142 537,1143 538,1143 538,1166 673,1166 673,1165 678,1165 678,1164 680,1164 680,1157 681,1157 681,1152 682,1152 682,1150 683,1150 683,1149 684,1149 684,1148 689,1148 689,1150 731,1150 731,1151 734,1151 734,1152 735,1152 735,1153 837,1153 837,1152 838,1152 838,1151 839,1151 839,1150 840,1150 840,1148 841,1148 841,1147 842,1147 842,1146 844,1146 844,1145 845,1145 845,1144 846,1144 846,1143 848,1143 848,1142 853,1142 853,1143 854,1143 854,1144 855,1144 855,1145 856,1145 856,1146 857,1146 857,1148 858,1148 858,1150 859,1150 859,1164 986,1164 986,1157 987,1157 987,1154 988,1154 988,1151 989,1151 989,1146 990,1146 990,1144 991,1144 991,1142 992,1142 992,1141 994,1141"/>
	<Word id="r152">
	<Coords points="245,1146 249,1146 249,1148 251,1148 251,1150 252,1150 252,1166 279,1166 279,1167 280,1167 280,1168 281,1168 281,1170 282,1170 282,1172 281,1172 281,1175 280,1175 280,1176 279,1176 279,1178 278,1178 278,1180 277,1180 277,1181 276,1181 276,1182 275,1182 275,1183 274,1183 274,1185 273,1185 273,1186 272,1186 272,1187 270,1187 270,1188 268,1188 268,1189 266,1189 266,1191 264,1191 264,1192 262,1192 262,1193 260,1193 260,1194 240,1194 240,1193 236,1193 236,1192 234,1192 234,1191 233,1191 233,1190 231,1190 231,1189 230,1189 230,1187 229,1187 229,1185 228,1185 228,1181 229,1181 229,1178 230,1178 230,1176 231,1176 231,1174 232,1174 232,1173 233,1173 233,1172 234,1172 234,1171 235,1171 235,1170 236,1170 236,1169 237,1169 237,1168 240,1168 240,1148 241,1148 241,1147 242,1147 242,1146 245,1146 245,1145"/>
	<TextEquiv>
	<Unicode>ἐν</Unicode></TextEquiv></Word>
	<Word id="r153">
	<Coords points="365,1148 365,1150 367,1150 367,1151 368,1151 368,1152 369,1152 369,1153 370,1153 370,1167 371,1167 371,1168 372,1168 372,1169 374,1169 374,1170 375,1170 375,1172 376,1172 376,1175 377,1175 377,1179 376,1179 376,1181 375,1181 375,1184 374,1184 374,1185 373,1185 373,1186 372,1186 372,1187 371,1187 371,1189 370,1189 370,1190 369,1190 369,1191 367,1191 367,1192 359,1192 359,1207 357,1207 357,1208 356,1208 356,1209 352,1209 352,1210 352,1209 348,1209 348,1207 347,1207 347,1193 316,1193 316,1191 315,1191 315,1177 308,1177 308,1176 307,1176 307,1169 308,1169 308,1168 309,1168 309,1167 311,1167 311,1166 351,1166 351,1154 352,1154 352,1153 353,1153 353,1151 354,1151 354,1150 356,1150 356,1149 358,1149 358,1148"/>
	<TextEquiv>
	<Unicode>τῷ</Unicode></TextEquiv></Word>
	<Word id="r154">
	<Coords points="534,1142 537,1142 537,1143 538,1143 538,1166 616,1166 616,1168 617,1168 617,1180 622,1180 622,1183 621,1183 621,1185 620,1185 620,1187 619,1187 619,1188 618,1188 618,1189 613,1189 613,1190 610,1190 610,1191 552,1191 552,1192 489,1192 489,1194 488,1194 488,1199 487,1199 487,1203 486,1203 486,1205 482,1205 482,1193 411,1193 411,1192 409,1192 409,1177 403,1177 403,1176 402,1176 402,1172 403,1172 403,1169 404,1169 404,1168 405,1168 405,1167 408,1167 408,1166 424,1166 424,1165 527,1165 527,1152 528,1152 528,1149 529,1149 529,1146 530,1146 530,1145 531,1145 531,1144 533,1144 533,1143 534,1143"/>
	<TextEquiv>
	<Unicode>παρόντι</Unicode></TextEquiv></Word>
	<Word id="r156">
	<Coords points="995,1140 995,1141 998,1141 998,1142 999,1142 999,1163 1063,1163 1063,1165 1064,1165 1064,1182 1076,1182 1076,1183 1077,1183 1077,1184 1078,1184 1078,1186 1079,1186 1079,1191 1078,1191 1078,1193 1077,1193 1077,1194 1076,1194 1076,1196 1074,1196 1074,1197 1073,1197 1073,1198 1070,1198 1070,1199 1067,1199 1067,1192 985,1192 985,1191 880,1191 880,1192 870,1192 870,1193 869,1193 869,1200 868,1200 868,1204 867,1204 867,1206 865,1206 865,1205 863,1205 863,1191 684,1191 684,1192 680,1192 680,1193 679,1193 679,1194 678,1194 678,1201 677,1201 677,1204 675,1204 675,1205 674,1205 674,1204 673,1204 673,1203 672,1203 672,1191 669,1191 669,1190 668,1190 668,1189 667,1189 667,1188 665,1188 665,1187 664,1187 664,1186 663,1186 663,1185 662,1185 662,1181 661,1181 661,1175 662,1175 662,1173 663,1173 663,1172 664,1172 664,1171 665,1171 665,1170 666,1170 666,1169 667,1169 667,1168 669,1168 669,1167 670,1167 670,1166 673,1166 673,1165 678,1165 678,1164 680,1164 680,1157 681,1157 681,1152 682,1152 682,1150 683,1150 683,1149 684,1149 684,1148 689,1148 689,1150 731,1150 731,1151 734,1151 734,1152 735,1152 735,1153 837,1153 837,1152 838,1152 838,1151 839,1151 839,1150 840,1150 840,1148 841,1148 841,1147 842,1147 842,1146 844,1146 844,1145 845,1145 845,1144 846,1144 846,1143 848,1143 848,1142 853,1142 853,1143 854,1143 854,1144 855,1144 855,1145 856,1145 856,1146 857,1146 857,1148 858,1148 858,1150 859,1150 859,1164 986,1164 986,1157 987,1157 987,1154 988,1154 988,1151 989,1151 989,1146 990,1146 990,1144 991,1144 991,1142 992,1142 992,1141 994,1141 994,1140"/>
	<TextEquiv>
	<Unicode>φιλανθρωπίαν,</Unicode></TextEquiv></Word>
	<Word id="r157">
	<Coords points="1150,1140 1150,1142 1151,1142 1151,1143 1152,1143 1152,1144 1153,1144 1153,1145 1154,1145 1154,1148 1155,1148 1155,1150 1156,1150 1156,1152 1157,1152 1157,1154 1158,1154 1158,1156 1159,1156 1159,1165 1160,1165 1160,1166 1162,1166 1162,1167 1163,1167 1163,1168 1164,1168 1164,1171 1165,1171 1165,1175 1164,1175 1164,1179 1163,1179 1163,1181 1162,1181 1162,1183 1161,1183 1161,1185 1160,1185 1160,1186 1159,1186 1159,1187 1158,1187 1158,1188 1157,1188 1157,1189 1155,1189 1155,1190 1117,1190 1117,1189 1116,1189 1116,1174 1108,1174 1108,1168 1107,1168 1107,1167 1108,1167 1108,1165 1110,1165 1110,1164 1115,1164 1115,1163 1145,1163 1145,1141 1146,1141 1146,1140"/>
	<TextEquiv>
	<Unicode>τὸ</Unicode></TextEquiv></Word>
	<Word id="r158">
	<Coords points="1220,1140 1220,1141 1239,1141 1239,1142 1241,1142 1241,1144 1242,1144 1242,1146 1243,1146 1243,1149 1244,1149 1244,1151 1243,1151 1243,1153 1242,1153 1242,1155 1241,1155 1241,1156 1239,1156 1239,1157 1236,1157 1236,1158 1231,1158 1231,1177 1230,1177 1230,1180 1229,1180 1229,1182 1228,1182 1228,1183 1227,1183 1227,1184 1226,1184 1226,1185 1225,1185 1225,1186 1224,1186 1224,1187 1222,1187 1222,1188 1220,1188 1220,1189 1213,1189 1213,1188 1211,1188 1211,1187 1209,1187 1209,1186 1208,1186 1208,1185 1206,1185 1206,1183 1205,1183 1205,1172 1206,1172 1206,1169 1208,1169 1208,1168 1209,1168 1209,1144 1210,1144 1210,1142 1211,1142 1211,1141 1212,1141 1212,1140"/>
	<TextEquiv>
	<Unicode>δ᾽</Unicode></TextEquiv></Word>
	<Word id="r159">
	<Coords points="1453,1140 1453,1141 1455,1141 1455,1142 1456,1142 1456,1143 1457,1143 1457,1146 1458,1146 1458,1151 1459,1151 1459,1161 1594,1161 1594,1160 1597,1160 1597,1161 1634,1161 1634,1162 1635,1162 1635,1163 1636,1163 1636,1179 1648,1179 1648,1180 1649,1180 1649,1182 1650,1182 1650,1189 1649,1189 1649,1191 1647,1191 1647,1193 1645,1193 1645,1194 1644,1194 1644,1195 1640,1195 1640,1189 1469,1189 1469,1194 1468,1194 1468,1202 1467,1202 1467,1205 1466,1205 1466,1206 1464,1206 1464,1205 1463,1205 1463,1204 1462,1204 1462,1190 1327,1190 1327,1189 1290,1189 1290,1188 1287,1188 1287,1187 1286,1187 1286,1186 1285,1186 1285,1184 1284,1184 1284,1179 1285,1179 1285,1176 1286,1176 1286,1173 1287,1173 1287,1171 1288,1171 1288,1170 1289,1170 1289,1169 1290,1169 1290,1168 1291,1168 1291,1167 1292,1167 1292,1166 1293,1166 1293,1165 1295,1165 1295,1164 1298,1164 1298,1163 1299,1163 1299,1144 1300,1144 1300,1142 1302,1142 1302,1141 1393,1141 1393,1140"/>
	<TextEquiv>
	<Unicode>ἀπάνθρωπον,</Unicode></TextEquiv></Word>
	<TextEquiv>
	<Unicode>ἐν τῷ παρόντι φιλανθρωπίαν, τὸ δ᾽ ἀπάνθρωπον,</Unicode></TextEquiv></TextLine>
	<TextLine id="r18">
	<Coords points="1447,1214 1450,1214 1450,1215 1451,1215 1451,1216 1452,1216 1452,1223 1499,1223 1499,1224 1501,1224 1501,1225 1503,1225 1503,1226 1505,1226 1505,1227 1506,1227 1506,1228 1507,1228 1507,1229 1508,1229 1508,1230 1509,1230 1509,1231 1510,1231 1510,1232 1511,1232 1511,1234 1512,1234 1512,1236 1606,1236 1606,1237 1648,1237 1648,1238 1649,1238 1649,1245 1648,1245 1648,1247 1647,1247 1647,1260 1646,1260 1646,1262 1645,1262 1645,1263 1604,1263 1604,1264 1563,1264 1563,1263 1461,1263 1461,1264 1447,1264 1447,1265 1400,1265 1400,1266 1399,1266 1399,1270 1398,1270 1398,1272 1397,1272 1397,1278 1396,1278 1396,1279 1392,1279 1392,1278 1391,1278 1391,1265 1222,1265 1222,1266 1109,1266 1109,1267 1108,1267 1108,1268 1106,1268 1106,1269 1105,1269 1105,1270 1036,1270 1036,1279 1035,1279 1035,1280 1034,1280 1034,1281 1032,1281 1032,1280 1030,1280 1030,1279 1029,1279 1029,1273 911,1273 911,1276 910,1276 910,1277 906,1277 906,1276 905,1276 905,1275 904,1275 904,1267 847,1267 847,1266 743,1266 743,1267 625,1267 625,1271 624,1271 624,1279 623,1279 623,1281 620,1281 620,1280 619,1280 619,1279 618,1279 618,1265 499,1265 499,1266 498,1266 498,1267 412,1267 412,1268 335,1268 335,1269 242,1269 242,1268 238,1268 238,1267 236,1267 236,1266 234,1266 234,1265 233,1265 233,1264 232,1264 232,1263 231,1263 231,1252 232,1252 232,1250 233,1250 233,1249 234,1249 234,1248 235,1248 235,1247 236,1247 236,1246 237,1246 237,1245 238,1245 238,1244 239,1244 239,1243 242,1243 242,1242 263,1242 263,1221 266,1221 266,1220 270,1220 270,1221 271,1221 271,1224 273,1224 273,1226 274,1226 274,1242 403,1242 403,1221 404,1221 404,1219 407,1219 407,1218 407,1219 408,1219 408,1220 409,1220 409,1222 410,1222 410,1224 412,1224 412,1227 413,1227 413,1229 414,1229 414,1232 415,1232 415,1235 416,1235 416,1241 541,1241 541,1240 591,1240 591,1237 592,1237 592,1234 593,1234 593,1233 594,1233 594,1232 595,1232 595,1230 596,1230 596,1228 597,1228 597,1227 598,1227 598,1226 599,1226 599,1224 601,1224 601,1222 602,1222 602,1221 606,1221 606,1219 610,1219 610,1218 610,1219 613,1219 613,1220 614,1220 614,1221 615,1221 615,1224 616,1224 616,1228 617,1228 617,1239 639,1239 639,1240 742,1240 742,1217 743,1217 743,1216 746,1216 746,1217 747,1217 747,1218 748,1218 748,1220 749,1220 749,1222 750,1222 750,1224 751,1224 751,1226 752,1226 752,1227 753,1227 753,1230 754,1230 754,1232 755,1232 755,1239 869,1239 869,1224 870,1224 870,1222 871,1222 871,1221 884,1221 884,1219 887,1219 887,1221 888,1221 888,1238 911,1238 911,1239 1046,1239 1046,1238 1074,1238 1074,1232 1075,1232 1075,1227 1076,1227 1076,1223 1077,1223 1077,1220 1078,1220 1078,1218 1079,1218 1079,1217 1080,1217 1080,1216 1081,1216 1081,1215 1084,1215 1084,1216 1086,1216 1086,1238 1106,1238 1106,1239 1219,1239 1219,1238 1223,1238 1223,1237 1321,1237 1321,1216 1322,1216 1322,1215 1325,1215 1325,1216 1326,1216 1326,1217 1327,1217 1327,1220 1328,1220 1328,1221 1329,1221 1329,1224 1330,1224 1330,1225 1331,1225 1331,1229 1332,1229 1332,1230 1334,1230 1334,1238 1440,1238 1440,1231 1441,1231 1441,1228 1442,1228 1442,1226 1443,1226 1443,1223 1444,1223 1444,1221 1445,1221 1445,1217 1446,1217 1446,1215 1447,1215"/>
	<Word id="r160">
	<Coords points="270,1220 270,1221 271,1221 271,1224 273,1224 273,1226 274,1226 274,1234 273,1234 273,1261 272,1261 272,1263 271,1263 271,1266 270,1266 270,1267 268,1267 268,1268 266,1268 266,1269 242,1269 242,1268 238,1268 238,1267 236,1267 236,1266 234,1266 234,1265 233,1265 233,1264 232,1264 232,1263 231,1263 231,1252 232,1252 232,1250 233,1250 233,1249 234,1249 234,1248 235,1248 235,1247 236,1247 236,1246 237,1246 237,1245 238,1245 238,1244 239,1244 239,1243 242,1243 242,1242 263,1242 263,1221 266,1221 266,1220"/>
	<TextEquiv>
	<Unicode>εἰ</Unicode></TextEquiv></Word>
	<Word id="r161">
	<Coords points="407,1219 408,1219 408,1220 409,1220 409,1222 410,1222 410,1224 412,1224 412,1227 413,1227 413,1229 414,1229 414,1232 415,1232 415,1235 416,1235 416,1256 418,1256 418,1257 419,1257 419,1261 418,1261 418,1263 417,1263 417,1265 415,1265 415,1266 414,1266 414,1267 412,1267 412,1268 335,1268 335,1269 333,1269 333,1268 332,1268 332,1265 333,1265 333,1260 334,1260 334,1258 335,1258 335,1257 336,1257 336,1254 337,1254 337,1250 338,1250 338,1248 339,1248 339,1244 340,1244 340,1243 341,1243 341,1242 403,1242 403,1221 404,1221 404,1219 407,1219 407,1218"/>
	<TextEquiv>
	<Unicode>καὶ</Unicode></TextEquiv></Word>
	<Word id="r162">
	<Coords points="743,1216 746,1216 746,1217 747,1217 747,1218 748,1218 748,1220 749,1220 749,1222 750,1222 750,1224 751,1224 751,1226 752,1226 752,1227 753,1227 753,1230 754,1230 754,1232 755,1232 755,1240 791,1240 791,1241 792,1241 792,1247 791,1247 791,1250 790,1250 790,1251 789,1251 789,1253 788,1253 788,1254 787,1254 787,1255 786,1255 786,1256 785,1256 785,1257 784,1257 784,1258 783,1258 783,1259 782,1259 782,1260 780,1260 780,1261 778,1261 778,1262 777,1262 777,1263 775,1263 775,1264 773,1264 773,1265 746,1265 746,1266 743,1266 743,1267 625,1267 625,1271 624,1271 624,1279 623,1279 623,1281 620,1281 620,1280 619,1280 619,1279 618,1279 618,1265 499,1265 499,1266 498,1266 498,1267 486,1267 486,1266 484,1266 484,1265 483,1265 483,1264 482,1264 482,1263 481,1263 481,1262 480,1262 480,1253 481,1253 481,1252 482,1252 482,1250 483,1250 483,1249 484,1249 484,1248 485,1248 485,1247 486,1247 486,1246 487,1246 487,1245 488,1245 488,1244 489,1244 489,1243 494,1243 494,1242 500,1242 500,1241 541,1241 541,1240 591,1240 591,1237 592,1237 592,1234 593,1234 593,1233 594,1233 594,1232 595,1232 595,1230 596,1230 596,1228 597,1228 597,1227 598,1227 598,1226 599,1226 599,1224 601,1224 601,1222 602,1222 602,1221 606,1221 606,1219 610,1219 610,1218 610,1219 613,1219 613,1220 614,1220 614,1221 615,1221 615,1224 616,1224 616,1228 617,1228 617,1239 639,1239 639,1240 742,1240 742,1217 743,1217"/>
	<TextEquiv>
	<Unicode>σκυθρωπὸν</Unicode></TextEquiv></Word>
	<Word id="r165">
	<Coords points="887,1219 887,1221 888,1221 888,1238 911,1238 911,1239 914,1239 914,1240 915,1240 915,1241 916,1241 916,1242 917,1242 917,1248 918,1248 918,1258 933,1258 933,1259 934,1259 934,1261 935,1261 935,1267 934,1267 934,1269 933,1269 933,1270 932,1270 932,1271 930,1271 930,1272 929,1272 929,1273 911,1273 911,1276 910,1276 910,1277 906,1277 906,1276 905,1276 905,1275 904,1275 904,1267 847,1267 847,1266 845,1266 845,1265 844,1265 844,1264 843,1264 843,1263 842,1263 842,1261 841,1261 841,1257 840,1257 840,1256 841,1256 841,1250 842,1250 842,1248 843,1248 843,1246 845,1246 845,1245 846,1245 846,1244 847,1244 847,1243 848,1243 848,1242 849,1242 849,1241 851,1241 851,1240 854,1240 854,1239 869,1239 869,1224 870,1224 870,1222 871,1222 871,1221 884,1221 884,1219"/>
	<TextEquiv>
	<Unicode>εἴη,</Unicode></TextEquiv></Word>
	<Word id="r166">
	<Coords points="1084,1215 1084,1216 1086,1216 1086,1238 1106,1238 1106,1239 1108,1239 1108,1240 1110,1240 1110,1241 1112,1241 1112,1242 1113,1242 1113,1243 1114,1243 1114,1245 1115,1245 1115,1246 1114,1246 1114,1248 1113,1248 1113,1249 1111,1249 1111,1264 1110,1264 1110,1265 1109,1265 1109,1267 1108,1267 1108,1268 1106,1268 1106,1269 1105,1269 1105,1270 1036,1270 1036,1279 1035,1279 1035,1280 1034,1280 1034,1281 1032,1281 1032,1280 1030,1280 1030,1279 1029,1279 1029,1266 996,1266 996,1265 994,1265 994,1264 993,1264 993,1251 988,1251 988,1250 987,1250 987,1249 986,1249 986,1246 987,1246 987,1243 988,1243 988,1242 989,1242 989,1240 992,1240 992,1239 1046,1239 1046,1238 1074,1238 1074,1232 1075,1232 1075,1227 1076,1227 1076,1223 1077,1223 1077,1220 1078,1220 1078,1218 1079,1218 1079,1217 1080,1217 1080,1216 1081,1216 1081,1215"/>
	<TextEquiv>
	<Unicode>πρός</Unicode></TextEquiv></Word>
	<Word id="r167">
	<Coords points="1223,1238 1228,1238 1228,1239 1229,1239 1229,1240 1230,1240 1230,1241 1231,1241 1231,1243 1230,1243 1230,1244 1228,1244 1228,1262 1227,1262 1227,1263 1226,1263 1226,1264 1225,1264 1225,1265 1222,1265 1222,1266 1186,1266 1186,1265 1185,1265 1185,1250 1176,1250 1176,1247 1175,1247 1176,1247 1176,1242 1177,1242 1177,1240 1181,1240 1181,1239 1219,1239 1219,1238 1223,1238 1223,1237"/>
	<TextEquiv>
	<Unicode>τε</Unicode></TextEquiv></Word>
	<Word id="r168">
	<Coords points="1325,1215 1325,1216 1326,1216 1326,1217 1327,1217 1327,1220 1328,1220 1328,1221 1329,1221 1329,1224 1330,1224 1330,1225 1331,1225 1331,1229 1332,1229 1332,1230 1334,1230 1334,1238 1337,1238 1337,1239 1339,1239 1339,1254 1343,1254 1343,1256 1342,1256 1342,1258 1341,1258 1341,1260 1340,1260 1340,1261 1339,1261 1339,1263 1337,1263 1337,1264 1292,1264 1292,1265 1290,1265 1290,1264 1289,1264 1289,1263 1288,1263 1288,1249 1281,1249 1281,1248 1280,1248 1280,1247 1279,1247 1279,1242 1280,1242 1280,1241 1281,1241 1281,1239 1284,1239 1284,1238 1321,1238 1321,1216 1322,1216 1322,1215"/>
	<TextEquiv>
	<Unicode>τὰ</Unicode></TextEquiv></Word>
	<Word id="r169">
	<Coords points="1447,1214 1450,1214 1450,1215 1451,1215 1451,1216 1452,1216 1452,1223 1499,1223 1499,1224 1501,1224 1501,1225 1503,1225 1503,1226 1505,1226 1505,1227 1506,1227 1506,1228 1507,1228 1507,1229 1508,1229 1508,1230 1509,1230 1509,1231 1510,1231 1510,1232 1511,1232 1511,1234 1512,1234 1512,1236 1606,1236 1606,1237 1648,1237 1648,1238 1649,1238 1649,1245 1648,1245 1648,1247 1647,1247 1647,1260 1646,1260 1646,1262 1645,1262 1645,1263 1604,1263 1604,1264 1563,1264 1563,1263 1461,1263 1461,1264 1447,1264 1447,1265 1400,1265 1400,1266 1399,1266 1399,1270 1398,1270 1398,1272 1397,1272 1397,1278 1396,1278 1396,1279 1392,1279 1392,1278 1391,1278 1391,1277 1392,1277 1392,1274 1393,1274 1393,1270 1394,1270 1394,1266 1396,1266 1396,1260 1397,1260 1397,1256 1398,1256 1398,1254 1399,1254 1399,1249 1400,1249 1400,1246 1401,1246 1401,1241 1402,1241 1402,1240 1403,1240 1403,1239 1419,1239 1419,1238 1440,1238 1440,1231 1441,1231 1441,1228 1442,1228 1442,1226 1443,1226 1443,1223 1444,1223 1444,1221 1445,1221 1445,1217 1446,1217 1446,1215 1447,1215"/>
	<TextEquiv>
	<Unicode>μέλλοντα</Unicode></TextEquiv></Word>
	<TextEquiv>
	<Unicode>εἰ καὶ σκυθρωπὸν εἴη, πρός τε τὰ μέλλοντα</Unicode></TextEquiv></TextLine>
	<TextLine id="r21">
	<Coords points="1189,1290 1189,1291 1190,1291 1190,1292 1191,1292 1191,1313 1325,1313 1325,1312 1326,1312 1326,1313 1480,1313 1480,1300 1481,1300 1481,1299 1543,1299 1543,1297 1544,1297 1544,1294 1545,1294 1545,1292 1546,1292 1546,1291 1547,1291 1547,1290 1550,1290 1550,1291 1551,1291 1551,1292 1571,1292 1571,1297 1581,1297 1581,1298 1585,1298 1585,1312 1642,1312 1642,1329 1646,1329 1646,1330 1647,1330 1646,1330 1646,1332 1645,1332 1645,1333 1644,1333 1644,1334 1643,1334 1643,1335 1639,1335 1639,1336 1638,1336 1638,1337 1637,1337 1637,1338 1619,1338 1619,1339 1577,1339 1577,1346 1576,1346 1576,1348 1575,1348 1575,1349 1573,1349 1573,1350 1572,1350 1572,1351 1571,1351 1571,1352 1569,1352 1569,1353 1566,1353 1566,1354 1564,1354 1564,1353 1538,1353 1538,1352 1536,1352 1536,1340 1266,1340 1266,1341 1141,1341 1141,1343 1140,1343 1140,1346 1139,1346 1139,1354 1138,1354 1138,1355 1137,1355 1137,1356 1135,1356 1135,1355 1134,1355 1134,1342 1001,1342 1001,1355 999,1355 999,1357 995,1357 995,1358 991,1358 991,1356 990,1356 990,1341 803,1341 803,1342 555,1342 555,1343 404,1343 404,1344 403,1344 403,1348 402,1348 402,1351 401,1351 401,1355 400,1355 400,1356 399,1356 399,1357 398,1357 398,1358 396,1358 396,1357 275,1357 275,1358 274,1358 274,1359 273,1359 273,1360 255,1360 255,1359 253,1359 253,1358 234,1358 234,1357 232,1357 232,1327 229,1327 229,1323 230,1323 230,1321 231,1321 231,1320 232,1320 232,1318 235,1318 235,1317 237,1317 237,1316 321,1316 321,1309 322,1309 322,1306 323,1306 323,1303 324,1303 324,1301 325,1301 325,1298 326,1298 326,1297 327,1297 327,1296 328,1296 328,1295 329,1295 329,1294 331,1294 331,1295 332,1295 332,1296 333,1296 333,1297 334,1297 334,1315 522,1315 522,1298 523,1298 523,1296 536,1296 536,1295 537,1295 537,1294 539,1294 539,1293 541,1293 541,1294 542,1294 542,1315 649,1315 649,1314 650,1314 650,1312 651,1312 651,1309 652,1309 652,1307 653,1307 653,1306 654,1306 654,1304 655,1304 655,1302 656,1302 656,1301 658,1301 658,1299 659,1299 659,1298 660,1298 660,1297 661,1297 661,1296 662,1296 662,1295 663,1295 663,1294 665,1294 665,1293 670,1293 670,1294 672,1294 672,1295 673,1295 673,1297 674,1297 674,1299 675,1299 675,1315 785,1315 785,1314 830,1314 830,1293 831,1293 831,1292 890,1292 890,1293 891,1293 891,1294 893,1294 893,1295 895,1295 895,1298 896,1298 896,1313 1002,1313 1002,1300 1003,1300 1003,1298 1004,1298 1004,1297 1005,1297 1005,1296 1006,1296 1006,1295 1008,1295 1008,1294 1014,1294 1014,1295 1017,1295 1017,1296 1019,1296 1019,1297 1020,1297 1020,1300 1021,1300 1021,1302 1022,1302 1022,1314 1148,1314 1148,1313 1151,1313 1151,1312 1179,1312 1179,1301 1180,1301 1180,1298 1181,1298 1181,1296 1182,1296 1182,1293 1183,1293 1183,1292 1184,1292 1184,1291 1186,1291 1186,1290"/>
	<Word id="r171">
	<Coords points="331,1294 331,1295 332,1295 332,1296 333,1296 333,1297 334,1297 334,1315 488,1315 488,1317 489,1317 489,1320 490,1320 490,1323 489,1323 489,1325 488,1325 488,1327 487,1327 487,1328 486,1328 486,1330 485,1330 485,1331 484,1331 484,1332 483,1332 483,1333 482,1333 482,1334 481,1334 481,1335 479,1335 479,1336 477,1336 477,1337 476,1337 476,1338 475,1338 475,1339 474,1339 474,1340 472,1340 472,1341 471,1341 471,1342 468,1342 468,1343 404,1343 404,1344 403,1344 403,1348 402,1348 402,1351 401,1351 401,1355 400,1355 400,1356 399,1356 399,1357 398,1357 398,1358 396,1358 396,1357 275,1357 275,1358 274,1358 274,1359 273,1359 273,1360 255,1360 255,1359 253,1359 253,1358 234,1358 234,1357 232,1357 232,1327 229,1327 229,1323 230,1323 230,1321 231,1321 231,1320 232,1320 232,1318 235,1318 235,1317 237,1317 237,1316 321,1316 321,1309 322,1309 322,1306 323,1306 323,1303 324,1303 324,1301 325,1301 325,1298 326,1298 326,1297 327,1297 327,1296 328,1296 328,1295 329,1295 329,1294"/>
	<TextEquiv>
	<Unicode>χρήσιμον</Unicode></TextEquiv></Word>
	<Word id="r172">
	<Coords points="539,1293 541,1293 541,1294 542,1294 542,1315 649,1315 649,1314 650,1314 650,1312 651,1312 651,1309 652,1309 652,1307 653,1307 653,1306 654,1306 654,1304 655,1304 655,1302 656,1302 656,1301 658,1301 658,1299 659,1299 659,1298 660,1298 660,1297 661,1297 661,1296 662,1296 662,1295 663,1295 663,1294 665,1294 665,1293 670,1293 670,1294 672,1294 672,1295 673,1295 673,1297 674,1297 674,1299 675,1299 675,1315 728,1315 728,1316 729,1316 729,1331 732,1331 732,1332 733,1332 733,1334 732,1334 732,1335 731,1335 731,1337 730,1337 730,1339 729,1339 729,1340 724,1340 724,1341 723,1341 723,1342 555,1342 555,1343 524,1343 524,1342 522,1342 522,1341 520,1341 520,1340 519,1340 519,1339 518,1339 518,1337 517,1337 517,1334 516,1334 516,1328 517,1328 517,1326 518,1326 518,1324 519,1324 519,1323 520,1323 520,1321 522,1321 522,1298 523,1298 523,1296 536,1296 536,1295 537,1295 537,1294 539,1294"/>
	<TextEquiv>
	<Unicode>ἔσεσθαι</Unicode></TextEquiv></Word>
	<Word id="r175">
	<Coords points="835,1292 835,1294 836,1294 836,1297 837,1297 837,1298 838,1298 838,1300 839,1300 839,1302 840,1302 840,1306 841,1306 841,1330 845,1330 845,1331 846,1331 846,1332 845,1332 845,1334 844,1334 844,1336 843,1336 843,1338 842,1338 842,1339 841,1339 841,1340 839,1340 839,1341 803,1341 803,1342 801,1342 801,1341 798,1341 798,1340 762,1340 762,1339 761,1339 761,1338 760,1338 760,1336 761,1336 761,1334 762,1334 762,1331 763,1331 763,1328 764,1328 764,1325 765,1325 765,1323 766,1323 766,1318 768,1318 768,1317 769,1317 769,1316 771,1316 771,1315 785,1315 785,1314 830,1314 830,1293 831,1293 831,1292"/>
	<TextEquiv>
	<Unicode>καὶ</Unicode></TextEquiv></Word>
	<Word id="r176">
	<Coords points="890,1292 890,1293 891,1293 891,1294 893,1294 893,1295 895,1295 895,1298 896,1298 896,1313 922,1313 922,1314 923,1314 923,1316 924,1316 924,1319 923,1319 923,1322 922,1322 922,1325 921,1325 921,1327 920,1327 920,1329 919,1329 919,1331 917,1331 917,1332 916,1332 916,1333 915,1333 915,1334 914,1334 914,1336 912,1336 912,1337 908,1337 908,1338 907,1338 907,1339 906,1339 906,1340 903,1340 903,1341 884,1341 884,1340 879,1340 879,1339 877,1339 877,1338 876,1338 876,1337 875,1337 875,1336 874,1336 874,1334 873,1334 873,1332 872,1332 872,1329 873,1329 873,1323 874,1323 874,1322 875,1322 875,1321 876,1321 876,1320 877,1320 877,1318 878,1318 878,1317 879,1317 879,1316 881,1316 881,1315 883,1315 883,1314 884,1314 884,1296 885,1296 885,1294 886,1294 886,1293 888,1293 888,1292"/>
	<TextEquiv>
	<Unicode>ἐν</Unicode></TextEquiv></Word>
	<Word id="r177">
	<Coords points="1014,1294 1014,1295 1017,1295 1017,1296 1019,1296 1019,1297 1020,1297 1020,1300 1021,1300 1021,1302 1022,1302 1021,1302 1021,1330 1020,1330 1020,1332 1019,1332 1019,1333 1018,1333 1018,1335 1017,1335 1017,1336 1015,1336 1015,1338 1011,1338 1011,1339 1007,1339 1007,1340 1001,1340 1001,1355 999,1355 999,1357 995,1357 995,1358 991,1358 991,1356 990,1356 990,1341 961,1341 961,1340 960,1340 960,1338 959,1338 959,1324 952,1324 952,1323 951,1323 951,1318 952,1318 952,1316 954,1316 954,1315 957,1315 957,1314 1002,1314 1002,1300 1003,1300 1003,1298 1004,1298 1004,1297 1005,1297 1005,1296 1006,1296 1006,1295 1008,1295 1008,1294"/>
	<TextEquiv>
	<Unicode>τῷ</Unicode></TextEquiv></Word>
	<Word id="r178">
	<Coords points="1189,1290 1189,1291 1190,1291 1190,1292 1191,1292 1191,1313 1252,1313 1252,1314 1268,1314 1268,1315 1269,1315 1269,1330 1272,1330 1272,1331 1273,1331 1273,1333 1272,1333 1272,1334 1271,1334 1271,1336 1270,1336 1270,1338 1269,1338 1269,1339 1267,1339 1267,1340 1266,1340 1266,1341 1141,1341 1141,1343 1140,1343 1140,1346 1139,1346 1139,1354 1138,1354 1138,1355 1137,1355 1137,1356 1135,1356 1135,1355 1134,1355 1134,1342 1066,1342 1066,1341 1063,1341 1063,1340 1062,1340 1062,1326 1056,1326 1056,1325 1055,1325 1055,1320 1056,1320 1056,1317 1057,1317 1057,1316 1058,1316 1058,1315 1063,1315 1063,1314 1148,1314 1148,1313 1151,1313 1151,1312 1179,1312 1179,1301 1180,1301 1180,1298 1181,1298 1181,1296 1182,1296 1182,1293 1183,1293 1183,1292 1184,1292 1184,1291 1186,1291 1186,1290"/>
	<TextEquiv>
	<Unicode>παρόντι</Unicode></TextEquiv></Word>
	<Word id="r179">
	<Coords points="1550,1290 1550,1291 1551,1291 1551,1292 1571,1292 1571,1297 1581,1297 1581,1298 1585,1298 1585,1312 1642,1312 1642,1329 1646,1329 1646,1330 1647,1330 1646,1330 1646,1332 1645,1332 1645,1333 1644,1333 1644,1334 1643,1334 1643,1335 1639,1335 1639,1336 1638,1336 1638,1337 1637,1337 1637,1338 1619,1338 1619,1339 1577,1339 1577,1346 1576,1346 1576,1348 1575,1348 1575,1349 1573,1349 1573,1350 1572,1350 1572,1351 1571,1351 1571,1352 1569,1352 1569,1353 1566,1353 1566,1354 1564,1354 1564,1353 1538,1353 1538,1352 1536,1352 1536,1340 1340,1340 1340,1339 1300,1339 1300,1334 1301,1334 1301,1332 1302,1332 1302,1329 1303,1329 1303,1327 1304,1327 1304,1323 1305,1323 1305,1319 1306,1319 1306,1317 1307,1317 1307,1314 1309,1314 1309,1313 1325,1313 1325,1312 1326,1312 1326,1313 1480,1313 1480,1300 1481,1300 1481,1299 1543,1299 1543,1297 1544,1297 1544,1294 1545,1294 1545,1292 1546,1292 1546,1291 1547,1291 1547,1290"/>
	<TextEquiv>
	<Unicode>καταπλήξειν</Unicode></TextEquiv></Word>
	<TextEquiv>
	<Unicode>χρήσιμον ἔσεσθαι καὶ ἐν τῷ παρόντι καταπλήξειν</Unicode></TextEquiv></TextLine>
	<TextLine id="r22">
	<Coords points="1559,1366 1559,1367 1561,1367 1561,1368 1562,1368 1562,1370 1563,1370 1563,1372 1564,1372 1564,1374 1565,1374 1565,1376 1566,1376 1566,1380 1567,1380 1567,1381 1568,1381 1568,1383 1569,1383 1569,1388 1647,1388 1647,1401 1646,1401 1646,1403 1645,1403 1645,1408 1644,1408 1644,1409 1643,1409 1643,1411 1628,1411 1628,1412 1626,1412 1626,1413 1567,1413 1567,1414 1566,1414 1566,1415 1563,1415 1563,1416 1563,1415 1329,1415 1329,1416 1327,1416 1327,1417 1326,1417 1326,1418 1324,1418 1324,1419 1320,1419 1320,1420 1320,1419 1318,1419 1318,1417 1163,1417 1163,1424 1162,1424 1162,1429 1161,1429 1161,1431 1076,1431 1076,1430 1075,1430 1075,1420 1040,1420 1040,1416 910,1416 910,1417 909,1417 909,1416 784,1416 784,1418 783,1418 783,1422 782,1422 782,1425 781,1425 781,1429 780,1429 780,1431 762,1431 762,1432 760,1432 760,1431 704,1431 704,1430 703,1430 703,1418 556,1418 556,1431 555,1431 555,1432 554,1432 554,1433 548,1433 548,1432 546,1432 546,1418 380,1418 380,1419 379,1419 379,1425 378,1425 378,1428 376,1428 376,1429 374,1429 374,1428 373,1428 373,1420 298,1420 298,1419 246,1419 246,1418 245,1418 245,1417 244,1417 244,1381 235,1381 235,1377 234,1377 234,1369 235,1369 235,1368 236,1368 236,1369 237,1369 237,1370 238,1370 238,1371 239,1371 239,1373 240,1373 240,1375 364,1375 364,1372 365,1372 365,1371 366,1371 366,1370 367,1370 367,1369 371,1369 371,1370 404,1370 404,1371 407,1371 407,1372 409,1372 409,1373 410,1373 410,1374 411,1374 411,1375 412,1375 412,1376 413,1376 413,1378 414,1378 414,1391 558,1391 558,1379 559,1379 559,1376 560,1376 560,1375 561,1375 561,1373 562,1373 562,1372 564,1372 564,1371 568,1371 568,1372 573,1372 573,1373 574,1373 574,1374 575,1374 575,1375 765,1375 765,1373 766,1373 766,1372 767,1372 767,1371 768,1371 768,1369 770,1369 770,1368 771,1368 771,1369 773,1369 773,1390 894,1390 894,1391 895,1391 895,1407 899,1407 899,1408 1007,1408 1007,1371 1016,1371 1016,1370 1032,1370 1032,1369 1036,1369 1036,1368 1037,1368 1037,1367 1040,1367 1040,1368 1041,1368 1041,1370 1042,1370 1042,1373 1043,1373 1043,1376 1044,1376 1044,1389 1173,1389 1173,1388 1211,1388 1211,1380 1212,1380 1212,1378 1213,1378 1213,1375 1214,1375 1214,1373 1215,1373 1215,1371 1216,1371 1216,1369 1217,1369 1217,1368 1218,1368 1218,1367 1222,1367 1222,1368 1223,1368 1223,1387 1395,1387 1395,1373 1396,1373 1396,1372 1397,1372 1397,1370 1398,1370 1398,1369 1399,1369 1399,1368 1403,1368 1403,1367 1408,1367 1408,1368 1410,1368 1410,1369 1412,1369 1412,1370 1413,1370 1413,1373 1414,1373 1414,1388 1557,1388 1557,1367 1559,1367"/>
	<Word id="r180">
	<Coords points="235,1368 236,1368 236,1369 237,1369 237,1370 238,1370 238,1371 239,1371 239,1373 240,1373 240,1375 364,1375 364,1372 365,1372 365,1371 366,1371 366,1370 367,1370 367,1369 371,1369 371,1370 404,1370 404,1371 407,1371 407,1372 409,1372 409,1373 410,1373 410,1374 411,1374 411,1375 412,1375 412,1376 413,1376 413,1378 414,1378 414,1391 479,1391 479,1392 480,1392 480,1399 479,1399 479,1403 478,1403 478,1404 477,1404 477,1405 476,1405 476,1406 475,1406 475,1407 474,1407 474,1408 473,1408 473,1409 472,1409 472,1410 471,1410 471,1411 470,1411 470,1412 469,1412 469,1413 468,1413 468,1414 466,1414 466,1415 462,1415 462,1416 461,1416 461,1417 460,1417 460,1418 380,1418 380,1419 379,1419 379,1425 378,1425 378,1428 376,1428 376,1429 374,1429 374,1428 373,1428 373,1420 298,1420 298,1419 246,1419 246,1418 245,1418 245,1417 244,1417 244,1381 235,1381 235,1377 234,1377 234,1369 235,1369"/>
	<TextEquiv>
	<Unicode>Ἀννίβαν</Unicode></TextEquiv></Word>
	<Word id="r182">
	<Coords points="568,1371 568,1372 573,1372 573,1373 574,1373 574,1374 575,1374 575,1376 576,1376 576,1379 577,1379 577,1403 576,1403 576,1407 575,1407 575,1410 574,1410 574,1411 573,1411 573,1412 572,1412 572,1413 570,1413 570,1414 569,1414 569,1415 561,1415 561,1416 556,1416 556,1431 555,1431 555,1432 554,1432 554,1433 548,1433 548,1432 546,1432 546,1418 519,1418 519,1417 516,1417 516,1401 508,1401 508,1400 507,1400 507,1396 508,1396 508,1393 509,1393 509,1392 512,1392 512,1391 558,1391 558,1379 559,1379 559,1376 560,1376 560,1375 561,1375 561,1373 562,1373 562,1372 564,1372 564,1371"/>
	<TextEquiv>
	<Unicode>τῷ</Unicode></TextEquiv></Word>
	<Word id="r183">
	<Coords points="771,1368 771,1369 773,1369 773,1390 894,1390 894,1391 895,1391 895,1407 899,1407 899,1408 912,1408 912,1410 913,1410 913,1412 914,1412 914,1414 913,1414 913,1416 910,1416 910,1417 909,1417 909,1416 784,1416 784,1418 783,1418 783,1422 782,1422 782,1425 781,1425 781,1429 780,1429 780,1431 762,1431 762,1432 760,1432 760,1431 704,1431 704,1430 703,1430 703,1418 616,1418 616,1417 614,1417 614,1415 613,1415 613,1401 606,1401 606,1400 605,1400 605,1393 606,1393 606,1392 608,1392 608,1391 620,1391 620,1390 666,1390 666,1377 667,1377 667,1376 670,1376 670,1375 765,1375 765,1373 766,1373 766,1372 767,1372 767,1371 768,1371 768,1369 770,1369 770,1368"/>
	<TextEquiv>
	<Unicode>τολμήματι.</Unicode></TextEquiv></Word>
	<Word id="r184">
	<Coords points="1040,1367 1040,1368 1041,1368 1041,1370 1042,1370 1042,1373 1043,1373 1043,1376 1044,1376 1044,1389 1173,1389 1173,1388 1211,1388 1211,1380 1212,1380 1212,1378 1213,1378 1213,1375 1214,1375 1214,1373 1215,1373 1215,1371 1216,1371 1216,1369 1217,1369 1217,1368 1218,1368 1218,1367 1222,1367 1222,1368 1223,1368 1223,1387 1323,1387 1323,1388 1328,1388 1328,1389 1330,1389 1330,1390 1332,1390 1332,1391 1333,1391 1333,1393 1334,1393 1334,1397 1332,1397 1332,1398 1329,1398 1329,1416 1327,1416 1327,1417 1326,1417 1326,1418 1324,1418 1324,1419 1320,1419 1320,1420 1320,1419 1318,1419 1318,1417 1163,1417 1163,1424 1162,1424 1162,1429 1161,1429 1161,1431 1076,1431 1076,1430 1075,1430 1075,1420 1040,1420 1040,1416 1007,1416 1007,1371 1016,1371 1016,1370 1032,1370 1032,1369 1036,1369 1036,1368 1037,1368 1037,1367"/>
	<TextEquiv>
	<Unicode>Σεμπρώνιος</Unicode></TextEquiv></Word>
	<Word id="r185">
	<Coords points="1408,1367 1408,1368 1410,1368 1410,1369 1412,1369 1412,1370 1413,1370 1413,1373 1414,1373 1414,1389 1446,1389 1446,1390 1447,1390 1447,1396 1446,1396 1446,1399 1445,1399 1445,1402 1444,1402 1444,1403 1443,1403 1443,1405 1441,1405 1441,1406 1440,1406 1440,1407 1439,1407 1439,1408 1438,1408 1438,1409 1436,1409 1436,1410 1435,1410 1435,1411 1434,1411 1434,1412 1432,1412 1432,1413 1431,1413 1431,1414 1427,1414 1427,1415 1369,1415 1369,1414 1366,1414 1366,1413 1364,1413 1364,1412 1363,1412 1363,1411 1362,1411 1362,1409 1361,1409 1361,1407 1360,1407 1360,1402 1361,1402 1361,1398 1362,1398 1362,1396 1363,1396 1363,1394 1364,1394 1364,1393 1365,1393 1365,1392 1366,1392 1366,1391 1368,1391 1368,1390 1369,1390 1369,1389 1371,1389 1371,1388 1395,1388 1395,1373 1396,1373 1396,1372 1397,1372 1397,1370 1398,1370 1398,1369 1399,1369 1399,1368 1403,1368 1403,1367"/>
	<TextEquiv>
	<Unicode>οὖν</Unicode></TextEquiv></Word>
	<Word id="r186">
	<Coords points="1559,1367 1561,1367 1561,1368 1562,1368 1562,1370 1563,1370 1563,1372 1564,1372 1564,1374 1565,1374 1565,1376 1566,1376 1566,1380 1567,1380 1567,1381 1568,1381 1568,1383 1569,1383 1569,1403 1570,1403 1570,1404 1571,1404 1571,1407 1572,1407 1572,1408 1571,1408 1571,1410 1570,1410 1570,1411 1569,1411 1569,1412 1568,1412 1568,1413 1567,1413 1567,1414 1566,1414 1566,1415 1563,1415 1563,1416 1563,1415 1490,1415 1490,1414 1487,1414 1487,1411 1488,1411 1488,1410 1489,1410 1489,1404 1490,1404 1490,1402 1491,1402 1491,1399 1492,1399 1492,1395 1493,1395 1493,1393 1494,1393 1494,1390 1496,1390 1496,1389 1510,1389 1510,1388 1557,1388 1557,1367 1559,1367 1559,1366"/>
	<TextEquiv>
	<Unicode>καὶ</Unicode></TextEquiv></Word>
	<Word id="r187">
	<Coords points="1647,1388 1647,1401 1646,1401 1646,1403 1645,1403 1645,1408 1644,1408 1644,1409 1643,1409 1643,1411 1628,1411 1628,1412 1626,1412 1626,1413 1618,1413 1618,1412 1614,1412 1614,1411 1613,1411 1613,1409 1612,1409 1612,1408 1611,1408 1611,1398 1612,1398 1612,1396 1613,1396 1613,1394 1614,1394 1614,1392 1615,1392 1615,1391 1616,1391 1616,1390 1618,1390 1618,1389 1620,1389 1620,1388"/>
	<TextEquiv>
	<Unicode>οι</Unicode></TextEquiv></Word>
	<TextEquiv>
	<Unicode>Ἀννίβαν τῷ τολμήματι. Σεμπρώνιος οὖν καὶ οι</Unicode></TextEquiv></TextLine>
	<TextLine id="r25">
	<Coords points="1414,1441 1414,1442 1415,1442 1415,1443 1416,1443 1416,1444 1417,1444 1417,1445 1542,1445 1542,1444 1543,1444 1543,1443 1544,1443 1544,1442 1545,1442 1545,1441 1547,1441 1547,1442 1549,1442 1549,1444 1581,1444 1581,1445 1585,1445 1585,1446 1586,1446 1586,1447 1587,1447 1587,1448 1589,1448 1589,1450 1590,1450 1590,1453 1591,1453 1591,1464 1621,1464 1621,1465 1643,1465 1643,1466 1653,1466 1653,1467 1654,1467 1654,1468 1655,1468 1655,1471 1654,1471 1654,1473 1653,1473 1653,1475 1652,1475 1652,1477 1651,1477 1651,1479 1650,1479 1650,1481 1648,1481 1648,1482 1647,1482 1647,1483 1646,1483 1646,1484 1644,1484 1644,1485 1642,1485 1642,1486 1639,1486 1639,1487 1637,1487 1637,1488 1620,1488 1620,1490 1618,1490 1618,1491 1578,1491 1578,1492 1557,1492 1557,1493 1556,1493 1556,1499 1555,1499 1555,1502 1554,1502 1554,1503 1550,1503 1550,1502 1549,1502 1549,1492 1477,1492 1477,1491 1356,1491 1356,1492 1355,1492 1355,1493 1354,1493 1354,1494 1353,1494 1353,1495 1351,1495 1351,1496 1349,1496 1349,1497 1282,1497 1282,1499 1281,1499 1281,1502 1280,1502 1280,1507 1279,1507 1279,1508 1278,1508 1278,1509 1276,1509 1276,1508 1275,1508 1275,1493 1166,1493 1166,1492 940,1492 940,1493 939,1493 939,1498 938,1498 938,1500 937,1500 937,1502 936,1502 936,1504 935,1504 935,1505 934,1505 934,1506 925,1506 925,1508 924,1508 924,1509 922,1509 922,1510 892,1510 892,1493 876,1493 876,1492 774,1492 774,1493 771,1493 771,1494 770,1494 770,1493 769,1493 769,1492 642,1492 642,1493 609,1493 609,1494 606,1494 606,1495 605,1495 605,1494 501,1494 501,1506 500,1506 500,1508 499,1508 499,1509 498,1509 498,1510 490,1510 490,1509 489,1509 489,1494 307,1494 307,1495 237,1495 237,1494 236,1494 236,1493 235,1493 235,1491 236,1491 236,1489 237,1489 237,1473 238,1473 238,1472 239,1472 239,1471 240,1471 240,1470 243,1470 243,1469 252,1469 252,1468 281,1468 281,1448 282,1448 282,1447 284,1447 284,1446 285,1446 285,1447 287,1447 287,1451 288,1451 288,1453 289,1453 289,1458 290,1458 290,1468 392,1468 392,1467 428,1467 428,1448 429,1448 429,1446 431,1446 431,1445 432,1445 432,1446 435,1446 435,1447 437,1447 437,1448 438,1448 438,1449 569,1449 569,1448 570,1448 570,1446 571,1446 571,1445 573,1445 573,1444 618,1444 618,1443 622,1443 622,1445 623,1445 623,1465 736,1465 736,1455 737,1455 737,1451 738,1451 738,1450 739,1450 739,1449 741,1449 741,1448 744,1448 744,1447 747,1447 747,1448 750,1448 750,1449 752,1449 752,1450 753,1450 753,1451 754,1451 754,1453 755,1453 755,1465 878,1465 878,1445 880,1445 880,1444 883,1444 883,1443 884,1443 884,1444 886,1444 886,1445 887,1445 887,1446 888,1446 888,1447 889,1447 889,1449 890,1449 890,1464 1006,1464 1006,1451 1008,1451 1008,1450 1070,1450 1070,1448 1071,1448 1071,1447 1072,1447 1072,1445 1073,1445 1073,1444 1075,1444 1075,1443 1075,1444 1077,1444 1077,1446 1078,1446 1078,1465 1293,1465 1293,1464 1314,1464 1314,1443 1315,1443 1315,1442 1316,1442 1316,1441"/>
	<Word id="r188">
	<Coords points="285,1446 285,1447 287,1447 287,1451 288,1451 288,1453 289,1453 289,1458 290,1458 290,1468 327,1468 327,1469 328,1469 328,1472 329,1472 328,1472 328,1475 327,1475 327,1479 326,1479 326,1481 325,1481 325,1482 324,1482 324,1483 323,1483 323,1484 322,1484 322,1485 321,1485 321,1486 320,1486 320,1487 319,1487 319,1488 318,1488 318,1489 317,1489 317,1490 316,1490 316,1491 314,1491 314,1492 312,1492 312,1493 309,1493 309,1494 307,1494 307,1495 237,1495 237,1494 236,1494 236,1493 235,1493 235,1491 236,1491 236,1489 237,1489 237,1473 238,1473 238,1472 239,1472 239,1471 240,1471 240,1470 243,1470 243,1469 252,1469 252,1468 281,1468 281,1448 282,1448 282,1447 284,1447 284,1446"/>
	<TextEquiv>
	<Unicode>σὺν</Unicode></TextEquiv></Word>
	<Word id="r189">
	<Coords points="432,1445 432,1446 435,1446 435,1447 437,1447 437,1448 438,1448 438,1449 504,1449 504,1450 507,1450 507,1451 509,1451 509,1452 510,1452 510,1453 511,1453 511,1456 512,1456 512,1468 513,1468 513,1469 514,1469 514,1470 515,1470 515,1471 516,1471 516,1473 517,1473 517,1474 518,1474 518,1479 517,1479 517,1484 516,1484 516,1487 515,1487 515,1489 514,1489 514,1490 512,1490 512,1491 511,1491 511,1492 506,1492 506,1493 501,1493 501,1506 500,1506 500,1508 499,1508 499,1509 498,1509 498,1510 490,1510 490,1509 489,1509 489,1494 387,1494 387,1493 384,1493 384,1492 382,1492 382,1491 381,1491 381,1489 380,1489 380,1482 381,1482 381,1479 382,1479 382,1477 383,1477 383,1475 384,1475 384,1474 386,1474 386,1472 387,1472 387,1470 389,1470 389,1469 390,1469 390,1468 392,1468 392,1467 428,1467 428,1448 429,1448 429,1446 431,1446 431,1445"/>
	<TextEquiv>
	<Unicode>αὐτῷ</Unicode></TextEquiv></Word>
	<Word id="r190">
	<Coords points="622,1443 622,1445 623,1445 623,1465 642,1465 642,1466 645,1466 645,1467 648,1467 648,1468 649,1468 649,1469 650,1469 650,1470 651,1470 651,1474 652,1474 652,1479 651,1479 651,1484 650,1484 650,1487 649,1487 649,1489 647,1489 647,1490 646,1490 646,1491 644,1491 644,1492 642,1492 642,1493 609,1493 609,1494 606,1494 606,1495 605,1495 605,1494 602,1494 602,1493 571,1493 571,1492 569,1492 569,1491 568,1491 568,1490 566,1490 566,1489 565,1489 565,1486 564,1486 564,1477 565,1477 565,1475 566,1475 566,1474 567,1474 567,1472 568,1472 568,1452 569,1452 569,1448 570,1448 570,1446 571,1446 571,1445 573,1445 573,1444 618,1444 618,1443"/>
	<TextEquiv>
	<Unicode>δύο</Unicode></TextEquiv></Word>
	<Word id="r191">
	<Coords points="747,1447 747,1448 750,1448 750,1449 752,1449 752,1450 753,1450 753,1451 754,1451 754,1453 755,1453 755,1465 791,1465 791,1466 793,1466 793,1469 794,1469 794,1471 793,1471 793,1475 792,1475 792,1476 791,1476 791,1479 790,1479 790,1480 789,1480 789,1481 788,1481 788,1482 787,1482 787,1483 786,1483 786,1484 785,1484 785,1485 783,1485 783,1487 782,1487 782,1488 780,1488 780,1489 778,1489 778,1490 777,1490 777,1491 775,1491 775,1492 774,1492 774,1493 771,1493 771,1494 770,1494 770,1493 769,1493 769,1492 704,1492 704,1491 702,1491 702,1490 701,1490 701,1476 693,1476 693,1475 692,1475 692,1470 693,1470 693,1469 694,1469 694,1468 695,1468 695,1467 696,1467 696,1466 736,1466 736,1455 737,1455 737,1451 738,1451 738,1450 739,1450 739,1449 741,1449 741,1448 744,1448 744,1447"/>
	<TextEquiv>
	<Unicode>τῶν</Unicode></TextEquiv></Word>
	<Word id="r192">
	<Coords points="884,1443 884,1444 886,1444 886,1445 887,1445 887,1446 888,1446 888,1447 889,1447 889,1449 890,1449 890,1464 1006,1464 1006,1451 1008,1451 1008,1450 1070,1450 1070,1448 1071,1448 1071,1447 1072,1447 1072,1445 1073,1445 1073,1444 1075,1444 1075,1443 1075,1444 1077,1444 1077,1446 1078,1446 1078,1465 1190,1465 1190,1466 1191,1466 1191,1470 1190,1470 1190,1474 1189,1474 1189,1478 1188,1478 1188,1479 1187,1479 1187,1480 1186,1480 1186,1481 1185,1481 1185,1482 1184,1482 1184,1483 1183,1483 1183,1484 1182,1484 1182,1485 1181,1485 1181,1486 1180,1486 1180,1487 1178,1487 1178,1488 1177,1488 1177,1489 1176,1489 1176,1490 1174,1490 1174,1491 1172,1491 1172,1492 1170,1492 1170,1493 1166,1493 1166,1492 940,1492 940,1493 939,1493 939,1498 938,1498 938,1500 937,1500 937,1502 936,1502 936,1504 935,1504 935,1505 934,1505 934,1506 925,1506 925,1508 924,1508 924,1509 922,1509 922,1510 892,1510 892,1493 876,1493 876,1492 842,1492 842,1491 840,1491 840,1490 838,1490 838,1489 837,1489 837,1478 838,1478 838,1477 839,1477 839,1475 840,1475 840,1474 841,1474 841,1472 842,1472 842,1471 843,1471 843,1470 845,1470 845,1469 846,1469 846,1468 848,1468 848,1467 862,1467 862,1466 878,1466 878,1445 880,1445 880,1444 883,1444 883,1443"/>
	<TextEquiv>
	<Unicode>αἰχμαλώτων</Unicode></TextEquiv></Word>
	<Word id="r193">
	<Coords points="1319,1441 1319,1442 1320,1442 1320,1443 1321,1443 1321,1446 1322,1446 1322,1448 1323,1448 1323,1450 1324,1450 1324,1452 1325,1452 1325,1454 1326,1454 1326,1457 1327,1457 1327,1464 1353,1464 1353,1465 1355,1465 1355,1466 1357,1466 1357,1467 1359,1467 1359,1468 1360,1468 1360,1469 1361,1469 1361,1473 1360,1473 1360,1474 1359,1474 1359,1475 1356,1475 1356,1492 1355,1492 1355,1493 1354,1493 1354,1494 1353,1494 1353,1495 1351,1495 1351,1496 1349,1496 1349,1497 1282,1497 1282,1499 1281,1499 1281,1502 1280,1502 1280,1507 1279,1507 1279,1508 1278,1508 1278,1509 1276,1509 1276,1508 1275,1508 1275,1493 1240,1493 1240,1492 1239,1492 1239,1478 1233,1478 1233,1477 1232,1477 1232,1471 1233,1471 1233,1468 1234,1468 1234,1467 1236,1467 1236,1466 1238,1466 1238,1465 1293,1465 1293,1464 1314,1464 1314,1443 1315,1443 1315,1442 1316,1442 1316,1441"/>
	<TextEquiv>
	<Unicode>πρὸς</Unicode></TextEquiv></Word>
	<Word id="r194">
	<Coords points="1408,1441 1414,1441 1414,1442 1415,1442 1415,1443 1416,1443 1416,1444 1417,1444 1417,1445 1542,1445 1542,1444 1543,1444 1543,1443 1544,1443 1544,1442 1545,1442 1545,1441 1547,1441 1547,1442 1549,1442 1549,1444 1581,1444 1581,1445 1585,1445 1585,1446 1586,1446 1586,1447 1587,1447 1587,1448 1589,1448 1589,1450 1590,1450 1590,1453 1591,1453 1591,1464 1621,1464 1621,1465 1643,1465 1643,1466 1653,1466 1653,1467 1654,1467 1654,1468 1655,1468 1655,1471 1654,1471 1654,1473 1653,1473 1653,1475 1652,1475 1652,1477 1651,1477 1651,1479 1650,1479 1650,1481 1648,1481 1648,1482 1647,1482 1647,1483 1646,1483 1646,1484 1644,1484 1644,1485 1642,1485 1642,1486 1639,1486 1639,1487 1637,1487 1637,1488 1620,1488 1620,1490 1618,1490 1618,1491 1578,1491 1578,1492 1557,1492 1557,1493 1556,1493 1556,1499 1555,1499 1555,1502 1554,1502 1554,1503 1550,1503 1550,1502 1549,1502 1549,1492 1477,1492 1477,1491 1424,1491 1424,1490 1423,1490 1423,1489 1422,1489 1422,1457 1410,1457 1410,1456 1408,1456 1408,1445 1407,1445 1407,1444 1406,1444 1406,1443 1407,1443 1407,1442 1408,1442"/>
	<TextEquiv>
	<Unicode>Ἀννίβαν</Unicode></TextEquiv></Word>
	<TextEquiv>
	<Unicode>σὺν αὐτῷ δύο τῶν αἰχμαλώτων πρὸς Ἀννίβαν</Unicode></TextEquiv></TextLine>
	<TextLine id="r26">
	<Coords points="716,1518 716,1519 717,1519 717,1520 785,1520 785,1521 786,1521 786,1541 956,1541 956,1522 957,1522 957,1521 959,1521 959,1522 961,1522 961,1524 962,1524 962,1526 963,1526 963,1528 964,1528 964,1531 965,1531 965,1533 966,1533 966,1534 967,1534 967,1540 1071,1540 1071,1529 1072,1529 1072,1528 1073,1528 1073,1527 1075,1527 1075,1526 1077,1526 1077,1521 1078,1521 1078,1520 1079,1520 1079,1519 1254,1519 1254,1518 1257,1518 1257,1519 1278,1519 1278,1520 1280,1520 1280,1521 1281,1521 1281,1522 1283,1522 1283,1523 1284,1523 1284,1524 1285,1524 1285,1525 1287,1525 1287,1526 1288,1526 1288,1527 1289,1527 1289,1528 1290,1528 1290,1530 1291,1530 1291,1539 1457,1539 1457,1527 1458,1527 1458,1524 1459,1524 1459,1523 1460,1523 1460,1522 1461,1522 1461,1521 1466,1521 1466,1520 1468,1520 1468,1521 1472,1521 1472,1522 1473,1522 1473,1523 1474,1523 1474,1524 1476,1524 1476,1526 1477,1526 1477,1539 1584,1539 1584,1519 1586,1519 1586,1518 1590,1518 1590,1519 1591,1519 1591,1520 1593,1520 1593,1521 1594,1521 1594,1522 1595,1522 1595,1538 1607,1538 1607,1539 1633,1539 1633,1540 1634,1540 1634,1547 1645,1547 1645,1548 1647,1548 1647,1549 1649,1549 1649,1552 1648,1552 1648,1553 1634,1553 1634,1578 1633,1578 1633,1579 1632,1579 1632,1580 1631,1580 1631,1582 1629,1582 1629,1583 1628,1583 1628,1584 1600,1584 1600,1585 1597,1585 1597,1584 1596,1584 1596,1568 1583,1568 1583,1567 1425,1567 1425,1568 1424,1568 1424,1567 1254,1567 1254,1568 1251,1568 1251,1569 1246,1569 1246,1568 1116,1568 1116,1569 1115,1569 1115,1570 1114,1570 1114,1571 1112,1571 1112,1572 1111,1572 1111,1573 1107,1573 1107,1572 1106,1572 1106,1568 962,1568 962,1569 918,1569 918,1570 917,1570 917,1573 916,1573 916,1577 915,1577 915,1579 914,1579 914,1580 913,1580 913,1581 910,1581 910,1580 909,1580 909,1568 778,1568 778,1569 776,1569 776,1570 769,1570 769,1569 765,1569 765,1568 764,1568 764,1567 634,1567 634,1568 632,1568 632,1569 631,1569 631,1570 414,1570 414,1571 390,1571 390,1575 389,1575 389,1577 388,1577 388,1578 387,1578 387,1580 386,1580 386,1581 383,1581 383,1582 378,1582 378,1583 377,1583 377,1584 376,1584 376,1585 375,1585 375,1586 371,1586 371,1585 370,1585 370,1584 369,1584 369,1571 265,1571 265,1570 240,1570 240,1569 237,1569 237,1568 236,1568 236,1567 235,1567 235,1565 234,1565 234,1563 233,1563 233,1561 232,1561 232,1559 233,1559 233,1556 234,1556 234,1553 235,1553 235,1551 236,1551 236,1549 237,1549 237,1547 240,1547 240,1546 241,1546 241,1545 243,1545 243,1544 245,1544 245,1524 247,1524 247,1523 251,1523 251,1524 253,1524 253,1525 254,1525 254,1526 255,1526 255,1528 256,1528 256,1543 385,1543 385,1533 386,1533 386,1527 387,1527 387,1524 388,1524 388,1522 389,1522 389,1521 390,1521 390,1520 392,1520 392,1521 393,1521 393,1522 394,1522 394,1542 417,1542 417,1543 525,1543 525,1544 627,1544 627,1543 629,1543 629,1522 630,1522 630,1521 631,1521 631,1520 633,1520 633,1519 635,1519 635,1518"/>
	<Word id="r196">
	<Coords points="392,1520 392,1521 393,1521 393,1522 394,1522 394,1542 417,1542 417,1543 525,1543 525,1544 526,1544 526,1545 527,1545 527,1560 539,1560 539,1561 540,1561 540,1562 541,1562 541,1564 542,1564 542,1565 543,1565 542,1565 542,1568 540,1568 540,1569 537,1569 537,1570 414,1570 414,1571 390,1571 390,1575 389,1575 389,1577 388,1577 388,1578 387,1578 387,1580 386,1580 386,1581 383,1581 383,1582 378,1582 378,1583 377,1583 377,1584 376,1584 376,1585 375,1585 375,1586 371,1586 371,1585 370,1585 370,1584 369,1584 369,1571 265,1571 265,1570 240,1570 240,1569 237,1569 237,1568 236,1568 236,1567 235,1567 235,1565 234,1565 234,1563 233,1563 233,1561 232,1561 232,1559 233,1559 233,1556 234,1556 234,1553 235,1553 235,1551 236,1551 236,1549 237,1549 237,1547 240,1547 240,1546 241,1546 241,1545 243,1545 243,1544 245,1544 245,1524 247,1524 247,1523 251,1523 251,1524 253,1524 253,1525 254,1525 254,1526 255,1526 255,1528 256,1528 256,1543 385,1543 385,1533 386,1533 386,1527 387,1527 387,1524 388,1524 388,1522 389,1522 389,1521 390,1521 390,1520"/>
	<TextEquiv>
	<Unicode>ἐπανῄεσαν.</Unicode></TextEquiv></Word>
	<Word id="r197">
	<Coords points="637,1518 637,1519 639,1519 639,1520 640,1520 640,1550 641,1550 641,1559 640,1559 640,1562 639,1562 639,1564 638,1564 638,1565 637,1565 637,1566 636,1566 636,1567 634,1567 634,1568 632,1568 632,1569 631,1569 631,1570 626,1570 626,1569 624,1569 624,1567 620,1567 620,1566 619,1566 619,1565 618,1565 618,1563 617,1563 617,1552 618,1552 618,1550 619,1550 619,1549 620,1549 620,1548 621,1548 621,1547 622,1547 622,1546 623,1546 623,1545 624,1545 624,1544 627,1544 627,1543 629,1543 629,1522 630,1522 630,1521 631,1521 631,1520 633,1520 633,1519 635,1519 635,1518"/>
	<TextEquiv>
	<Unicode>ὁ</Unicode></TextEquiv></Word>
	<Word id="r198">
	<Coords points="716,1518 716,1519 717,1519 717,1520 719,1520 719,1522 720,1522 720,1523 721,1523 721,1529 720,1529 720,1530 719,1530 719,1533 718,1533 718,1534 716,1534 716,1535 707,1535 707,1558 706,1558 706,1560 705,1560 705,1562 704,1562 704,1563 703,1563 703,1565 701,1565 701,1566 699,1566 699,1567 687,1567 687,1566 686,1566 686,1565 684,1565 684,1564 683,1564 683,1563 682,1563 682,1561 681,1561 681,1555 682,1555 682,1552 683,1552 683,1550 684,1550 684,1548 685,1548 685,1527 686,1527 686,1522 687,1522 687,1521 689,1521 689,1520 691,1520 691,1519 712,1519 712,1518"/>
	<TextEquiv>
	<Unicode>δ᾽</Unicode></TextEquiv></Word>
	<Word id="r199">
	<Coords points="785,1520 785,1521 786,1521 786,1541 865,1541 865,1542 868,1542 868,1557 872,1557 872,1560 873,1560 872,1560 872,1562 871,1562 871,1564 870,1564 870,1565 869,1565 869,1566 868,1566 868,1567 865,1567 865,1568 778,1568 778,1569 776,1569 776,1570 769,1570 769,1569 765,1569 765,1568 764,1568 764,1567 763,1567 763,1566 762,1566 762,1565 761,1565 761,1562 760,1562 760,1553 761,1553 761,1551 762,1551 762,1549 763,1549 763,1548 764,1548 764,1547 765,1547 765,1534 766,1534 766,1524 768,1524 768,1523 769,1523 769,1522 780,1522 780,1521 781,1521 781,1520"/>
	<TextEquiv>
	<Unicode>ἔστι</Unicode></TextEquiv></Word>
	<Word id="r200">
	<Coords points="959,1521 959,1522 961,1522 961,1524 962,1524 962,1526 963,1526 963,1528 964,1528 964,1531 965,1531 965,1533 966,1533 966,1534 967,1534 967,1541 997,1541 997,1542 999,1542 999,1544 1000,1544 1000,1546 999,1546 999,1550 998,1550 998,1552 997,1552 997,1554 996,1554 996,1556 995,1556 995,1557 994,1557 994,1558 993,1558 993,1559 991,1559 991,1561 989,1561 989,1562 988,1562 988,1564 985,1564 985,1565 984,1565 984,1566 982,1566 982,1567 978,1567 978,1568 962,1568 962,1569 918,1569 918,1570 917,1570 917,1573 916,1573 916,1577 915,1577 915,1579 914,1579 914,1580 913,1580 913,1581 910,1581 910,1580 909,1580 909,1576 910,1576 910,1573 911,1573 911,1571 912,1571 912,1567 913,1567 913,1564 914,1564 914,1561 915,1561 915,1557 916,1557 916,1555 917,1555 917,1549 918,1549 918,1546 919,1546 919,1545 920,1545 920,1544 936,1544 936,1543 937,1543 937,1542 956,1542 956,1522 957,1522 957,1521"/>
	<TextEquiv>
	<Unicode>μὲν</Unicode></TextEquiv></Word>
	<Word id="r201">
	<Coords points="1079,1520 1082,1520 1082,1521 1083,1521 1083,1522 1084,1522 1084,1524 1085,1524 1085,1526 1086,1526 1086,1528 1087,1528 1087,1530 1088,1530 1088,1532 1089,1532 1089,1534 1090,1534 1090,1536 1091,1536 1091,1540 1113,1540 1113,1541 1115,1541 1115,1542 1119,1542 1119,1544 1121,1544 1121,1549 1122,1549 1122,1551 1117,1551 1117,1568 1116,1568 1116,1569 1115,1569 1115,1570 1114,1570 1114,1571 1112,1571 1112,1572 1111,1572 1111,1573 1107,1573 1107,1572 1106,1572 1106,1568 1074,1568 1074,1567 1044,1567 1044,1566 1042,1566 1042,1565 1041,1565 1041,1564 1040,1564 1040,1563 1039,1563 1039,1562 1038,1562 1038,1552 1039,1552 1039,1550 1040,1550 1040,1548 1041,1548 1041,1546 1042,1546 1042,1545 1043,1545 1043,1544 1045,1544 1045,1543 1046,1543 1046,1542 1048,1542 1048,1541 1050,1541 1050,1540 1071,1540 1071,1529 1072,1529 1072,1528 1073,1528 1073,1527 1075,1527 1075,1526 1077,1526 1077,1521 1078,1521 1078,1520 1079,1520 1079,1519"/>
	<TextEquiv>
	<Unicode>οὓς</Unicode></TextEquiv></Word>
	<Word id="r202">
	<Coords points="1257,1518 1257,1519 1278,1519 1278,1520 1280,1520 1280,1521 1281,1521 1281,1522 1283,1522 1283,1523 1284,1523 1284,1524 1285,1524 1285,1525 1287,1525 1287,1526 1288,1526 1288,1527 1289,1527 1289,1528 1290,1528 1290,1530 1291,1530 1291,1539 1372,1539 1372,1540 1374,1540 1374,1541 1375,1541 1375,1542 1377,1542 1377,1543 1378,1543 1378,1546 1380,1546 1380,1555 1379,1555 1379,1557 1378,1557 1378,1559 1377,1559 1377,1562 1376,1562 1376,1563 1375,1563 1375,1564 1373,1564 1373,1565 1372,1565 1372,1566 1370,1566 1370,1567 1254,1567 1254,1568 1251,1568 1251,1569 1246,1569 1246,1568 1168,1568 1168,1567 1163,1567 1163,1566 1161,1566 1161,1564 1160,1564 1160,1563 1159,1563 1159,1561 1158,1561 1158,1559 1159,1559 1159,1554 1160,1554 1160,1552 1161,1552 1161,1551 1162,1551 1162,1549 1163,1549 1163,1548 1164,1548 1164,1547 1165,1547 1165,1546 1166,1546 1166,1545 1167,1545 1167,1544 1169,1544 1169,1543 1170,1543 1170,1542 1173,1542 1173,1522 1174,1522 1174,1520 1176,1520 1176,1519 1254,1519 1254,1518"/>
	<TextEquiv>
	<Unicode>ἀπέδοτο</Unicode></TextEquiv></Word>
	<Word id="r203">
	<Coords points="1468,1520 1468,1521 1472,1521 1472,1522 1473,1522 1473,1523 1474,1523 1474,1524 1476,1524 1476,1526 1477,1526 1477,1539 1513,1539 1513,1540 1515,1540 1515,1542 1516,1542 1516,1546 1515,1546 1515,1549 1514,1549 1514,1551 1513,1551 1513,1554 1512,1554 1512,1555 1511,1555 1511,1556 1510,1556 1510,1557 1509,1557 1509,1558 1508,1558 1508,1559 1507,1559 1507,1560 1506,1560 1506,1561 1505,1561 1505,1562 1504,1562 1504,1563 1502,1563 1502,1564 1500,1564 1500,1565 1498,1565 1498,1566 1497,1566 1497,1567 1425,1567 1425,1568 1424,1568 1424,1567 1423,1567 1423,1566 1422,1566 1422,1552 1414,1552 1414,1551 1413,1551 1413,1547 1414,1547 1414,1544 1415,1544 1415,1542 1416,1542 1416,1541 1418,1541 1418,1540 1457,1540 1457,1527 1458,1527 1458,1524 1459,1524 1459,1523 1460,1523 1460,1522 1461,1522 1461,1521 1466,1521 1466,1520"/>
	<TextEquiv>
	<Unicode>τῶν</Unicode></TextEquiv></Word>
	<Word id="r204">
	<Coords points="1590,1518 1590,1519 1591,1519 1591,1520 1593,1520 1593,1521 1594,1521 1594,1522 1595,1522 1595,1538 1607,1538 1607,1539 1633,1539 1633,1540 1634,1540 1634,1547 1645,1547 1645,1548 1647,1548 1647,1549 1649,1549 1649,1552 1648,1552 1648,1553 1634,1553 1634,1578 1633,1578 1633,1579 1632,1579 1632,1580 1631,1580 1631,1582 1629,1582 1629,1583 1628,1583 1628,1584 1600,1584 1600,1585 1597,1585 1597,1584 1596,1584 1596,1568 1583,1568 1583,1567 1546,1567 1546,1566 1544,1566 1544,1565 1543,1565 1543,1563 1542,1563 1542,1559 1541,1559 1541,1558 1542,1558 1542,1554 1543,1554 1543,1552 1544,1552 1544,1550 1545,1550 1545,1548 1546,1548 1546,1547 1547,1547 1547,1546 1548,1546 1548,1545 1550,1545 1550,1544 1551,1544 1551,1542 1552,1542 1552,1541 1555,1541 1555,1540 1584,1540 1584,1519 1586,1519 1586,1518"/>
	<TextEquiv>
	<Unicode>αἰχ-</Unicode></TextEquiv></Word>
	<TextEquiv>
	<Unicode>ἐπανῄεσαν. ὁ δ᾽ ἔστι μὲν οὓς ἀπέδοτο τῶν αἰχ-</Unicode></TextEquiv></TextLine>
	<TextLine id="r27">
	<Coords points="961,1593 967,1593 967,1594 1029,1594 1029,1595 1031,1595 1031,1596 1032,1596 1032,1598 1216,1598 1216,1596 1218,1596 1218,1595 1290,1595 1290,1594 1293,1594 1293,1595 1294,1595 1294,1614 1343,1614 1343,1615 1497,1615 1497,1595 1498,1595 1498,1593 1500,1593 1500,1594 1501,1594 1501,1595 1503,1595 1503,1597 1504,1597 1504,1598 1505,1598 1505,1600 1506,1600 1506,1602 1507,1602 1507,1605 1508,1605 1508,1608 1509,1608 1509,1609 1510,1609 1510,1615 1614,1615 1614,1603 1615,1603 1615,1602 1616,1602 1616,1601 1617,1601 1617,1600 1618,1600 1618,1598 1628,1598 1628,1599 1630,1599 1630,1600 1631,1600 1631,1602 1632,1602 1632,1603 1633,1603 1633,1615 1650,1615 1650,1616 1651,1616 1651,1640 1650,1640 1650,1645 1649,1645 1649,1646 1648,1646 1648,1647 1644,1647 1644,1646 1643,1646 1643,1643 1385,1643 1385,1644 1384,1644 1384,1645 1383,1645 1383,1647 1382,1647 1382,1648 1381,1648 1381,1649 1380,1649 1380,1650 1302,1650 1302,1658 1301,1658 1301,1660 1297,1660 1297,1658 1269,1658 1269,1657 1268,1657 1268,1644 1157,1644 1157,1645 1156,1645 1156,1646 1155,1646 1155,1647 1153,1647 1153,1648 1131,1648 1131,1652 1130,1652 1130,1655 1129,1655 1129,1656 1128,1656 1128,1657 1088,1657 1088,1658 1084,1658 1084,1657 1042,1657 1042,1656 1040,1656 1040,1643 925,1643 925,1644 841,1644 841,1645 840,1645 840,1646 839,1646 839,1647 836,1647 836,1648 835,1648 835,1647 833,1647 833,1646 802,1646 802,1645 554,1645 554,1646 503,1646 503,1648 502,1648 502,1649 501,1649 501,1650 500,1650 500,1651 498,1651 498,1652 494,1652 494,1646 241,1646 241,1650 240,1650 240,1653 239,1653 239,1656 238,1656 238,1658 237,1658 237,1659 235,1659 235,1658 233,1658 233,1652 234,1652 234,1649 235,1649 235,1645 236,1645 236,1643 237,1643 237,1639 238,1639 238,1637 239,1637 239,1632 241,1632 241,1626 242,1626 242,1622 243,1622 243,1621 244,1621 244,1620 245,1620 245,1619 306,1619 306,1606 307,1606 307,1605 308,1605 308,1604 370,1604 370,1602 371,1602 371,1600 372,1600 372,1598 373,1598 373,1597 375,1597 375,1596 375,1597 378,1597 378,1618 547,1618 547,1601 548,1601 548,1600 549,1600 549,1599 551,1599 551,1598 562,1598 562,1597 563,1597 563,1596 563,1597 566,1597 566,1598 567,1598 567,1617 702,1617 702,1600 703,1600 703,1597 704,1597 704,1596 706,1596 706,1595 727,1595 727,1594 729,1594 729,1595 731,1595 731,1596 959,1596 959,1595 960,1595 960,1594 961,1594"/>
	<Word id="r205">
	<Coords points="375,1597 378,1597 378,1618 488,1618 488,1619 489,1619 489,1636 501,1636 501,1637 503,1637 503,1640 504,1640 504,1645 503,1645 503,1648 502,1648 502,1649 501,1649 501,1650 500,1650 500,1651 498,1651 498,1652 494,1652 494,1646 241,1646 241,1650 240,1650 240,1653 239,1653 239,1656 238,1656 238,1658 237,1658 237,1659 235,1659 235,1658 233,1658 233,1652 234,1652 234,1649 235,1649 235,1645 236,1645 236,1643 237,1643 237,1639 238,1639 238,1637 239,1637 239,1632 241,1632 241,1626 242,1626 242,1622 243,1622 243,1621 244,1621 244,1620 245,1620 245,1619 306,1619 306,1606 307,1606 307,1605 308,1605 308,1604 370,1604 370,1602 371,1602 371,1600 372,1600 372,1598 373,1598 373,1597 375,1597 375,1596"/>
	<TextEquiv>
	<Unicode>μαλώτων,</Unicode></TextEquiv></Word>
	<Word id="r206">
	<Coords points="563,1597 566,1597 566,1598 567,1598 567,1617 632,1617 632,1618 648,1618 648,1619 649,1619 649,1634 652,1634 652,1635 653,1635 653,1637 652,1637 652,1638 651,1638 651,1639 650,1639 650,1640 649,1640 649,1641 648,1641 648,1642 647,1642 647,1644 645,1644 645,1645 554,1645 554,1646 549,1646 549,1645 548,1645 548,1644 547,1644 547,1643 546,1643 546,1642 544,1642 544,1640 543,1640 543,1639 542,1639 542,1637 541,1637 541,1632 542,1632 542,1629 543,1629 543,1627 544,1627 544,1625 545,1625 545,1624 546,1624 546,1623 547,1623 547,1601 548,1601 548,1600 549,1600 549,1599 551,1599 551,1598 562,1598 562,1597 563,1597 563,1596"/>
	<TextEquiv>
	<Unicode>ἔστι</Unicode></TextEquiv></Word>
	<Word id="r207">
	<Coords points="729,1594 729,1595 731,1595 731,1596 732,1596 732,1597 733,1597 733,1598 734,1598 734,1600 735,1600 735,1606 734,1606 734,1607 733,1607 733,1609 731,1609 731,1610 723,1610 723,1630 722,1630 722,1636 721,1636 721,1638 720,1638 720,1639 719,1639 719,1640 718,1640 718,1641 717,1641 717,1642 716,1642 716,1643 714,1643 714,1644 712,1644 712,1645 711,1645 711,1644 708,1644 708,1643 707,1643 707,1642 702,1642 702,1641 700,1641 700,1640 699,1640 699,1639 698,1639 698,1637 697,1637 697,1630 698,1630 698,1628 699,1628 699,1626 700,1626 700,1625 701,1625 701,1624 702,1624 702,1600 703,1600 703,1597 704,1597 704,1596 706,1596 706,1595 727,1595 727,1594"/>
	<TextEquiv>
	<Unicode>δ᾽</Unicode></TextEquiv></Word>
	<Word id="r208">
	<Coords points="809,1596 809,1597 810,1597 810,1599 811,1599 811,1601 812,1601 812,1602 813,1602 813,1605 814,1605 814,1606 815,1606 815,1609 816,1609 816,1610 817,1610 817,1613 818,1613 818,1616 837,1616 837,1617 840,1617 840,1618 843,1618 843,1619 845,1619 845,1620 846,1620 846,1621 847,1621 847,1623 848,1623 848,1625 847,1625 847,1626 845,1626 845,1627 843,1627 843,1643 842,1643 842,1644 841,1644 841,1645 840,1645 840,1646 839,1646 839,1647 836,1647 836,1648 835,1648 835,1647 833,1647 833,1646 802,1646 802,1645 800,1645 800,1644 772,1644 772,1643 770,1643 770,1642 768,1642 768,1640 766,1640 766,1639 765,1639 765,1628 766,1628 766,1626 767,1626 767,1624 768,1624 768,1622 769,1622 769,1621 771,1621 771,1620 772,1620 772,1619 773,1619 773,1618 774,1618 774,1617 797,1617 797,1607 798,1607 798,1605 800,1605 800,1604 801,1604 801,1603 804,1603 804,1597 805,1597 805,1596"/>
	<TextEquiv>
	<Unicode>οὓς</Unicode></TextEquiv></Word>
	<Word id="r209">
	<Coords points="967,1593 967,1594 969,1594 969,1595 971,1595 971,1599 972,1599 972,1602 971,1602 971,1606 970,1606 970,1607 969,1607 969,1608 968,1608 968,1609 958,1609 958,1620 957,1620 957,1622 956,1622 956,1623 945,1623 945,1627 944,1627 944,1640 943,1640 943,1642 941,1642 941,1643 925,1643 925,1644 894,1644 894,1643 892,1643 892,1642 890,1642 890,1640 889,1640 889,1637 888,1637 888,1623 887,1623 887,1622 886,1622 886,1620 888,1620 888,1619 889,1619 889,1618 896,1618 896,1600 897,1600 897,1598 898,1598 898,1597 900,1597 900,1596 959,1596 959,1595 960,1595 960,1594 961,1594 961,1593"/>
	<TextEquiv>
	<Unicode>ὑπ᾽</Unicode></TextEquiv></Word>
	<Word id="r210">
	<Coords points="1029,1594 1029,1595 1031,1595 1031,1596 1032,1596 1032,1598 1125,1598 1125,1599 1129,1599 1129,1600 1130,1600 1130,1601 1131,1601 1131,1603 1133,1603 1133,1604 1134,1604 1134,1606 1135,1606 1135,1616 1155,1616 1155,1617 1158,1617 1158,1618 1159,1618 1159,1619 1161,1619 1161,1620 1162,1620 1162,1621 1163,1621 1163,1623 1164,1623 1164,1624 1163,1624 1163,1625 1162,1625 1162,1626 1159,1626 1159,1641 1158,1641 1158,1644 1157,1644 1157,1645 1156,1645 1156,1646 1155,1646 1155,1647 1153,1647 1153,1648 1131,1648 1131,1652 1130,1652 1130,1655 1129,1655 1129,1656 1128,1656 1128,1657 1088,1657 1088,1658 1084,1658 1084,1657 1042,1657 1042,1656 1040,1656 1040,1643 1018,1643 1018,1642 1016,1642 1016,1641 1015,1641 1015,1640 1014,1640 1014,1639 1013,1639 1013,1631 1012,1631 1012,1630 1013,1630 1013,1627 1014,1627 1014,1625 1015,1625 1015,1623 1016,1623 1016,1622 1017,1622 1017,1621 1018,1621 1018,1620 1019,1620 1019,1619 1020,1619 1020,1618 1022,1618 1022,1596 1023,1596 1023,1595 1024,1595 1024,1594"/>
	<TextEquiv>
	<Unicode>ὀργῆς</Unicode></TextEquiv></Word>
	<Word id="r211">
	<Coords points="1293,1594 1293,1595 1294,1595 1294,1614 1343,1614 1343,1615 1367,1615 1367,1616 1368,1616 1368,1631 1370,1631 1370,1632 1371,1632 1371,1633 1381,1633 1381,1634 1383,1634 1383,1635 1385,1635 1385,1637 1386,1637 1386,1641 1385,1641 1385,1644 1384,1644 1384,1645 1383,1645 1383,1647 1382,1647 1382,1648 1381,1648 1381,1649 1380,1649 1380,1650 1302,1650 1302,1658 1301,1658 1301,1660 1297,1660 1297,1658 1269,1658 1269,1657 1268,1657 1268,1644 1239,1644 1239,1643 1206,1643 1206,1642 1205,1642 1205,1641 1203,1641 1203,1640 1202,1640 1202,1639 1201,1639 1201,1638 1200,1638 1200,1632 1201,1632 1201,1630 1202,1630 1202,1628 1203,1628 1203,1626 1204,1626 1204,1624 1205,1624 1205,1623 1206,1623 1206,1622 1207,1622 1207,1621 1208,1621 1208,1620 1209,1620 1209,1619 1211,1619 1211,1618 1212,1618 1212,1617 1216,1617 1216,1596 1218,1596 1218,1595 1290,1595 1290,1594"/>
	<TextEquiv>
	<Unicode>ἀνῄρει,</Unicode></TextEquiv></Word>
	<Word id="r212">
	<Coords points="1500,1593 1500,1594 1501,1594 1501,1595 1503,1595 1503,1597 1504,1597 1504,1598 1505,1598 1505,1600 1506,1600 1506,1602 1507,1602 1507,1605 1508,1605 1508,1608 1509,1608 1509,1609 1510,1609 1510,1630 1512,1630 1512,1631 1513,1631 1513,1632 1514,1632 1514,1633 1513,1633 1513,1636 1512,1636 1512,1637 1511,1637 1511,1639 1510,1639 1510,1640 1509,1640 1509,1641 1508,1641 1508,1642 1507,1642 1507,1643 1467,1643 1467,1642 1428,1642 1428,1637 1429,1637 1429,1634 1430,1634 1430,1632 1431,1632 1431,1630 1432,1630 1432,1626 1433,1626 1433,1623 1434,1623 1434,1619 1435,1619 1435,1618 1436,1618 1436,1616 1438,1616 1438,1615 1497,1615 1497,1595 1498,1595 1498,1593"/>
	<TextEquiv>
	<Unicode>καὶ</Unicode></TextEquiv></Word>
	<Word id="r213">
	<Coords points="1628,1598 1628,1599 1630,1599 1630,1600 1631,1600 1631,1602 1632,1602 1632,1603 1633,1603 1633,1615 1650,1615 1650,1616 1651,1616 1651,1640 1650,1640 1650,1645 1649,1645 1649,1646 1648,1646 1648,1647 1644,1647 1644,1646 1643,1646 1643,1643 1562,1643 1562,1642 1561,1642 1561,1627 1554,1627 1554,1626 1553,1626 1553,1625 1552,1625 1552,1620 1553,1620 1553,1618 1554,1618 1554,1617 1556,1617 1556,1616 1558,1616 1558,1615 1614,1615 1614,1603 1615,1603 1615,1602 1616,1602 1616,1601 1617,1601 1617,1600 1618,1600 1618,1598"/>
	<TextEquiv>
	<Unicode>τοῖς</Unicode></TextEquiv></Word>
	<TextEquiv>
	<Unicode>μαλώτων, ἔστι δ᾽ οὓς ὑπ᾽ ὀργῆς ἀνῄρει, καὶ τοῖς</Unicode></TextEquiv></TextLine>
	<TextLine id="r29">
	<Coords points="1026,1668 1028,1668 1028,1669 1029,1669 1029,1690 1236,1690 1236,1670 1237,1670 1237,1669 1238,1669 1238,1668 1240,1668 1240,1669 1241,1669 1241,1670 1379,1670 1379,1669 1380,1669 1380,1668 1385,1668 1385,1670 1386,1670 1386,1690 1408,1690 1408,1691 1551,1691 1551,1675 1552,1675 1552,1674 1553,1674 1553,1673 1554,1673 1554,1672 1566,1672 1566,1670 1567,1670 1567,1669 1568,1669 1568,1668 1570,1668 1570,1669 1571,1669 1571,1689 1626,1689 1626,1690 1630,1690 1630,1691 1632,1691 1632,1692 1651,1692 1651,1714 1652,1714 1652,1716 1651,1716 1651,1717 1650,1717 1650,1718 1647,1718 1647,1719 1647,1718 1583,1718 1583,1717 1467,1717 1467,1718 1396,1718 1396,1719 1395,1719 1395,1724 1394,1724 1394,1729 1393,1729 1393,1733 1392,1733 1392,1735 1388,1735 1388,1719 1373,1719 1373,1718 1245,1718 1245,1719 1206,1719 1206,1718 1038,1718 1038,1719 1037,1719 1037,1729 1036,1729 1036,1731 1035,1731 1035,1732 974,1732 974,1734 914,1734 914,1733 912,1733 912,1732 911,1732 911,1719 792,1719 792,1720 747,1720 747,1726 746,1726 746,1727 745,1727 745,1732 744,1732 744,1733 741,1733 741,1732 740,1732 740,1731 739,1731 739,1720 437,1720 437,1721 431,1721 431,1720 322,1720 322,1722 321,1722 321,1725 320,1725 320,1729 319,1729 319,1732 318,1732 318,1735 317,1735 317,1736 314,1736 314,1735 313,1735 313,1722 242,1722 242,1721 240,1721 240,1720 239,1720 239,1719 237,1719 237,1718 236,1718 236,1717 235,1717 235,1716 234,1716 234,1715 233,1715 233,1707 234,1707 234,1706 235,1706 235,1704 236,1704 236,1703 237,1703 237,1702 238,1702 238,1701 239,1701 239,1700 240,1700 240,1699 241,1699 241,1698 242,1698 242,1697 245,1697 245,1696 251,1696 251,1695 263,1695 263,1694 293,1694 293,1685 294,1685 294,1682 295,1682 295,1680 296,1680 296,1678 297,1678 297,1676 298,1676 298,1674 299,1674 299,1673 300,1673 300,1672 302,1672 302,1671 303,1671 303,1672 305,1672 305,1693 510,1693 510,1671 511,1671 511,1670 514,1670 514,1671 515,1671 515,1672 516,1672 516,1673 517,1673 517,1675 518,1675 518,1677 519,1677 519,1680 520,1680 520,1681 521,1681 521,1683 522,1683 522,1692 556,1692 556,1693 768,1693 768,1692 784,1692 784,1670 891,1670 891,1671 892,1671 892,1672 894,1672 894,1673 895,1673 895,1674 1021,1674 1021,1673 1022,1673 1022,1671 1023,1671 1023,1670 1024,1670 1024,1669 1026,1669"/>
	<Word id="r214">
	<Coords points="303,1671 303,1672 305,1672 305,1693 441,1693 441,1694 442,1694 442,1710 444,1710 444,1715 443,1715 443,1716 442,1716 442,1717 441,1717 441,1718 440,1718 440,1719 439,1719 439,1720 437,1720 437,1721 431,1721 431,1720 322,1720 322,1722 321,1722 321,1725 320,1725 320,1729 319,1729 319,1732 318,1732 318,1735 317,1735 317,1736 314,1736 314,1735 313,1735 313,1722 242,1722 242,1721 240,1721 240,1720 239,1720 239,1719 237,1719 237,1718 236,1718 236,1717 235,1717 235,1716 234,1716 234,1715 233,1715 233,1707 234,1707 234,1706 235,1706 235,1704 236,1704 236,1703 237,1703 237,1702 238,1702 238,1701 239,1701 239,1700 240,1700 240,1699 241,1699 241,1698 242,1698 242,1697 245,1697 245,1696 251,1696 251,1695 263,1695 263,1694 293,1694 293,1685 294,1685 294,1682 295,1682 295,1680 296,1680 296,1678 297,1678 297,1676 298,1676 298,1674 299,1674 299,1673 300,1673 300,1672 302,1672 302,1671"/>
	<TextEquiv>
	<Unicode>σώμασι</Unicode></TextEquiv></Word>
	<Word id="r215">
	<Coords points="514,1670 514,1671 515,1671 515,1672 516,1672 516,1673 517,1673 517,1675 518,1675 518,1677 519,1677 519,1680 520,1680 520,1681 521,1681 521,1683 522,1683 522,1692 556,1692 556,1693 558,1693 558,1694 559,1694 559,1696 560,1696 559,1696 559,1701 558,1701 558,1703 557,1703 557,1705 556,1705 556,1707 555,1707 555,1708 554,1708 554,1709 553,1709 553,1710 552,1710 552,1711 551,1711 551,1712 550,1712 550,1713 549,1713 549,1714 548,1714 548,1715 546,1715 546,1716 544,1716 544,1717 543,1717 543,1718 542,1718 542,1719 539,1719 539,1720 481,1720 481,1717 480,1717 480,1705 474,1705 474,1704 472,1704 472,1698 473,1698 473,1696 474,1696 474,1695 475,1695 475,1694 510,1694 510,1671 511,1671 511,1670"/>
	<TextEquiv>
	<Unicode>τὸν</Unicode></TextEquiv></Word>
	<Word id="r216">
	<Coords points="788,1670 788,1671 789,1671 789,1672 790,1672 790,1673 791,1673 791,1675 792,1675 792,1677 793,1677 793,1680 794,1680 794,1681 795,1681 795,1683 796,1683 796,1692 833,1692 833,1693 834,1693 834,1696 835,1696 834,1696 834,1701 833,1701 833,1703 832,1703 832,1704 831,1704 831,1706 829,1706 829,1708 828,1708 828,1709 827,1709 827,1711 826,1711 826,1712 825,1712 825,1713 823,1713 823,1714 821,1714 821,1715 820,1715 820,1716 819,1716 819,1717 817,1717 817,1718 813,1718 813,1719 792,1719 792,1720 747,1720 747,1726 746,1726 746,1727 745,1727 745,1732 744,1732 744,1733 741,1733 741,1732 740,1732 740,1731 739,1731 739,1720 608,1720 608,1719 606,1719 606,1706 600,1706 600,1705 598,1705 598,1699 599,1699 599,1697 600,1697 600,1695 601,1695 601,1694 619,1694 619,1693 768,1693 768,1692 784,1692 784,1670"/>
	<TextEquiv>
	<Unicode>ποταμὸν</Unicode></TextEquiv></Word>
	<Word id="r217">
	<Coords points="1026,1668 1028,1668 1028,1669 1029,1669 1029,1690 1119,1690 1119,1691 1121,1691 1121,1692 1122,1692 1122,1700 1121,1700 1121,1703 1120,1703 1120,1705 1119,1705 1119,1707 1118,1707 1118,1709 1117,1709 1117,1710 1116,1710 1116,1711 1115,1711 1115,1713 1113,1713 1113,1714 1112,1714 1112,1715 1111,1715 1111,1716 1109,1716 1109,1717 1080,1717 1080,1718 1038,1718 1038,1719 1037,1719 1037,1729 1036,1729 1036,1731 1035,1731 1035,1732 974,1732 974,1734 914,1734 914,1733 912,1733 912,1732 911,1732 911,1719 887,1719 887,1718 882,1718 882,1717 879,1717 879,1716 877,1716 877,1715 876,1715 876,1713 875,1713 875,1711 874,1711 874,1704 875,1704 875,1701 876,1701 876,1699 877,1699 877,1697 878,1697 878,1696 880,1696 880,1694 882,1694 882,1693 884,1693 884,1692 885,1692 885,1673 886,1673 886,1671 888,1671 888,1670 891,1670 891,1671 892,1671 892,1672 894,1672 894,1673 895,1673 895,1674 1021,1674 1021,1673 1022,1673 1022,1671 1023,1671 1023,1670 1024,1670 1024,1669 1026,1669"/>
	<TextEquiv>
	<Unicode>ἐγεφύρου</Unicode></TextEquiv></Word>
	<Word id="r219">
	<Coords points="1240,1668 1240,1669 1241,1669 1241,1670 1242,1670 1242,1671 1243,1671 1243,1672 1244,1672 1244,1675 1245,1675 1245,1677 1246,1677 1246,1680 1247,1680 1247,1683 1248,1683 1248,1685 1249,1685 1249,1688 1250,1688 1250,1706 1253,1706 1253,1710 1252,1710 1252,1712 1251,1712 1251,1714 1250,1714 1250,1715 1249,1715 1249,1716 1248,1716 1248,1717 1247,1717 1247,1718 1245,1718 1245,1719 1206,1719 1206,1718 1167,1718 1167,1717 1166,1717 1166,1716 1165,1716 1165,1714 1166,1714 1166,1712 1167,1712 1167,1710 1168,1710 1168,1708 1169,1708 1169,1707 1170,1707 1170,1703 1171,1703 1171,1699 1172,1699 1172,1695 1173,1695 1173,1692 1175,1692 1175,1691 1192,1691 1192,1690 1236,1690 1236,1670 1237,1670 1237,1669 1238,1669 1238,1668"/>
	<TextEquiv>
	<Unicode>καὶ</Unicode></TextEquiv></Word>
	<Word id="r220">
	<Coords points="1385,1668 1385,1670 1386,1670 1386,1690 1408,1690 1408,1691 1450,1691 1450,1692 1451,1692 1451,1706 1453,1706 1453,1707 1455,1707 1455,1709 1467,1709 1467,1710 1469,1710 1469,1716 1468,1716 1468,1717 1467,1717 1467,1718 1396,1718 1396,1719 1395,1719 1395,1724 1394,1724 1394,1729 1393,1729 1393,1733 1392,1733 1392,1735 1388,1735 1388,1719 1373,1719 1373,1718 1327,1718 1327,1717 1303,1717 1303,1716 1301,1716 1301,1715 1299,1715 1299,1714 1298,1714 1298,1713 1297,1713 1297,1709 1296,1709 1296,1708 1295,1708 1295,1704 1296,1704 1296,1701 1297,1701 1297,1698 1298,1698 1298,1697 1299,1697 1299,1696 1300,1696 1300,1695 1301,1695 1301,1694 1302,1694 1302,1693 1304,1693 1304,1692 1306,1692 1306,1691 1308,1691 1308,1672 1309,1672 1309,1671 1311,1671 1311,1670 1379,1670 1379,1669 1380,1669 1380,1668"/>
	<TextEquiv>
	<Unicode>ἐπέρα.</Unicode></TextEquiv></Word>
	<Word id="r221">
	<Coords points="1570,1668 1570,1669 1571,1669 1571,1689 1626,1689 1626,1690 1630,1690 1630,1691 1632,1691 1632,1692 1651,1692 1651,1714 1652,1714 1652,1716 1651,1716 1651,1717 1650,1717 1650,1718 1647,1718 1647,1719 1647,1718 1583,1718 1583,1717 1551,1717 1551,1716 1550,1716 1550,1715 1549,1715 1549,1714 1548,1714 1548,1713 1547,1713 1547,1712 1546,1712 1546,1710 1545,1710 1545,1702 1546,1702 1546,1700 1547,1700 1547,1697 1548,1697 1548,1696 1549,1696 1549,1695 1550,1695 1550,1694 1551,1694 1551,1675 1552,1675 1552,1674 1553,1674 1553,1673 1554,1673 1554,1672 1566,1672 1566,1670 1567,1670 1567,1669 1568,1669 1568,1668"/>
	<TextEquiv>
	<Unicode>ὅσοι</Unicode></TextEquiv></Word>
	<TextEquiv>
	<Unicode>σώμασι τὸν ποταμὸν ἐγεφύρου καὶ ἐπέρα. ὅσοι</Unicode></TextEquiv></TextLine>
	<TextLine id="r31">
	<Coords points="593,1738 593,1739 594,1739 594,1740 595,1740 595,1742 596,1742 596,1744 597,1744 597,1745 598,1745 598,1747 700,1747 700,1746 701,1746 701,1745 702,1745 702,1744 704,1744 704,1743 710,1743 710,1744 815,1744 815,1743 817,1743 817,1742 818,1742 818,1741 820,1741 820,1740 828,1740 828,1741 830,1741 830,1742 831,1742 831,1743 832,1743 832,1744 834,1744 834,1746 835,1746 835,1747 950,1747 950,1746 952,1746 952,1745 953,1745 953,1744 955,1744 955,1743 958,1743 958,1744 1061,1744 1061,1740 1062,1740 1062,1739 1165,1739 1165,1738 1168,1738 1168,1739 1169,1739 1169,1745 1218,1745 1218,1746 1219,1746 1219,1747 1221,1747 1221,1748 1223,1748 1223,1749 1224,1749 1224,1750 1225,1750 1225,1751 1226,1751 1226,1752 1227,1752 1227,1754 1228,1754 1228,1756 1229,1756 1229,1758 1230,1758 1230,1760 1388,1760 1388,1740 1389,1740 1389,1739 1395,1739 1395,1740 1397,1740 1397,1741 1398,1741 1398,1742 1490,1742 1490,1743 1491,1743 1491,1744 1492,1744 1492,1759 1597,1759 1597,1747 1598,1747 1598,1745 1599,1745 1599,1744 1600,1744 1600,1743 1601,1743 1601,1742 1603,1742 1603,1741 1612,1741 1612,1742 1614,1742 1614,1743 1615,1743 1615,1744 1616,1744 1616,1745 1617,1745 1617,1759 1632,1759 1632,1760 1635,1760 1635,1761 1637,1761 1637,1762 1638,1762 1638,1764 1639,1764 1639,1777 1650,1777 1650,1778 1652,1778 1652,1780 1653,1780 1653,1783 1654,1783 1654,1786 1653,1786 1653,1789 1652,1789 1652,1790 1651,1790 1651,1792 1650,1792 1650,1793 1647,1793 1647,1794 1645,1794 1645,1791 1625,1791 1625,1787 1483,1787 1483,1788 1481,1788 1481,1795 1480,1795 1480,1799 1479,1799 1479,1802 1478,1802 1478,1803 1476,1803 1476,1802 1475,1802 1475,1787 1308,1787 1308,1788 1307,1788 1307,1789 1306,1789 1306,1790 1305,1790 1305,1791 1303,1791 1303,1792 1301,1792 1301,1791 1299,1791 1299,1787 1161,1787 1161,1788 1071,1788 1071,1790 1070,1790 1070,1794 1069,1794 1069,1798 1068,1798 1068,1799 1067,1799 1067,1800 961,1800 961,1801 958,1801 958,1800 957,1800 957,1787 824,1787 824,1788 820,1788 820,1789 802,1789 802,1790 801,1790 801,1795 800,1795 800,1797 799,1797 799,1798 712,1798 712,1799 711,1799 711,1801 708,1801 708,1800 707,1800 707,1799 706,1799 706,1789 546,1789 546,1788 435,1788 435,1789 343,1789 343,1791 342,1791 342,1792 341,1792 341,1798 340,1798 340,1801 339,1801 339,1802 334,1802 334,1790 242,1790 242,1789 239,1789 239,1788 238,1788 238,1787 237,1787 237,1786 236,1786 236,1785 235,1785 235,1784 234,1784 234,1781 233,1781 233,1777 234,1777 234,1774 235,1774 235,1773 236,1773 236,1772 237,1772 237,1771 238,1771 238,1744 239,1744 239,1743 240,1743 240,1742 242,1742 242,1741 341,1741 341,1742 342,1742 342,1743 343,1743 343,1744 344,1744 344,1745 345,1745 345,1763 451,1763 451,1762 519,1762 519,1742 520,1742 520,1741 523,1741 523,1740 589,1740 589,1738"/>
	<Word id="r222">
	<Coords points="245,1741 245,1742 269,1742 269,1743 271,1743 271,1744 273,1744 273,1746 274,1746 274,1753 273,1753 273,1755 272,1755 272,1756 270,1756 270,1757 268,1757 268,1758 259,1758 259,1781 258,1781 258,1783 257,1783 257,1784 256,1784 256,1785 255,1785 255,1787 253,1787 253,1788 252,1788 252,1789 249,1789 249,1790 242,1790 242,1789 239,1789 239,1788 238,1788 238,1787 237,1787 237,1786 236,1786 236,1785 235,1785 235,1784 234,1784 234,1781 233,1781 233,1777 234,1777 234,1774 235,1774 235,1773 236,1773 236,1772 237,1772 237,1771 238,1771 238,1744 239,1744 239,1743 240,1743 240,1742 242,1742 242,1741"/>
	<TextEquiv>
	<Unicode>δ᾽</Unicode></TextEquiv></Word>
	<Word id="r223">
	<Coords points="341,1741 341,1742 342,1742 342,1743 343,1743 343,1744 344,1744 344,1745 345,1745 345,1763 451,1763 451,1762 453,1762 453,1763 454,1763 454,1764 455,1764 455,1769 454,1769 454,1771 453,1771 453,1773 452,1773 452,1775 451,1775 451,1777 450,1777 450,1778 449,1778 449,1779 448,1779 448,1780 447,1780 447,1781 446,1781 446,1782 444,1782 444,1783 443,1783 443,1784 442,1784 442,1785 441,1785 441,1786 438,1786 438,1787 437,1787 437,1788 435,1788 435,1789 343,1789 343,1791 342,1791 342,1792 341,1792 341,1798 340,1798 340,1801 339,1801 339,1802 334,1802 334,1787 321,1787 321,1771 318,1771 318,1767 319,1767 319,1766 320,1766 320,1765 322,1765 322,1764 324,1764 324,1763 327,1763 327,1746 328,1746 328,1745 329,1745 329,1744 330,1744 330,1743 333,1743 333,1742 336,1742 336,1741"/>
	<TextEquiv>
	<Unicode>ἦσαν</Unicode></TextEquiv></Word>
	<Word id="r224">
	<Coords points="593,1738 593,1739 594,1739 594,1740 595,1740 595,1742 596,1742 596,1744 597,1744 597,1745 598,1745 598,1747 599,1747 599,1750 600,1750 600,1752 601,1752 601,1754 602,1754 602,1764 604,1764 604,1765 605,1765 605,1766 606,1766 606,1769 607,1769 607,1772 608,1772 608,1778 607,1778 607,1781 606,1781 606,1782 605,1782 605,1783 604,1783 604,1785 602,1785 602,1787 600,1787 600,1788 596,1788 596,1789 546,1789 546,1788 510,1788 510,1787 508,1787 508,1786 507,1786 507,1785 506,1785 506,1784 505,1784 505,1781 504,1781 504,1778 505,1778 505,1775 506,1775 506,1773 507,1773 507,1771 508,1771 508,1770 509,1770 509,1768 510,1768 510,1767 512,1767 512,1765 514,1765 514,1764 515,1764 515,1763 519,1763 519,1742 520,1742 520,1741 523,1741 523,1740 589,1740 589,1738"/>
	<TextEquiv>
	<Unicode>ἀπὸ</Unicode></TextEquiv></Word>
	<Word id="r225">
	<Coords points="710,1743 710,1744 713,1744 713,1745 714,1745 714,1746 715,1746 715,1747 716,1747 716,1748 717,1748 717,1760 735,1760 735,1761 741,1761 741,1762 743,1762 743,1763 744,1763 744,1764 745,1764 745,1765 746,1765 746,1766 747,1766 747,1769 746,1769 746,1770 745,1770 745,1771 742,1771 742,1788 741,1788 741,1789 740,1789 740,1790 739,1790 739,1791 738,1791 738,1792 714,1792 714,1793 713,1793 713,1798 712,1798 712,1799 711,1799 711,1801 708,1801 708,1800 707,1800 707,1799 706,1799 706,1789 671,1789 671,1788 668,1788 668,1786 667,1786 667,1771 659,1771 659,1769 658,1769 658,1768 659,1768 659,1765 660,1765 660,1764 661,1764 661,1763 664,1763 664,1762 697,1762 697,1753 698,1753 698,1748 699,1748 699,1747 700,1747 700,1746 701,1746 701,1745 702,1745 702,1744 704,1744 704,1743"/>
	<TextEquiv>
	<Unicode>τῆς</Unicode></TextEquiv></Word>
	<Word id="r226">
	<Coords points="828,1740 828,1741 830,1741 830,1742 831,1742 831,1743 832,1743 832,1744 834,1744 834,1746 835,1746 835,1747 950,1747 950,1746 952,1746 952,1745 953,1745 953,1744 955,1744 955,1743 958,1743 958,1744 961,1744 961,1745 964,1745 964,1746 965,1746 965,1747 966,1747 966,1748 967,1748 967,1761 990,1761 990,1762 992,1762 992,1763 994,1763 994,1764 995,1764 995,1766 996,1766 996,1769 995,1769 995,1770 991,1770 991,1788 990,1788 990,1789 989,1789 989,1790 987,1790 987,1791 965,1791 965,1792 964,1792 964,1796 963,1796 963,1799 962,1799 962,1800 961,1800 961,1801 958,1801 958,1800 957,1800 957,1787 824,1787 824,1788 820,1788 820,1789 802,1789 802,1790 801,1790 801,1795 800,1795 800,1797 799,1797 799,1798 797,1798 797,1797 796,1797 796,1790 797,1790 797,1788 798,1788 798,1784 799,1784 799,1782 800,1782 800,1778 801,1778 801,1774 802,1774 802,1770 803,1770 803,1766 804,1766 804,1763 805,1763 805,1760 806,1760 806,1757 807,1757 807,1756 808,1756 808,1752 809,1752 809,1750 810,1750 810,1748 811,1748 811,1747 812,1747 812,1746 813,1746 813,1745 814,1745 814,1744 815,1744 815,1743 817,1743 817,1742 818,1742 818,1741 820,1741 820,1740"/>
	<TextEquiv>
	<Unicode>βουλῆς</Unicode></TextEquiv></Word>
	<Word id="r227">
	<Coords points="1067,1739 1067,1740 1068,1740 1068,1742 1069,1742 1069,1745 1070,1745 1070,1747 1071,1747 1071,1749 1072,1749 1072,1752 1073,1752 1073,1762 1074,1762 1074,1763 1075,1763 1075,1764 1076,1764 1076,1766 1077,1766 1077,1767 1076,1767 1076,1773 1075,1773 1075,1777 1074,1777 1074,1779 1073,1779 1073,1784 1072,1784 1072,1786 1071,1786 1071,1790 1070,1790 1070,1794 1069,1794 1069,1798 1068,1798 1068,1799 1067,1799 1067,1800 1062,1800 1062,1785 1051,1785 1051,1784 1050,1784 1050,1770 1046,1770 1046,1769 1045,1769 1045,1766 1046,1766 1046,1764 1048,1764 1048,1763 1049,1763 1049,1762 1050,1762 1050,1761 1052,1761 1052,1760 1056,1760 1056,1746 1057,1746 1057,1745 1058,1745 1058,1744 1061,1744 1061,1740 1062,1740 1062,1739"/>
	<TextEquiv>
	<Unicode>ἢ</Unicode></TextEquiv></Word>
	<Word id="r228">
	<Coords points="1168,1738 1168,1739 1169,1739 1169,1745 1218,1745 1218,1746 1219,1746 1219,1747 1221,1747 1221,1748 1223,1748 1223,1749 1224,1749 1224,1750 1225,1750 1225,1751 1226,1751 1226,1752 1227,1752 1227,1754 1228,1754 1228,1756 1229,1756 1229,1758 1230,1758 1230,1760 1307,1760 1307,1761 1310,1761 1310,1762 1312,1762 1312,1763 1313,1763 1313,1764 1314,1764 1314,1766 1315,1766 1315,1767 1314,1767 1314,1770 1310,1770 1310,1785 1309,1785 1309,1787 1308,1787 1308,1788 1307,1788 1307,1789 1306,1789 1306,1790 1305,1790 1305,1791 1303,1791 1303,1792 1301,1792 1301,1791 1299,1791 1299,1787 1161,1787 1161,1788 1159,1788 1159,1787 1142,1787 1142,1786 1140,1786 1140,1785 1139,1785 1139,1783 1138,1783 1138,1774 1139,1774 1139,1771 1140,1771 1140,1770 1141,1770 1141,1768 1142,1768 1142,1766 1144,1766 1144,1764 1146,1764 1146,1763 1148,1763 1148,1762 1149,1762 1149,1743 1150,1743 1150,1741 1152,1741 1152,1740 1164,1740 1164,1739 1165,1739 1165,1738"/>
	<TextEquiv>
	<Unicode>ἄλλως</Unicode></TextEquiv></Word>
	<Word id="r229">
	<Coords points="1395,1739 1395,1740 1397,1740 1397,1741 1398,1741 1398,1742 1490,1742 1490,1743 1491,1743 1491,1744 1492,1744 1492,1759 1597,1759 1597,1747 1598,1747 1598,1745 1599,1745 1599,1744 1600,1744 1600,1743 1601,1743 1601,1742 1603,1742 1603,1741 1612,1741 1612,1742 1614,1742 1614,1743 1615,1743 1615,1744 1616,1744 1616,1745 1617,1745 1617,1759 1632,1759 1632,1760 1635,1760 1635,1761 1637,1761 1637,1762 1638,1762 1638,1764 1639,1764 1639,1777 1650,1777 1650,1778 1652,1778 1652,1780 1653,1780 1653,1783 1654,1783 1654,1786 1653,1786 1653,1789 1652,1789 1652,1790 1651,1790 1651,1792 1650,1792 1650,1793 1647,1793 1647,1794 1645,1794 1645,1791 1625,1791 1625,1787 1483,1787 1483,1788 1481,1788 1481,1795 1480,1795 1480,1799 1479,1799 1479,1802 1478,1802 1478,1803 1476,1803 1476,1802 1475,1802 1475,1787 1388,1787 1388,1786 1384,1786 1384,1785 1381,1785 1381,1784 1379,1784 1379,1783 1378,1783 1378,1781 1377,1781 1377,1779 1376,1779 1376,1775 1375,1775 1375,1774 1376,1774 1376,1770 1377,1770 1377,1768 1378,1768 1378,1766 1379,1766 1379,1765 1380,1765 1380,1764 1381,1764 1381,1763 1382,1763 1382,1762 1384,1762 1384,1761 1386,1761 1386,1760 1388,1760 1388,1740 1389,1740 1389,1739"/>
	<TextEquiv>
	<Unicode>ἐπιφανεῖς,</Unicode></TextEquiv></Word>
	<TextEquiv>
	<Unicode>δ᾽ ἦσαν ἀπὸ τῆς βουλῆς ἢ ἄλλως ἐπιφανεῖς,</Unicode></TextEquiv></TextLine>
	<TextLine id="r42">
	<Coords points="1493,1806 1493,1807 1528,1807 1528,1808 1531,1808 1531,1809 1532,1809 1532,1810 1533,1810 1533,1811 1534,1811 1534,1812 1535,1812 1535,1813 1536,1813 1536,1815 1537,1815 1537,1819 1538,1819 1538,1827 1549,1827 1549,1828 1568,1828 1568,1829 1656,1829 1656,1830 1657,1830 1657,1837 1656,1837 1656,1838 1655,1838 1655,1840 1654,1840 1654,1842 1653,1842 1653,1843 1652,1843 1652,1845 1651,1845 1651,1846 1650,1846 1650,1847 1649,1847 1649,1848 1648,1848 1648,1849 1647,1849 1647,1850 1645,1850 1645,1851 1644,1851 1644,1852 1642,1852 1642,1853 1640,1853 1640,1854 1639,1854 1639,1855 1616,1855 1616,1856 1616,1855 1503,1855 1503,1856 1502,1856 1502,1860 1501,1860 1501,1863 1500,1863 1500,1865 1499,1865 1499,1866 1498,1866 1498,1865 1496,1865 1496,1856 1374,1856 1374,1857 1373,1857 1373,1858 1371,1858 1371,1859 1369,1859 1369,1860 1365,1860 1365,1856 1343,1856 1343,1855 1209,1855 1209,1857 1208,1857 1208,1858 1206,1858 1206,1859 1205,1859 1205,1860 1200,1860 1200,1856 1051,1856 1051,1855 940,1855 940,1856 937,1856 937,1857 783,1857 783,1858 782,1858 782,1859 779,1859 779,1860 775,1860 775,1857 652,1857 652,1858 651,1858 651,1857 509,1857 509,1858 471,1858 471,1870 470,1870 470,1872 469,1872 469,1873 468,1873 468,1874 467,1874 467,1875 465,1875 465,1876 462,1876 462,1877 461,1877 461,1876 433,1876 433,1873 358,1873 358,1872 357,1872 357,1859 241,1859 241,1863 240,1863 240,1867 239,1867 239,1871 238,1871 238,1873 236,1873 236,1874 233,1874 233,1871 232,1871 233,1871 233,1867 234,1867 234,1864 235,1864 235,1860 236,1860 236,1856 237,1856 237,1854 238,1854 238,1848 239,1848 239,1845 240,1845 240,1841 241,1841 241,1837 242,1837 242,1834 243,1834 243,1833 244,1833 244,1832 284,1832 284,1831 424,1831 424,1830 499,1830 499,1821 500,1821 500,1818 501,1818 501,1816 502,1816 502,1815 503,1815 503,1814 504,1814 504,1813 506,1813 506,1812 513,1812 513,1813 516,1813 516,1814 517,1814 517,1815 518,1815 518,1817 519,1817 519,1819 520,1819 520,1830 652,1830 652,1811 653,1811 653,1810 654,1810 654,1809 745,1809 745,1807 749,1807 749,1808 750,1808 750,1810 751,1810 751,1813 752,1813 752,1814 753,1814 753,1817 754,1817 754,1829 859,1829 859,1816 860,1816 860,1812 861,1812 861,1811 862,1811 862,1810 864,1810 864,1809 931,1809 931,1808 932,1808 932,1807 1028,1807 1028,1808 1032,1808 1032,1809 1033,1809 1033,1811 1034,1811 1034,1812 1035,1812 1035,1816 1036,1816 1036,1828 1172,1828 1172,1817 1173,1817 1173,1815 1174,1815 1174,1814 1175,1814 1175,1813 1177,1813 1177,1812 1179,1812 1179,1811 1185,1811 1185,1812 1186,1812 1186,1813 1188,1813 1188,1814 1189,1814 1189,1816 1190,1816 1190,1828 1337,1828 1337,1819 1338,1819 1338,1815 1339,1815 1339,1814 1340,1814 1340,1812 1342,1812 1342,1811 1344,1811 1344,1810 1489,1810 1489,1808 1490,1808 1490,1807 1491,1807 1491,1806"/>
	<Word id="r275">
	<Coords points="513,1812 513,1813 516,1813 516,1814 517,1814 517,1815 518,1815 518,1817 519,1817 519,1819 520,1819 520,1830 545,1830 545,1832 546,1832 546,1836 545,1836 545,1840 544,1840 544,1841 543,1841 543,1843 542,1843 542,1844 541,1844 541,1845 540,1845 540,1847 539,1847 539,1848 538,1848 538,1849 537,1849 537,1850 536,1850 536,1851 535,1851 535,1852 533,1852 533,1853 532,1853 532,1854 529,1854 529,1855 527,1855 527,1856 526,1856 526,1857 509,1857 509,1858 471,1858 471,1870 470,1870 470,1872 469,1872 469,1873 468,1873 468,1874 467,1874 467,1875 465,1875 465,1876 462,1876 462,1877 461,1877 461,1876 433,1876 433,1873 358,1873 358,1872 357,1872 357,1859 241,1859 241,1863 240,1863 240,1867 239,1867 239,1871 238,1871 238,1873 236,1873 236,1874 233,1874 233,1871 232,1871 233,1871 233,1867 234,1867 234,1864 235,1864 235,1860 236,1860 236,1856 237,1856 237,1854 238,1854 238,1848 239,1848 239,1845 240,1845 240,1841 241,1841 241,1837 242,1837 242,1834 243,1834 243,1833 244,1833 244,1832 284,1832 284,1831 424,1831 424,1830 499,1830 499,1821 500,1821 500,1818 501,1818 501,1816 502,1816 502,1815 503,1815 503,1814 504,1814 504,1813 506,1813 506,1812"/>
	<TextEquiv>
	<Unicode>μονομαχεῖν</Unicode></TextEquiv></Word>
	<Word id="r276">
	<Coords points="749,1807 749,1808 750,1808 750,1810 751,1810 751,1813 752,1813 752,1814 753,1814 753,1817 754,1817 754,1829 781,1829 781,1830 783,1830 783,1831 786,1831 786,1832 787,1832 787,1833 788,1833 788,1834 789,1834 789,1835 790,1835 790,1837 789,1837 789,1838 788,1838 788,1839 787,1839 787,1840 785,1840 785,1855 784,1855 784,1856 783,1856 783,1858 782,1858 782,1859 779,1859 779,1860 775,1860 775,1857 652,1857 652,1858 651,1858 651,1857 608,1857 608,1856 607,1856 607,1855 606,1855 606,1853 605,1853 605,1850 604,1850 604,1846 605,1846 605,1843 606,1843 606,1841 607,1841 607,1840 608,1840 608,1838 609,1838 609,1837 610,1837 610,1836 611,1836 611,1835 612,1835 612,1834 613,1834 613,1833 614,1833 614,1832 616,1832 616,1831 618,1831 618,1830 652,1830 652,1811 653,1811 653,1810 654,1810 654,1809 745,1809 745,1807"/>
	<TextEquiv>
	<Unicode>αὐτοὺς</Unicode></TextEquiv></Word>
	<Word id="r277">
	<Coords points="935,1807 935,1808 936,1808 936,1809 937,1809 937,1811 938,1811 938,1812 939,1812 939,1815 940,1815 940,1817 941,1817 941,1819 942,1819 942,1821 943,1821 943,1830 944,1830 944,1831 945,1831 945,1832 946,1832 946,1833 947,1833 947,1834 948,1834 948,1836 949,1836 949,1840 950,1840 950,1842 949,1842 949,1848 948,1848 948,1849 947,1849 947,1851 945,1851 945,1853 943,1853 943,1854 942,1854 942,1855 940,1855 940,1856 937,1856 937,1857 858,1857 858,1856 856,1856 856,1855 854,1855 854,1854 853,1854 853,1835 851,1835 851,1834 850,1834 851,1834 851,1833 852,1833 852,1832 853,1832 853,1831 859,1831 859,1816 860,1816 860,1812 861,1812 861,1811 862,1811 862,1810 864,1810 864,1809 931,1809 931,1808 932,1808 932,1807"/>
	<TextEquiv>
	<Unicode>ὑπὸ</Unicode></TextEquiv></Word>
	<Word id="r278">
	<Coords points="1028,1807 1028,1808 1032,1808 1032,1809 1033,1809 1033,1811 1034,1811 1034,1812 1035,1812 1035,1816 1036,1816 1036,1828 1172,1828 1172,1817 1173,1817 1173,1815 1174,1815 1174,1814 1175,1814 1175,1813 1177,1813 1177,1812 1179,1812 1179,1811 1185,1811 1185,1812 1186,1812 1186,1813 1188,1813 1188,1814 1189,1814 1189,1816 1190,1816 1190,1828 1205,1828 1205,1829 1209,1829 1209,1830 1211,1830 1211,1831 1213,1831 1213,1832 1214,1832 1214,1833 1215,1833 1215,1838 1213,1838 1213,1839 1210,1839 1210,1855 1209,1855 1209,1857 1208,1857 1208,1858 1206,1858 1206,1859 1205,1859 1205,1860 1200,1860 1200,1856 1051,1856 1051,1855 1011,1855 1011,1854 1009,1854 1009,1853 1008,1853 1008,1850 1007,1850 1007,1838 1008,1838 1008,1833 1009,1833 1009,1830 1010,1830 1010,1825 1011,1825 1011,1822 1012,1822 1012,1821 1013,1821 1013,1820 1014,1820 1014,1819 1015,1819 1015,1817 1016,1817 1016,1815 1017,1815 1017,1814 1018,1814 1018,1813 1019,1813 1019,1812 1020,1812 1020,1811 1021,1811 1021,1810 1022,1810 1022,1809 1024,1809 1024,1808 1027,1808 1027,1807"/>
	<TextEquiv>
	<Unicode>θεαταῖς</Unicode></TextEquiv></Word>
	<Word id="r279">
	<Coords points="1351,1810 1351,1811 1353,1811 1353,1812 1354,1812 1354,1813 1355,1813 1355,1814 1356,1814 1356,1815 1357,1815 1357,1817 1358,1817 1358,1828 1372,1828 1372,1829 1375,1829 1375,1830 1377,1830 1377,1832 1378,1832 1378,1833 1379,1833 1379,1834 1380,1834 1380,1836 1379,1836 1379,1837 1378,1837 1378,1838 1376,1838 1376,1853 1375,1853 1375,1856 1374,1856 1374,1857 1373,1857 1373,1858 1371,1858 1371,1859 1369,1859 1369,1860 1365,1860 1365,1856 1343,1856 1343,1855 1286,1855 1286,1854 1285,1854 1285,1840 1279,1840 1279,1839 1276,1839 1276,1832 1277,1832 1277,1830 1280,1830 1280,1829 1283,1829 1283,1828 1337,1828 1337,1819 1338,1819 1338,1815 1339,1815 1339,1814 1340,1814 1340,1812 1342,1812 1342,1811 1344,1811 1344,1810"/>
	<TextEquiv>
	<Unicode>τοῖς</Unicode></TextEquiv></Word>
	<Word id="r280">
	<Coords points="1491,1806 1493,1806 1493,1807 1528,1807 1528,1808 1531,1808 1531,1809 1532,1809 1532,1810 1533,1810 1533,1811 1534,1811 1534,1812 1535,1812 1535,1813 1536,1813 1536,1815 1537,1815 1537,1819 1538,1819 1538,1827 1549,1827 1549,1828 1568,1828 1568,1829 1656,1829 1656,1830 1657,1830 1657,1837 1656,1837 1656,1838 1655,1838 1655,1840 1654,1840 1654,1842 1653,1842 1653,1843 1652,1843 1652,1845 1651,1845 1651,1846 1650,1846 1650,1847 1649,1847 1649,1848 1648,1848 1648,1849 1647,1849 1647,1850 1645,1850 1645,1851 1644,1851 1644,1852 1642,1852 1642,1853 1640,1853 1640,1854 1639,1854 1639,1855 1616,1855 1616,1856 1616,1855 1503,1855 1503,1856 1502,1856 1502,1860 1501,1860 1501,1863 1500,1863 1500,1865 1499,1865 1499,1866 1498,1866 1498,1865 1496,1865 1496,1856 1434,1856 1434,1855 1428,1855 1428,1853 1429,1853 1429,1852 1432,1852 1432,1851 1435,1851 1435,1849 1436,1849 1436,1846 1437,1846 1437,1843 1438,1843 1438,1839 1439,1839 1439,1837 1440,1837 1440,1835 1441,1835 1441,1832 1442,1832 1442,1829 1443,1829 1443,1827 1444,1827 1444,1824 1445,1824 1445,1822 1446,1822 1446,1820 1447,1820 1447,1816 1448,1816 1448,1814 1449,1814 1449,1812 1450,1812 1450,1810 1489,1810 1489,1808 1490,1808 1490,1807 1491,1807"/>
	<TextEquiv>
	<Unicode>Λίβυσιν</Unicode></TextEquiv></Word>
	<TextEquiv>
	<Unicode>μονομαχεῖν αὐτοὺς ὑπὸ θεαταῖς τοῖς Λίβυσιν</Unicode></TextEquiv></TextLine>
	<TextLine id="r44">
	<Coords points="1448,1874 1448,1875 1450,1875 1450,1876 1452,1876 1452,1877 1453,1877 1453,1878 1454,1878 1454,1879 1455,1879 1455,1880 1457,1880 1457,1881 1604,1881 1604,1880 1606,1880 1606,1879 1610,1879 1610,1880 1614,1880 1614,1881 1615,1881 1615,1882 1617,1882 1617,1884 1618,1884 1618,1885 1619,1885 1619,1897 1634,1897 1634,1898 1636,1898 1636,1900 1637,1900 1637,1901 1639,1901 1639,1902 1640,1902 1640,1917 1652,1917 1652,1918 1653,1918 1653,1919 1654,1919 1654,1921 1655,1921 1655,1925 1654,1925 1654,1927 1653,1927 1653,1929 1652,1929 1652,1930 1651,1930 1651,1931 1650,1931 1650,1932 1649,1932 1649,1933 1645,1933 1645,1928 1543,1928 1543,1932 1542,1932 1542,1940 1541,1940 1541,1941 1540,1941 1540,1942 1540,1941 1538,1941 1538,1940 1537,1940 1537,1924 1371,1924 1371,1925 1370,1925 1370,1926 1369,1926 1369,1927 1367,1927 1367,1928 1365,1928 1365,1929 1267,1929 1267,1931 1266,1931 1266,1938 1265,1938 1265,1941 1264,1941 1264,1942 1262,1942 1262,1941 1261,1941 1261,1925 985,1925 985,1926 984,1926 984,1927 983,1927 983,1928 982,1928 982,1929 978,1929 978,1928 977,1928 977,1925 764,1925 764,1926 763,1926 763,1928 762,1928 762,1929 760,1929 760,1930 757,1930 757,1931 683,1931 683,1937 682,1937 682,1939 681,1939 681,1941 679,1941 679,1942 678,1942 678,1941 677,1941 677,1927 516,1927 516,1929 515,1929 515,1930 514,1930 514,1931 513,1931 513,1932 511,1932 511,1933 508,1933 508,1934 507,1934 507,1933 505,1933 505,1927 357,1927 357,1931 356,1931 356,1933 355,1933 355,1938 354,1938 354,1940 352,1940 352,1941 349,1941 349,1940 250,1940 250,1928 241,1928 241,1927 240,1927 240,1926 238,1926 238,1924 237,1924 237,1911 234,1911 234,1908 235,1908 235,1906 236,1906 236,1905 237,1905 237,1904 238,1904 238,1902 240,1902 240,1901 250,1901 250,1881 251,1881 251,1880 325,1880 325,1879 326,1879 326,1878 329,1878 329,1879 330,1879 330,1899 497,1899 497,1898 665,1898 665,1891 666,1891 666,1888 667,1888 667,1886 668,1886 668,1885 669,1885 669,1881 670,1881 670,1878 671,1878 671,1877 672,1877 672,1876 676,1876 676,1879 677,1879 677,1898 833,1898 833,1897 906,1897 906,1880 907,1880 907,1878 908,1878 908,1877 909,1877 909,1876 911,1876 911,1875 914,1875 914,1876 916,1876 916,1880 964,1880 964,1881 966,1881 966,1882 967,1882 967,1883 968,1883 968,1885 969,1885 969,1898 1088,1898 1088,1876 1089,1876 1089,1875 1170,1875 1170,1876 1173,1876 1173,1877 1174,1877 1174,1878 1176,1878 1176,1879 1177,1879 1177,1880 1333,1880 1333,1876 1334,1876 1334,1875 1442,1875 1442,1874"/>
	<Word id="r282">
	<Coords points="329,1878 329,1879 330,1879 330,1899 497,1899 497,1898 500,1898 500,1899 502,1899 502,1900 503,1900 503,1902 504,1902 504,1915 513,1915 513,1916 515,1916 515,1917 516,1917 516,1918 517,1918 517,1922 518,1922 518,1923 517,1923 517,1927 516,1927 516,1929 515,1929 515,1930 514,1930 514,1931 513,1931 513,1932 511,1932 511,1933 508,1933 508,1934 507,1934 507,1933 505,1933 505,1927 357,1927 357,1931 356,1931 356,1933 355,1933 355,1938 354,1938 354,1940 352,1940 352,1941 349,1941 349,1940 250,1940 250,1928 241,1928 241,1927 240,1927 240,1926 238,1926 238,1924 237,1924 237,1911 234,1911 234,1908 235,1908 235,1906 236,1906 236,1905 237,1905 237,1904 238,1904 238,1902 240,1902 240,1901 250,1901 250,1881 251,1881 251,1880 325,1880 325,1879 326,1879 326,1878"/>
	<TextEquiv>
	<Unicode>ἠνάγκασε,</Unicode></TextEquiv></Word>
	<Word id="r283">
	<Coords points="676,1876 676,1879 677,1879 677,1898 758,1898 758,1899 763,1899 763,1900 764,1900 764,1901 766,1901 766,1902 767,1902 767,1903 768,1903 768,1905 769,1905 769,1907 768,1907 768,1908 767,1908 767,1909 765,1909 765,1924 764,1924 764,1926 763,1926 763,1928 762,1928 762,1929 760,1929 760,1930 757,1930 757,1931 683,1931 683,1937 682,1937 682,1939 681,1939 681,1941 679,1941 679,1942 678,1942 678,1941 677,1941 677,1927 564,1927 564,1926 546,1926 546,1912 541,1912 541,1911 540,1911 540,1909 539,1909 540,1909 540,1905 541,1905 541,1902 542,1902 542,1901 543,1901 543,1900 551,1900 551,1899 600,1899 600,1898 665,1898 665,1891 666,1891 666,1888 667,1888 667,1886 668,1886 668,1885 669,1885 669,1881 670,1881 670,1878 671,1878 671,1877 672,1877 672,1876"/>
	<TextEquiv>
	<Unicode>πατέρας</Unicode></TextEquiv></Word>
	<Word id="r284">
	<Coords points="837,1897 837,1898 839,1898 839,1899 840,1899 840,1900 841,1900 841,1902 840,1902 840,1903 839,1903 839,1904 838,1904 838,1910 837,1910 837,1923 836,1923 836,1924 834,1924 834,1925 795,1925 795,1923 794,1923 794,1909 787,1909 787,1908 786,1908 786,1903 787,1903 787,1901 788,1901 788,1899 791,1899 791,1898 833,1898 833,1897"/>
	<TextEquiv>
	<Unicode>τε</Unicode></TextEquiv></Word>
	<Word id="r285">
	<Coords points="914,1875 914,1876 916,1876 916,1880 964,1880 964,1881 966,1881 966,1882 967,1882 967,1883 968,1883 968,1885 969,1885 969,1898 985,1898 985,1899 987,1899 987,1900 988,1900 988,1901 990,1901 990,1902 991,1902 991,1906 990,1906 990,1907 987,1907 987,1924 986,1924 986,1925 985,1925 985,1926 984,1926 984,1927 983,1927 983,1928 982,1928 982,1929 978,1929 978,1928 977,1928 977,1925 874,1925 874,1924 872,1924 872,1922 871,1922 871,1921 870,1921 870,1903 868,1903 868,1900 869,1900 869,1899 871,1899 871,1898 906,1898 906,1880 907,1880 907,1878 908,1878 908,1877 909,1877 909,1876 911,1876 911,1875"/>
	<TextEquiv>
	<Unicode>υἱοῖς</Unicode></TextEquiv></Word>
	<Word id="r286">
	<Coords points="1091,1875 1091,1876 1093,1876 1093,1878 1094,1878 1094,1882 1095,1882 1095,1883 1096,1883 1096,1885 1097,1885 1097,1888 1098,1888 1098,1890 1099,1890 1099,1914 1103,1914 1103,1917 1102,1917 1102,1918 1101,1918 1101,1919 1100,1919 1100,1921 1099,1921 1099,1922 1098,1922 1098,1923 1097,1923 1097,1924 1093,1924 1093,1925 1020,1925 1020,1924 1019,1924 1020,1924 1020,1916 1021,1916 1021,1913 1022,1913 1022,1910 1023,1910 1023,1908 1024,1908 1024,1904 1025,1904 1025,1901 1026,1901 1026,1899 1042,1899 1042,1898 1088,1898 1088,1876 1089,1876 1089,1875"/>
	<TextEquiv>
	<Unicode>καὶ</Unicode></TextEquiv></Word>
	<Word id="r287">
	<Coords points="1170,1875 1170,1876 1173,1876 1173,1877 1174,1877 1174,1878 1176,1878 1176,1879 1177,1879 1177,1880 1333,1880 1333,1876 1334,1876 1334,1875 1337,1875 1337,1876 1338,1876 1338,1878 1339,1878 1339,1881 1340,1881 1340,1884 1341,1884 1341,1888 1342,1888 1342,1891 1343,1891 1343,1896 1366,1896 1366,1897 1369,1897 1369,1898 1371,1898 1371,1899 1373,1899 1373,1900 1375,1900 1375,1902 1376,1902 1376,1905 1375,1905 1375,1906 1373,1906 1373,1907 1371,1907 1371,1925 1370,1925 1370,1926 1369,1926 1369,1927 1367,1927 1367,1928 1365,1928 1365,1929 1267,1929 1267,1931 1266,1931 1266,1938 1265,1938 1265,1941 1264,1941 1264,1942 1262,1942 1262,1941 1261,1941 1261,1925 1168,1925 1168,1924 1128,1924 1128,1923 1124,1923 1124,1922 1123,1922 1123,1919 1122,1919 1122,1911 1123,1911 1123,1909 1124,1909 1124,1907 1125,1907 1125,1906 1126,1906 1126,1904 1128,1904 1128,1902 1130,1902 1130,1901 1131,1901 1131,1900 1133,1900 1133,1899 1135,1899 1135,1898 1136,1898 1136,1879 1137,1879 1137,1877 1138,1877 1138,1876 1167,1876 1167,1875"/>
	<TextEquiv>
	<Unicode>ἀδελφοὺς</Unicode></TextEquiv></Word>
	<Word id="r288">
	<Coords points="1448,1874 1448,1875 1450,1875 1450,1876 1452,1876 1452,1877 1453,1877 1453,1878 1454,1878 1454,1879 1455,1879 1455,1880 1457,1880 1457,1881 1604,1881 1604,1880 1606,1880 1606,1879 1610,1879 1610,1880 1614,1880 1614,1881 1615,1881 1615,1882 1617,1882 1617,1884 1618,1884 1618,1885 1619,1885 1619,1897 1634,1897 1634,1898 1636,1898 1636,1900 1637,1900 1637,1901 1639,1901 1639,1902 1640,1902 1640,1917 1652,1917 1652,1918 1653,1918 1653,1919 1654,1919 1654,1921 1655,1921 1655,1925 1654,1925 1654,1927 1653,1927 1653,1929 1652,1929 1652,1930 1651,1930 1651,1931 1650,1931 1650,1932 1649,1932 1649,1933 1645,1933 1645,1928 1543,1928 1543,1932 1542,1932 1542,1940 1541,1940 1541,1941 1540,1941 1540,1942 1540,1941 1538,1941 1538,1940 1537,1940 1537,1924 1402,1924 1402,1923 1400,1923 1400,1922 1399,1922 1399,1921 1398,1921 1398,1919 1397,1919 1397,1912 1398,1912 1398,1909 1399,1909 1399,1908 1400,1908 1400,1906 1401,1906 1401,1904 1402,1904 1402,1903 1403,1903 1403,1902 1404,1902 1404,1901 1405,1901 1405,1900 1407,1900 1407,1899 1410,1899 1410,1898 1412,1898 1412,1878 1413,1878 1413,1876 1416,1876 1416,1875 1442,1875 1442,1874"/>
	<TextEquiv>
	<Unicode>ἀδελφοῖς,</Unicode></TextEquiv></Word>
	<TextEquiv>
	<Unicode>ἠνάγκασε, πατέρας τε υἱοῖς καὶ ἀδελφοὺς ἀδελφοῖς,</Unicode></TextEquiv></TextLine>
	<TextLine id="r46">
	<Coords points="915,1943 915,1944 916,1944 916,1945 917,1945 917,1966 1020,1966 1020,1949 1021,1949 1021,1947 1022,1947 1022,1946 1023,1946 1023,1945 1027,1945 1027,1946 1029,1946 1029,1947 1030,1947 1030,1948 1031,1948 1031,1949 1106,1949 1106,1950 1107,1950 1107,1951 1109,1951 1109,1952 1110,1952 1110,1954 1111,1954 1111,1966 1134,1966 1134,1967 1136,1967 1136,1968 1138,1968 1138,1969 1140,1969 1140,1971 1141,1971 1141,1973 1142,1973 1142,1984 1153,1984 1153,1985 1155,1985 1155,1987 1156,1987 1156,1991 1155,1991 1155,1993 1152,1993 1152,1994 1135,1994 1135,1995 1134,1995 1134,1996 1133,1996 1133,1997 1130,1997 1130,1998 1108,1998 1108,2001 1107,2001 1107,2003 1106,2003 1106,2005 1105,2005 1105,2006 1104,2006 1104,2007 1048,2007 1048,2008 1048,2007 1045,2007 1045,1998 868,1998 868,2007 867,2007 867,2008 866,2008 866,2009 863,2009 863,2008 862,2008 862,2007 785,2007 785,2006 784,2006 784,2005 783,2005 783,1995 557,1995 557,1996 554,1996 554,1995 431,1995 431,1996 280,1996 280,1997 244,1997 244,1996 240,1996 240,1995 239,1995 239,1994 237,1994 237,1992 236,1992 236,1991 235,1991 235,1980 236,1980 236,1978 237,1978 237,1976 238,1976 238,1975 239,1975 239,1974 241,1974 241,1973 242,1973 242,1972 243,1972 243,1971 245,1971 245,1970 248,1970 248,1969 276,1969 276,1950 277,1950 277,1949 280,1949 280,1948 304,1948 304,1947 305,1947 305,1946 336,1946 336,1947 422,1947 422,1948 423,1948 423,1949 425,1949 425,1951 426,1951 426,1953 534,1953 534,1952 535,1952 535,1949 536,1949 536,1947 537,1947 537,1945 539,1945 539,1944 542,1944 542,1945 543,1945 543,1946 544,1946 544,1968 691,1968 691,1967 694,1967 694,1952 695,1952 695,1949 696,1949 696,1948 698,1948 698,1947 705,1947 705,1948 706,1948 706,1966 868,1966 868,1954 869,1954 869,1952 870,1952 870,1950 907,1950 907,1949 908,1949 908,1947 909,1947 909,1945 910,1945 910,1944 912,1944 912,1943"/>
	<Word id="r289">
	<Coords points="336,1946 336,1947 337,1947 337,1948 338,1948 338,1950 339,1950 339,1952 340,1952 340,1955 341,1955 341,1957 342,1957 342,1958 343,1958 343,1961 344,1961 344,1968 376,1968 376,1969 377,1969 377,1970 378,1970 378,1975 377,1975 377,1978 376,1978 376,1979 375,1979 375,1981 374,1981 374,1983 373,1983 373,1985 371,1985 371,1986 370,1986 370,1987 369,1987 369,1988 367,1988 367,1989 366,1989 366,1990 365,1990 365,1991 364,1991 364,1992 362,1992 362,1993 361,1993 361,1994 358,1994 358,1995 355,1995 355,1996 280,1996 280,1997 244,1997 244,1996 240,1996 240,1995 239,1995 239,1994 237,1994 237,1992 236,1992 236,1991 235,1991 235,1980 236,1980 236,1978 237,1978 237,1976 238,1976 238,1975 239,1975 239,1974 241,1974 241,1973 242,1973 242,1972 243,1972 243,1971 245,1971 245,1970 248,1970 248,1969 276,1969 276,1950 277,1950 277,1949 280,1949 280,1948 304,1948 304,1947 305,1947 305,1946"/>
	<TextEquiv>
	<Unicode>οὐδὲν</Unicode></TextEquiv></Word>
	<Word id="r290">
	<Coords points="542,1944 542,1945 543,1945 543,1946 544,1946 544,1968 656,1968 656,1969 657,1969 657,1970 658,1970 658,1973 657,1973 657,1977 656,1977 656,1978 655,1978 655,1981 654,1981 654,1982 653,1982 653,1983 652,1983 652,1985 651,1985 651,1986 650,1986 650,1987 649,1987 649,1988 647,1988 647,1989 646,1989 646,1990 645,1990 645,1991 643,1991 643,1992 642,1992 642,1993 640,1993 640,1994 639,1994 639,1995 557,1995 557,1996 554,1996 554,1995 431,1995 431,1996 430,1996 430,1995 411,1995 411,1994 409,1994 409,1993 408,1993 408,1992 407,1992 407,1991 406,1991 406,1990 405,1990 405,1988 404,1988 404,1986 403,1986 403,1981 404,1981 404,1978 405,1978 405,1976 406,1976 406,1974 408,1974 408,1973 409,1973 409,1972 410,1972 410,1971 411,1971 411,1970 412,1970 412,1969 414,1969 414,1968 415,1968 415,1950 416,1950 416,1948 418,1948 418,1947 422,1947 422,1948 423,1948 423,1949 425,1949 425,1951 426,1951 426,1953 534,1953 534,1952 535,1952 535,1949 536,1949 536,1947 537,1947 537,1945 539,1945 539,1944"/>
	<TextEquiv>
	<Unicode>ἐκλείπων</Unicode></TextEquiv></Word>
	<Word id="r291">
	<Coords points="915,1943 915,1944 916,1944 916,1945 917,1945 917,1966 947,1966 947,1967 971,1967 971,1968 973,1968 973,1969 975,1969 975,1970 976,1970 976,1971 977,1971 977,1976 973,1976 973,1993 972,1993 972,1994 971,1994 971,1995 970,1995 970,1996 969,1996 969,1997 967,1997 967,1998 868,1998 868,2007 867,2007 867,2008 866,2008 866,2009 863,2009 863,2008 862,2008 862,2007 785,2007 785,2006 784,2006 784,2005 783,2005 783,1995 694,1995 694,1994 691,1994 691,1993 690,1993 690,1991 688,1991 688,1972 686,1972 686,1971 685,1971 686,1971 686,1970 687,1970 687,1969 689,1969 689,1968 691,1968 691,1967 694,1967 694,1952 695,1952 695,1949 696,1949 696,1948 698,1948 698,1947 705,1947 705,1948 706,1948 706,1966 868,1966 868,1954 869,1954 869,1952 870,1952 870,1950 907,1950 907,1949 908,1949 908,1947 909,1947 909,1945 910,1945 910,1944 912,1944 912,1943"/>
	<TextEquiv>
	<Unicode>ὑπεροψίας</Unicode></TextEquiv></Word>
	<Word id="r292">
	<Coords points="1027,1945 1027,1946 1029,1946 1029,1947 1030,1947 1030,1948 1031,1948 1031,1949 1106,1949 1106,1950 1107,1950 1107,1951 1109,1951 1109,1952 1110,1952 1110,1954 1111,1954 1111,1966 1134,1966 1134,1967 1136,1967 1136,1968 1138,1968 1138,1969 1140,1969 1140,1971 1141,1971 1141,1973 1142,1973 1142,1984 1153,1984 1153,1985 1155,1985 1155,1987 1156,1987 1156,1991 1155,1991 1155,1993 1152,1993 1152,1994 1135,1994 1135,1995 1134,1995 1134,1996 1133,1996 1133,1997 1130,1997 1130,1998 1108,1998 1108,2001 1107,2001 1107,2003 1106,2003 1106,2005 1105,2005 1105,2006 1104,2006 1104,2007 1048,2007 1048,2008 1048,2007 1045,2007 1045,1993 1012,1993 1012,1992 1011,1992 1011,1991 1009,1991 1009,1990 1008,1990 1008,1988 1007,1988 1007,1986 1006,1986 1006,1979 1007,1979 1007,1977 1008,1977 1008,1975 1009,1975 1009,1973 1010,1973 1010,1972 1011,1972 1011,1971 1012,1971 1012,1970 1013,1970 1013,1969 1014,1969 1014,1968 1020,1968 1020,1949 1021,1949 1021,1947 1022,1947 1022,1946 1023,1946 1023,1945"/>
	<TextEquiv>
	<Unicode>ὠμῆς.</Unicode></TextEquiv></Word>
	<TextEquiv>
	<Unicode>οὐδὲν ἐκλείπων ὑπεροψίας ὠμῆς.</Unicode></TextEquiv></TextLine>
	<TextLine id="r35">
	<Coords points="863,2012 867,2012 867,2013 870,2013 870,2014 871,2014 871,2015 1024,2015 1024,2013 1026,2013 1026,2012 1026,2013 1027,2013 1027,2014 1028,2014 1028,2015 1029,2015 1029,2017 1030,2017 1030,2018 1031,2018 1031,2021 1032,2021 1032,2023 1033,2023 1033,2025 1034,2025 1034,2029 1035,2029 1035,2035 1156,2035 1156,2034 1181,2034 1181,2013 1182,2013 1182,2012 1186,2012 1186,2013 1337,2013 1337,2012 1402,2012 1402,2014 1431,2014 1431,2015 1436,2015 1436,2016 1440,2016 1440,2017 1443,2017 1443,2018 1444,2018 1444,2019 1445,2019 1445,2020 1446,2020 1446,2022 1447,2022 1447,2034 1574,2034 1574,2025 1575,2025 1575,2022 1576,2022 1576,2021 1577,2021 1577,2018 1578,2018 1578,2015 1579,2015 1579,2013 1580,2013 1580,2012 1585,2012 1585,2013 1586,2013 1586,2034 1651,2034 1651,2035 1655,2035 1655,2036 1656,2036 1656,2037 1657,2037 1657,2038 1658,2038 1658,2043 1657,2043 1657,2044 1655,2044 1655,2060 1654,2060 1654,2062 1653,2062 1653,2063 1652,2063 1652,2064 1650,2064 1650,2065 1649,2065 1649,2066 1645,2066 1645,2065 1644,2065 1644,2062 1621,2062 1621,2061 1501,2061 1501,2063 1500,2063 1500,2068 1499,2068 1499,2070 1498,2070 1498,2074 1497,2074 1497,2075 1496,2075 1496,2076 1493,2076 1493,2075 1492,2075 1492,2061 1344,2061 1344,2062 1292,2062 1292,2061 1179,2061 1179,2062 1149,2062 1149,2061 1038,2061 1038,2062 998,2062 998,2063 934,2063 934,2062 814,2062 814,2063 810,2063 810,2064 808,2064 808,2063 568,2063 568,2064 496,2064 496,2063 377,2063 377,2064 351,2064 351,2063 307,2063 307,2062 306,2062 306,2034 307,2034 307,2030 308,2030 308,2028 309,2028 309,2027 310,2027 310,2025 312,2025 312,2023 314,2023 314,2022 350,2022 350,2021 421,2021 421,2018 428,2018 428,2017 553,2017 553,2015 554,2015 554,2014 639,2014 639,2015 664,2015 664,2016 665,2016 665,2017 666,2017 666,2019 667,2019 667,2021 668,2021 668,2023 669,2023 669,2026 670,2026 670,2027 671,2027 671,2036 804,2036 804,2026 805,2026 805,2022 806,2022 806,2021 807,2021 807,2020 808,2020 808,2019 810,2019 810,2018 862,2018 862,2013 863,2013"/>
	<Word id="r230">
	<Coords points="355,2021 355,2022 357,2022 357,2023 359,2023 359,2025 360,2025 360,2026 361,2026 361,2027 362,2027 362,2029 363,2029 363,2031 364,2031 364,2034 365,2034 365,2056 377,2056 377,2057 379,2057 379,2058 380,2058 380,2062 379,2062 379,2063 377,2063 377,2064 351,2064 351,2063 307,2063 307,2062 306,2062 306,2034 307,2034 307,2030 308,2030 308,2028 309,2028 309,2027 310,2027 310,2025 312,2025 312,2023 314,2023 314,2022 350,2022 350,2021"/>
	<TextEquiv>
	<Unicode>29.</Unicode></TextEquiv></Word>
	<Word id="r231">
	<Coords points="557,2014 557,2015 558,2015 558,2016 559,2016 559,2019 560,2019 560,2021 561,2021 561,2024 562,2024 562,2026 563,2026 563,2027 564,2027 564,2030 565,2030 565,2033 566,2033 566,2037 570,2037 570,2053 573,2053 573,2054 574,2054 574,2057 573,2057 573,2059 572,2059 572,2060 571,2060 571,2061 570,2061 570,2062 569,2062 569,2063 568,2063 568,2064 496,2064 496,2063 422,2063 422,2020 421,2020 421,2018 428,2018 428,2017 553,2017 553,2015 554,2015 554,2014"/>
	<TextEquiv>
	<Unicode>Μετὰ</Unicode></TextEquiv></Word>
	<Word id="r232">
	<Coords points="639,2014 639,2015 664,2015 664,2016 665,2016 665,2017 666,2017 666,2019 667,2019 667,2021 668,2021 668,2023 669,2023 669,2026 670,2026 670,2027 671,2027 671,2036 672,2036 672,2037 673,2037 673,2038 674,2038 674,2042 673,2042 673,2049 672,2049 672,2061 671,2061 671,2062 670,2062 670,2063 632,2063 632,2062 630,2062 630,2061 628,2061 628,2060 627,2060 627,2058 626,2058 626,2057 625,2057 625,2053 624,2053 624,2048 625,2048 625,2046 626,2046 626,2045 627,2045 627,2042 628,2042 628,2041 629,2041 629,2017 630,2017 630,2015 631,2015 631,2014"/>
	<TextEquiv>
	<Unicode>δὲ</Unicode></TextEquiv></Word>
	<Word id="r233">
	<Coords points="867,2012 867,2013 870,2013 870,2014 871,2014 871,2016 872,2016 872,2017 873,2017 873,2020 872,2020 872,2023 871,2023 871,2025 870,2025 870,2026 867,2026 867,2027 860,2027 860,2040 859,2040 859,2041 849,2041 849,2042 847,2042 847,2059 846,2059 846,2060 845,2060 845,2061 844,2061 844,2062 814,2062 814,2063 810,2063 810,2064 808,2064 808,2063 746,2063 746,2062 745,2062 745,2047 737,2047 737,2046 736,2046 736,2040 737,2040 737,2038 739,2038 739,2037 740,2037 740,2036 804,2036 804,2026 805,2026 805,2022 806,2022 806,2021 807,2021 807,2020 808,2020 808,2019 810,2019 810,2018 862,2018 862,2013 863,2013 863,2012"/>
	<TextEquiv>
	<Unicode>τοῦτ᾽</Unicode></TextEquiv></Word>
	<Word id="r234">
	<Coords points="1026,2013 1027,2013 1027,2014 1028,2014 1028,2015 1029,2015 1029,2017 1030,2017 1030,2018 1031,2018 1031,2021 1032,2021 1032,2023 1033,2023 1033,2025 1034,2025 1034,2029 1035,2029 1035,2035 1078,2035 1078,2037 1079,2037 1079,2042 1078,2042 1078,2044 1077,2044 1077,2046 1076,2046 1076,2048 1075,2048 1075,2049 1074,2049 1074,2050 1073,2050 1073,2052 1072,2052 1072,2053 1071,2053 1071,2054 1070,2054 1070,2055 1068,2055 1068,2056 1067,2056 1067,2057 1066,2057 1066,2058 1064,2058 1064,2059 1061,2059 1061,2060 1059,2060 1059,2061 1038,2061 1038,2062 998,2062 998,2063 934,2063 934,2062 930,2062 930,2061 928,2061 928,2060 926,2060 926,2059 925,2059 925,2057 924,2057 924,2054 923,2054 923,2048 924,2048 924,2046 925,2046 925,2044 926,2044 926,2042 927,2042 927,2041 929,2041 929,2040 930,2040 930,2039 931,2039 931,2038 932,2038 932,2037 934,2037 934,2036 936,2036 936,2017 937,2017 937,2016 940,2016 940,2015 1024,2015 1024,2013 1026,2013 1026,2012"/>
	<TextEquiv>
	<Unicode>ἐπιὼν</Unicode></TextEquiv></Word>
	<Word id="r235">
	<Coords points="1186,2012 1186,2013 1187,2013 1187,2014 1188,2014 1188,2017 1189,2017 1189,2019 1190,2019 1190,2021 1191,2021 1191,2025 1192,2025 1192,2028 1193,2028 1193,2029 1194,2029 1194,2035 1197,2035 1197,2036 1199,2036 1199,2051 1202,2051 1202,2052 1203,2052 1203,2053 1202,2053 1202,2055 1201,2055 1201,2057 1200,2057 1200,2058 1199,2058 1199,2060 1197,2060 1197,2061 1179,2061 1179,2062 1149,2062 1149,2061 1148,2061 1148,2060 1147,2060 1147,2045 1139,2045 1139,2043 1138,2043 1138,2039 1139,2039 1139,2037 1140,2037 1140,2036 1142,2036 1142,2035 1156,2035 1156,2034 1181,2034 1181,2013 1182,2013 1182,2012"/>
	<TextEquiv>
	<Unicode>τὰ</Unicode></TextEquiv></Word>
	<Word id="r236">
	<Coords points="1339,2012 1339,2013 1340,2013 1340,2014 1341,2014 1341,2015 1342,2015 1342,2017 1343,2017 1343,2018 1344,2018 1344,2020 1345,2020 1345,2022 1346,2022 1346,2025 1347,2025 1347,2036 1349,2036 1349,2037 1350,2037 1350,2038 1351,2038 1351,2039 1352,2039 1352,2040 1353,2040 1353,2042 1354,2042 1354,2044 1355,2044 1355,2046 1354,2046 1354,2052 1353,2052 1353,2054 1352,2054 1352,2055 1351,2055 1351,2057 1349,2057 1349,2058 1348,2058 1348,2059 1347,2059 1347,2060 1346,2060 1346,2061 1344,2061 1344,2062 1292,2062 1292,2061 1261,2061 1261,2060 1260,2060 1260,2059 1259,2059 1259,2058 1258,2058 1258,2055 1257,2055 1257,2040 1256,2040 1256,2039 1255,2039 1255,2038 1256,2038 1256,2037 1259,2037 1259,2036 1264,2036 1264,2018 1265,2018 1265,2017 1266,2017 1266,2016 1267,2016 1267,2015 1268,2015 1268,2014 1270,2014 1270,2013 1337,2013 1337,2012"/>
	<TextEquiv>
	<Unicode>ὑπὸ</Unicode></TextEquiv></Word>
	<Word id="r237">
	<Coords points="1402,2012 1402,2014 1431,2014 1431,2015 1436,2015 1436,2016 1440,2016 1440,2017 1443,2017 1443,2018 1444,2018 1444,2019 1445,2019 1445,2020 1446,2020 1446,2022 1447,2022 1447,2034 1574,2034 1574,2025 1575,2025 1575,2022 1576,2022 1576,2021 1577,2021 1577,2018 1578,2018 1578,2015 1579,2015 1579,2013 1580,2013 1580,2012 1585,2012 1585,2013 1586,2013 1586,2034 1651,2034 1651,2035 1655,2035 1655,2036 1656,2036 1656,2037 1657,2037 1657,2038 1658,2038 1658,2043 1657,2043 1657,2044 1655,2044 1655,2060 1654,2060 1654,2062 1653,2062 1653,2063 1652,2063 1652,2064 1650,2064 1650,2065 1649,2065 1649,2066 1645,2066 1645,2065 1644,2065 1644,2062 1621,2062 1621,2061 1501,2061 1501,2063 1500,2063 1500,2068 1499,2068 1499,2070 1498,2070 1498,2074 1497,2074 1497,2075 1496,2075 1496,2076 1493,2076 1493,2075 1492,2075 1492,2061 1410,2061 1410,2059 1409,2059 1409,2028 1396,2028 1396,2027 1394,2027 1394,2026 1393,2026 1393,2025 1392,2025 1392,2023 1391,2023 1391,2016 1392,2016 1392,2015 1393,2015 1393,2014 1394,2014 1394,2013 1396,2013 1396,2012"/>
	<TextEquiv>
	<Unicode>Ῥωμαίοις</Unicode></TextEquiv></Word>
	<TextEquiv>
	<Unicode>29. Μετὰ δὲ τοῦτ᾽ ἐπιὼν τὰ ὑπὸ Ῥωμαίοις</Unicode></TextEquiv></TextLine>
	<TextLine id="r36">
	<Coords points="885,2081 887,2081 887,2082 888,2082 888,2103 1113,2103 1113,2102 1203,2102 1203,2097 1204,2097 1204,2094 1205,2094 1205,2092 1206,2092 1206,2090 1207,2090 1207,2088 1208,2088 1208,2086 1209,2086 1209,2085 1210,2085 1210,2084 1211,2084 1211,2083 1212,2083 1212,2082 1214,2082 1214,2083 1215,2083 1215,2103 1439,2103 1439,2102 1529,2102 1529,2092 1530,2092 1530,2090 1531,2090 1531,2089 1532,2089 1532,2088 1533,2088 1533,2087 1534,2087 1534,2086 1543,2086 1543,2087 1545,2087 1545,2088 1547,2088 1547,2093 1548,2093 1548,2102 1606,2102 1606,2103 1639,2103 1639,2104 1640,2104 1640,2106 1641,2106 1641,2120 1651,2120 1651,2121 1653,2121 1653,2122 1654,2122 1654,2124 1655,2124 1655,2127 1654,2127 1654,2128 1653,2128 1653,2129 1618,2129 1618,2130 1575,2130 1575,2137 1574,2137 1574,2140 1573,2140 1573,2142 1572,2142 1572,2143 1571,2143 1571,2144 1538,2144 1538,2143 1537,2143 1537,2142 1536,2142 1536,2131 1429,2131 1429,2133 1428,2133 1428,2137 1427,2137 1427,2145 1426,2145 1426,2146 1425,2146 1425,2147 1422,2147 1422,2146 1421,2146 1421,2131 1332,2131 1332,2130 1226,2130 1226,2132 1225,2132 1225,2135 1224,2135 1224,2137 1223,2137 1223,2142 1222,2142 1222,2144 1221,2144 1221,2145 1220,2145 1220,2144 1218,2144 1218,2143 1113,2143 1113,2145 1112,2145 1112,2146 1110,2146 1110,2147 1080,2147 1080,2146 1079,2146 1079,2145 1007,2145 1007,2144 1006,2144 1006,2135 976,2135 976,2132 822,2132 822,2135 821,2135 821,2138 820,2138 820,2142 819,2142 819,2143 818,2143 818,2144 814,2144 814,2142 813,2142 813,2132 557,2132 557,2134 556,2134 556,2136 555,2136 555,2137 554,2137 554,2138 553,2138 553,2139 552,2139 552,2140 548,2140 548,2141 546,2141 546,2140 545,2140 545,2133 342,2133 342,2135 341,2135 341,2138 340,2138 340,2141 339,2141 339,2145 338,2145 338,2147 336,2147 336,2148 336,2147 334,2147 334,2146 333,2146 333,2133 265,2133 265,2132 264,2132 264,2131 244,2131 244,2130 243,2130 243,2129 241,2129 241,2128 240,2128 240,2127 239,2127 239,2125 238,2125 238,2122 237,2122 237,2117 238,2117 238,2114 239,2114 239,2112 240,2112 240,2111 241,2111 241,2110 242,2110 242,2108 243,2108 243,2107 245,2107 245,2106 246,2106 246,2105 248,2105 248,2104 249,2104 249,2086 250,2086 250,2085 254,2085 254,2084 256,2084 256,2085 257,2085 257,2086 258,2086 258,2088 259,2088 259,2091 269,2091 269,2092 271,2092 271,2093 274,2093 274,2094 275,2094 275,2095 277,2095 277,2097 278,2097 278,2098 279,2098 279,2099 280,2099 280,2100 281,2100 281,2102 282,2102 282,2103 283,2103 283,2105 415,2105 415,2099 416,2099 416,2096 417,2096 417,2093 418,2093 418,2092 419,2092 419,2089 420,2089 420,2086 421,2086 421,2084 422,2084 422,2083 423,2083 423,2082 426,2082 426,2083 427,2083 427,2104 647,2104 647,2083 649,2083 649,2082 651,2082 651,2083 652,2083 652,2084 653,2084 653,2085 734,2085 734,2086 735,2086 735,2089 879,2089 879,2087 880,2087 880,2085 881,2085 881,2082 882,2082 882,2081 885,2081 885,2080"/>
	<Word id="r238">
	<Coords points="426,2082 426,2083 427,2083 427,2104 534,2104 534,2105 536,2105 536,2106 537,2106 537,2107 538,2107 538,2108 540,2108 540,2110 541,2110 541,2113 542,2113 542,2124 554,2124 554,2125 555,2125 555,2126 556,2126 556,2129 557,2129 557,2134 556,2134 556,2136 555,2136 555,2137 554,2137 554,2138 553,2138 553,2139 552,2139 552,2140 548,2140 548,2141 546,2141 546,2140 545,2140 545,2133 342,2133 342,2135 341,2135 341,2138 340,2138 340,2141 339,2141 339,2145 338,2145 338,2147 336,2147 336,2148 336,2147 334,2147 334,2146 333,2146 333,2133 265,2133 265,2132 264,2132 264,2131 244,2131 244,2130 243,2130 243,2129 241,2129 241,2128 240,2128 240,2127 239,2127 239,2125 238,2125 238,2122 237,2122 237,2117 238,2117 238,2114 239,2114 239,2112 240,2112 240,2111 241,2111 241,2110 242,2110 242,2108 243,2108 243,2107 245,2107 245,2106 246,2106 246,2105 248,2105 248,2104 249,2104 249,2086 250,2086 250,2085 254,2085 254,2084 256,2084 256,2085 257,2085 257,2086 258,2086 258,2088 259,2088 259,2091 269,2091 269,2092 271,2092 271,2093 274,2093 274,2094 275,2094 275,2095 277,2095 277,2097 278,2097 278,2098 279,2098 279,2099 280,2099 280,2100 281,2100 281,2102 282,2102 282,2103 283,2103 283,2105 415,2105 415,2099 416,2099 416,2096 417,2096 417,2093 418,2093 418,2092 419,2092 419,2089 420,2089 420,2086 421,2086 421,2084 422,2084 422,2083 423,2083 423,2082"/>
	<TextEquiv>
	<Unicode>ἐλυμαίνετο,</Unicode></TextEquiv></Word>
	<Word id="r239">
	<Coords points="651,2082 651,2083 652,2083 652,2084 653,2084 653,2085 654,2085 654,2089 655,2089 655,2091 656,2091 656,2093 657,2093 657,2096 658,2096 658,2098 659,2098 659,2120 662,2120 662,2121 663,2121 663,2123 662,2123 662,2125 661,2125 661,2127 660,2127 660,2128 659,2128 659,2129 658,2129 658,2130 657,2130 657,2131 656,2131 656,2132 578,2132 578,2128 579,2128 579,2125 580,2125 580,2123 581,2123 581,2118 582,2118 582,2115 583,2115 583,2112 584,2112 584,2108 585,2108 585,2107 586,2107 586,2106 587,2106 587,2105 602,2105 602,2104 647,2104 647,2083 649,2083 649,2082"/>
	<TextEquiv>
	<Unicode>καὶ</Unicode></TextEquiv></Word>
	<Word id="r240">
	<Coords points="885,2080 885,2081 887,2081 887,2082 888,2082 888,2103 959,2103 959,2104 983,2104 983,2105 986,2105 986,2106 988,2106 988,2107 989,2107 989,2108 990,2108 990,2113 989,2113 989,2114 985,2114 985,2131 984,2131 984,2132 983,2132 983,2133 981,2133 981,2134 979,2134 979,2135 976,2135 976,2132 822,2132 822,2135 821,2135 821,2138 820,2138 820,2142 819,2142 819,2143 818,2143 818,2144 814,2144 814,2142 813,2142 813,2132 752,2132 752,2131 686,2131 686,2130 685,2130 685,2087 684,2087 684,2085 734,2085 734,2086 735,2086 735,2089 879,2089 879,2087 880,2087 880,2085 881,2085 881,2082 882,2082 882,2081 885,2081"/>
	<TextEquiv>
	<Unicode>Πετηλίνοις</Unicode></TextEquiv></Word>
	<Word id="r242">
	<Coords points="1214,2082 1214,2083 1215,2083 1215,2103 1353,2103 1353,2104 1355,2104 1355,2119 1358,2119 1358,2120 1359,2120 1359,2122 1358,2122 1358,2124 1357,2124 1357,2125 1356,2125 1356,2126 1355,2126 1355,2127 1354,2127 1354,2129 1351,2129 1351,2130 1333,2130 1333,2131 1332,2131 1332,2130 1226,2130 1226,2132 1225,2132 1225,2135 1224,2135 1224,2137 1223,2137 1223,2142 1222,2142 1222,2144 1221,2144 1221,2145 1220,2145 1220,2144 1218,2144 1218,2143 1113,2143 1113,2145 1112,2145 1112,2146 1110,2146 1110,2147 1080,2147 1080,2146 1079,2146 1079,2145 1007,2145 1007,2144 1006,2144 1006,2140 1007,2140 1007,2138 1008,2138 1008,2134 1009,2134 1009,2129 1010,2129 1010,2125 1011,2125 1011,2122 1012,2122 1012,2118 1013,2118 1013,2114 1014,2114 1014,2112 1015,2112 1015,2108 1016,2108 1016,2105 1018,2105 1018,2104 1051,2104 1051,2103 1113,2103 1113,2102 1203,2102 1203,2097 1204,2097 1204,2094 1205,2094 1205,2092 1206,2092 1206,2090 1207,2090 1207,2088 1208,2088 1208,2086 1209,2086 1209,2085 1210,2085 1210,2084 1211,2084 1211,2083 1212,2083 1212,2082"/>
	<TextEquiv>
	<Unicode>μηχανήματα</Unicode></TextEquiv></Word>
	<Word id="r243">
	<Coords points="1543,2086 1543,2087 1545,2087 1545,2088 1547,2088 1547,2093 1548,2093 1548,2102 1606,2102 1606,2103 1639,2103 1639,2104 1640,2104 1640,2106 1641,2106 1641,2120 1651,2120 1651,2121 1653,2121 1653,2122 1654,2122 1654,2124 1655,2124 1655,2127 1654,2127 1654,2128 1653,2128 1653,2129 1618,2129 1618,2130 1575,2130 1575,2137 1574,2137 1574,2140 1573,2140 1573,2142 1572,2142 1572,2143 1571,2143 1571,2144 1538,2144 1538,2143 1537,2143 1537,2142 1536,2142 1536,2131 1429,2131 1429,2133 1428,2133 1428,2137 1427,2137 1427,2145 1426,2145 1426,2146 1425,2146 1425,2147 1422,2147 1422,2146 1421,2146 1421,2131 1386,2131 1386,2130 1385,2130 1385,2114 1378,2114 1378,2110 1379,2110 1379,2107 1380,2107 1380,2106 1381,2106 1381,2105 1383,2105 1383,2104 1414,2104 1414,2103 1439,2103 1439,2102 1529,2102 1529,2092 1530,2092 1530,2090 1531,2090 1531,2089 1532,2089 1532,2088 1533,2088 1533,2087 1534,2087 1534,2086"/>
	<TextEquiv>
	<Unicode>προσῆγεν.</Unicode></TextEquiv></Word>
	<TextEquiv>
	<Unicode>ἐλυμαίνετο, καὶ Πετηλίνοις μηχανήματα προσῆγεν.</Unicode></TextEquiv></TextLine>
	<TextLine id="r37">
	<Coords points="1499,2148 1499,2149 1500,2149 1500,2150 1501,2150 1501,2152 1502,2152 1502,2154 1503,2154 1503,2156 1605,2156 1605,2155 1606,2155 1606,2154 1608,2154 1608,2153 1615,2153 1615,2154 1618,2154 1618,2155 1619,2155 1619,2156 1621,2156 1621,2159 1622,2159 1622,2172 1657,2172 1657,2173 1658,2173 1658,2175 1657,2175 1657,2182 1656,2182 1656,2183 1655,2183 1655,2185 1654,2185 1654,2186 1653,2186 1653,2188 1652,2188 1652,2189 1651,2189 1651,2191 1649,2191 1649,2193 1646,2193 1646,2194 1645,2194 1645,2196 1642,2196 1642,2197 1639,2197 1639,2198 1618,2198 1618,2199 1598,2199 1598,2198 1466,2198 1466,2199 1394,2199 1394,2202 1393,2202 1393,2207 1392,2207 1392,2209 1391,2209 1391,2211 1390,2211 1390,2212 1388,2212 1388,2211 1254,2211 1254,2212 1253,2212 1253,2213 1250,2213 1250,2212 1249,2212 1249,2199 1100,2199 1100,2200 877,2200 877,2202 876,2202 876,2203 875,2203 875,2204 874,2204 874,2205 873,2205 873,2206 872,2206 872,2207 868,2207 868,2200 751,2200 751,2205 750,2205 750,2208 749,2208 749,2212 747,2212 747,2213 744,2213 744,2214 744,2213 742,2213 742,2201 606,2201 606,2202 605,2202 605,2207 604,2207 604,2210 603,2210 603,2213 602,2213 602,2215 599,2215 599,2216 599,2215 597,2215 597,2214 596,2214 596,2202 497,2202 497,2204 496,2204 496,2209 495,2209 495,2212 494,2212 494,2214 493,2214 493,2215 487,2215 487,2201 275,2201 275,2202 270,2202 270,2201 243,2201 243,2200 242,2200 242,2199 240,2199 240,2197 238,2197 238,2195 237,2195 237,2191 236,2191 236,2190 237,2190 237,2186 238,2186 238,2183 239,2183 239,2181 240,2181 240,2180 241,2180 241,2178 242,2178 242,2177 243,2177 243,2176 247,2176 247,2175 251,2175 251,2174 273,2174 273,2156 274,2156 274,2155 275,2155 275,2154 276,2154 276,2153 281,2153 281,2152 468,2152 468,2151 472,2151 472,2152 473,2152 473,2172 507,2172 507,2173 644,2173 644,2153 645,2153 645,2152 646,2152 646,2151 647,2151 647,2152 748,2152 748,2153 751,2153 751,2154 752,2154 752,2156 753,2156 753,2157 754,2157 754,2173 860,2173 860,2172 928,2172 928,2156 929,2156 929,2154 930,2154 930,2153 932,2153 932,2152 1000,2152 1000,2150 1072,2150 1072,2151 1073,2151 1073,2152 1097,2152 1097,2153 1200,2153 1200,2152 1201,2152 1201,2150 1203,2150 1203,2149 1205,2149 1205,2150 1206,2150 1206,2157 1217,2157 1217,2158 1220,2158 1220,2159 1222,2159 1222,2160 1223,2160 1223,2161 1225,2161 1225,2162 1226,2162 1226,2163 1227,2163 1227,2165 1228,2165 1228,2166 1229,2166 1229,2167 1230,2167 1230,2169 1231,2169 1231,2171 1495,2171 1495,2151 1496,2151 1496,2149 1498,2149 1498,2148"/>
	<Word id="r244">
	<Coords points="282,2152 282,2153 283,2153 283,2154 284,2154 284,2156 285,2156 285,2157 284,2157 284,2158 283,2158 283,2168 282,2168 282,2193 281,2193 281,2195 280,2195 280,2196 279,2196 279,2198 278,2198 278,2199 277,2199 277,2200 276,2200 276,2201 275,2201 275,2202 270,2202 270,2201 243,2201 243,2200 242,2200 242,2199 240,2199 240,2197 238,2197 238,2195 237,2195 237,2191 236,2191 236,2190 237,2190 237,2186 238,2186 238,2183 239,2183 239,2181 240,2181 240,2180 241,2180 241,2178 242,2178 242,2177 243,2177 243,2176 247,2176 247,2175 251,2175 251,2174 273,2174 273,2156 274,2156 274,2155 275,2155 275,2154 276,2154 276,2153 281,2153 281,2152"/>
	<TextEquiv>
	<Unicode>οἱ</Unicode></TextEquiv></Word>
	<Word id="r245">
	<Coords points="335,2152 335,2153 355,2153 355,2154 358,2154 358,2155 359,2155 359,2156 360,2156 360,2162 359,2162 359,2166 358,2166 358,2167 356,2167 356,2168 355,2168 355,2169 348,2169 348,2188 347,2188 347,2192 346,2192 346,2193 345,2193 345,2196 344,2196 344,2197 343,2197 343,2198 341,2198 341,2199 339,2199 339,2200 338,2200 338,2201 330,2201 330,2200 328,2200 328,2199 326,2199 326,2198 325,2198 325,2197 324,2197 324,2195 323,2195 323,2194 322,2194 322,2191 321,2191 321,2189 322,2189 322,2186 323,2186 323,2184 324,2184 324,2182 325,2182 325,2180 326,2180 326,2179 327,2179 327,2155 328,2155 328,2153 330,2153 330,2152"/>
	<TextEquiv>
	<Unicode>δ᾽</Unicode></TextEquiv></Word>
	<Word id="r246">
	<Coords points="472,2151 472,2152 473,2152 473,2172 507,2172 507,2173 549,2173 549,2174 551,2174 551,2189 554,2189 554,2190 555,2190 555,2192 554,2192 554,2194 553,2194 553,2196 552,2196 552,2197 551,2197 551,2199 550,2199 550,2200 548,2200 548,2201 546,2201 546,2202 497,2202 497,2204 496,2204 496,2209 495,2209 495,2212 494,2212 494,2214 493,2214 493,2215 487,2215 487,2201 398,2201 398,2200 396,2200 396,2199 394,2199 394,2198 392,2198 392,2196 391,2196 391,2195 390,2195 390,2191 389,2191 389,2190 390,2190 390,2185 391,2185 391,2184 392,2184 392,2181 393,2181 393,2180 394,2180 394,2179 395,2179 395,2178 396,2178 396,2177 397,2177 397,2176 398,2176 398,2175 401,2175 401,2153 402,2153 402,2152 468,2152 468,2151"/>
	<TextEquiv>
	<Unicode>ὀλίγοι</Unicode></TextEquiv></Word>
	<Word id="r247">
	<Coords points="647,2151 647,2152 649,2152 649,2154 650,2154 650,2156 651,2156 651,2158 652,2158 652,2160 653,2160 653,2162 654,2162 654,2166 655,2166 655,2173 686,2173 686,2174 688,2174 688,2176 689,2176 689,2179 688,2179 688,2182 687,2182 687,2184 686,2184 686,2185 685,2185 685,2187 684,2187 684,2188 683,2188 683,2189 682,2189 682,2191 681,2191 681,2192 680,2192 680,2193 679,2193 679,2194 677,2194 677,2195 676,2195 676,2196 675,2196 675,2197 673,2197 673,2198 671,2198 671,2199 668,2199 668,2200 652,2200 652,2201 606,2201 606,2202 605,2202 605,2207 604,2207 604,2210 603,2210 603,2213 602,2213 602,2215 599,2215 599,2216 599,2215 597,2215 597,2214 596,2214 597,2214 597,2211 598,2211 598,2208 599,2208 599,2205 600,2205 600,2202 601,2202 601,2198 602,2198 602,2195 603,2195 603,2192 604,2192 604,2187 605,2187 605,2182 606,2182 606,2179 607,2179 607,2176 608,2176 608,2174 611,2174 611,2173 644,2173 644,2153 645,2153 645,2152 646,2152 646,2151"/>
	<TextEquiv>
	<Unicode>μὲν</Unicode></TextEquiv></Word>
	<Word id="r248">
	<Coords points="748,2152 748,2153 751,2153 751,2154 752,2154 752,2156 753,2156 753,2157 754,2157 754,2173 860,2173 860,2172 861,2172 861,2173 863,2173 863,2176 864,2176 864,2191 874,2191 874,2192 876,2192 876,2193 877,2193 877,2194 878,2194 878,2199 877,2199 877,2202 876,2202 876,2203 875,2203 875,2204 874,2204 874,2205 873,2205 873,2206 872,2206 872,2207 868,2207 868,2200 751,2200 751,2205 750,2205 750,2208 749,2208 749,2212 747,2212 747,2213 744,2213 744,2214 744,2213 742,2213 742,2198 730,2198 730,2182 728,2182 728,2181 727,2181 727,2178 728,2178 728,2176 729,2176 729,2175 730,2175 730,2174 732,2174 732,2173 735,2173 735,2158 736,2158 736,2155 737,2155 737,2154 738,2154 738,2153 740,2153 740,2152"/>
	<TextEquiv>
	<Unicode>ἦσαν,</Unicode></TextEquiv></Word>
	<Word id="r249">
	<Coords points="1003,2150 1003,2152 1005,2152 1005,2155 1006,2155 1006,2157 1007,2157 1007,2159 1008,2159 1008,2160 1009,2160 1009,2162 1010,2162 1010,2163 1011,2163 1011,2174 1012,2174 1012,2175 1014,2175 1014,2176 1015,2176 1015,2179 1016,2179 1016,2180 1017,2180 1017,2188 1016,2188 1016,2191 1015,2191 1015,2194 1014,2194 1014,2195 1013,2195 1013,2196 1012,2196 1012,2197 1011,2197 1011,2198 1008,2198 1008,2199 1004,2199 1004,2200 956,2200 956,2199 925,2199 925,2198 923,2198 923,2197 922,2197 922,2196 921,2196 921,2191 920,2191 920,2177 919,2177 919,2176 918,2176 919,2176 919,2174 921,2174 921,2173 928,2173 928,2156 929,2156 929,2154 930,2154 930,2153 932,2153 932,2152 1000,2152 1000,2150"/>
	<TextEquiv>
	<Unicode>ὑπὸ</Unicode></TextEquiv></Word>
	<Word id="r250">
	<Coords points="1072,2150 1072,2151 1073,2151 1073,2152 1097,2152 1097,2153 1098,2153 1098,2154 1099,2154 1099,2156 1100,2156 1100,2158 1101,2158 1101,2160 1102,2160 1102,2161 1103,2161 1103,2164 1104,2164 1104,2166 1105,2166 1105,2173 1106,2173 1106,2174 1107,2174 1107,2178 1106,2178 1106,2179 1105,2179 1105,2198 1103,2198 1103,2199 1100,2199 1100,2200 1098,2200 1098,2199 1093,2199 1093,2198 1063,2198 1063,2197 1061,2197 1061,2196 1060,2196 1060,2195 1059,2195 1059,2194 1058,2194 1058,2192 1057,2192 1057,2189 1056,2189 1056,2184 1057,2184 1057,2181 1058,2181 1058,2180 1059,2180 1059,2178 1060,2178 1060,2177 1061,2177 1061,2176 1062,2176 1062,2152 1063,2152 1063,2151 1064,2151 1064,2150"/>
	<TextEquiv>
	<Unicode>δὲ</Unicode></TextEquiv></Word>
	<Word id="r251">
	<Coords points="1205,2149 1205,2150 1206,2150 1206,2157 1217,2157 1217,2158 1220,2158 1220,2159 1222,2159 1222,2160 1223,2160 1223,2161 1225,2161 1225,2162 1226,2162 1226,2163 1227,2163 1227,2165 1228,2165 1228,2166 1229,2166 1229,2167 1230,2167 1230,2169 1231,2169 1231,2171 1337,2171 1337,2172 1341,2172 1341,2173 1342,2173 1342,2174 1343,2174 1343,2175 1344,2175 1344,2176 1345,2176 1345,2179 1346,2179 1346,2180 1345,2180 1345,2181 1344,2181 1344,2182 1341,2182 1341,2198 1340,2198 1340,2199 1339,2199 1339,2201 1337,2201 1337,2202 1333,2202 1333,2203 1312,2203 1312,2206 1311,2206 1311,2210 1310,2210 1310,2211 1254,2211 1254,2212 1253,2212 1253,2213 1250,2213 1250,2212 1249,2212 1249,2199 1162,2199 1162,2198 1161,2198 1161,2197 1160,2197 1160,2183 1153,2183 1153,2182 1152,2182 1152,2181 1151,2181 1151,2177 1152,2177 1152,2175 1153,2175 1153,2173 1155,2173 1155,2172 1196,2172 1196,2163 1197,2163 1197,2159 1198,2159 1198,2155 1199,2155 1199,2153 1200,2153 1200,2152 1201,2152 1201,2150 1203,2150 1203,2149"/>
	<TextEquiv>
	<Unicode>τόλμης</Unicode></TextEquiv></Word>
	<Word id="r252">
	<Coords points="1499,2148 1499,2149 1500,2149 1500,2150 1501,2150 1501,2152 1502,2152 1502,2154 1503,2154 1503,2156 1504,2156 1504,2157 1505,2157 1505,2160 1506,2160 1506,2162 1507,2162 1507,2165 1508,2165 1508,2168 1509,2168 1509,2171 1512,2171 1512,2172 1513,2172 1513,2186 1518,2186 1518,2189 1517,2189 1517,2191 1516,2191 1516,2192 1515,2192 1515,2193 1514,2193 1514,2196 1513,2196 1513,2197 1493,2197 1493,2198 1466,2198 1466,2199 1394,2199 1394,2202 1393,2202 1393,2207 1392,2207 1392,2209 1391,2209 1391,2211 1390,2211 1390,2212 1388,2212 1388,2211 1387,2211 1387,2204 1388,2204 1388,2202 1389,2202 1389,2198 1390,2198 1390,2196 1391,2196 1391,2192 1392,2192 1392,2189 1393,2189 1393,2184 1394,2184 1394,2182 1395,2182 1395,2178 1396,2178 1396,2177 1397,2177 1397,2173 1398,2173 1398,2172 1415,2172 1415,2171 1495,2171 1495,2151 1496,2151 1496,2149 1498,2149 1498,2148"/>
	<TextEquiv>
	<Unicode>μετὰ</Unicode></TextEquiv></Word>
	<Word id="r253">
	<Coords points="1615,2153 1615,2154 1618,2154 1618,2155 1619,2155 1619,2156 1621,2156 1621,2159 1622,2159 1622,2172 1657,2172 1657,2173 1658,2173 1658,2175 1657,2175 1657,2182 1656,2182 1656,2183 1655,2183 1655,2185 1654,2185 1654,2186 1653,2186 1653,2188 1652,2188 1652,2189 1651,2189 1651,2191 1649,2191 1649,2193 1646,2193 1646,2194 1645,2194 1645,2196 1642,2196 1642,2197 1639,2197 1639,2198 1618,2198 1618,2199 1598,2199 1598,2198 1568,2198 1568,2197 1567,2197 1567,2196 1566,2196 1566,2182 1559,2182 1559,2180 1558,2180 1558,2174 1560,2174 1560,2173 1561,2173 1561,2172 1563,2172 1563,2171 1602,2171 1602,2160 1603,2160 1603,2158 1604,2158 1604,2156 1605,2156 1605,2155 1606,2155 1606,2154 1608,2154 1608,2153"/>
	<TextEquiv>
	<Unicode>τῶν</Unicode></TextEquiv></Word>
	<TextEquiv>
	<Unicode>οἱ δ᾽ ὀλίγοι μὲν ἦσαν, ὑπὸ δὲ τόλμης μετὰ τῶν</Unicode></TextEquiv></TextLine>
	<TextLine id="r38">
	<Coords points="1067,2219 1069,2219 1069,2220 1070,2220 1070,2222 1071,2222 1071,2224 1072,2224 1072,2226 1073,2226 1073,2228 1074,2228 1074,2229 1075,2229 1075,2233 1076,2233 1076,2240 1188,2240 1188,2226 1190,2226 1190,2225 1276,2225 1276,2220 1277,2220 1277,2219 1278,2219 1278,2218 1281,2218 1281,2219 1282,2219 1282,2220 1283,2220 1283,2222 1284,2222 1284,2225 1285,2225 1285,2226 1286,2226 1286,2229 1287,2229 1287,2232 1288,2232 1288,2233 1289,2233 1289,2235 1290,2235 1290,2240 1405,2240 1405,2220 1406,2220 1406,2218 1410,2218 1410,2219 1411,2219 1411,2220 1412,2220 1412,2222 1413,2222 1413,2224 1414,2224 1414,2226 1415,2226 1415,2230 1416,2230 1416,2231 1417,2231 1417,2234 1418,2234 1418,2239 1595,2239 1595,2238 1606,2238 1606,2228 1607,2228 1607,2226 1608,2226 1608,2225 1609,2225 1609,2224 1610,2224 1610,2223 1611,2223 1611,2222 1617,2222 1617,2223 1622,2223 1622,2224 1624,2224 1624,2226 1625,2226 1625,2228 1626,2228 1626,2240 1653,2240 1653,2241 1654,2241 1654,2256 1657,2256 1657,2261 1656,2261 1656,2262 1655,2262 1655,2264 1653,2264 1653,2265 1651,2265 1651,2266 1649,2266 1649,2267 1471,2267 1471,2269 1470,2269 1470,2274 1469,2274 1469,2277 1468,2277 1468,2279 1467,2279 1467,2280 1466,2280 1466,2281 1461,2281 1461,2279 1460,2279 1460,2268 1289,2268 1289,2267 1129,2267 1129,2268 966,2268 966,2269 965,2269 965,2271 964,2271 964,2272 963,2272 963,2273 962,2273 962,2274 960,2274 960,2275 958,2275 958,2276 932,2276 932,2282 931,2282 931,2283 930,2283 930,2284 927,2284 927,2285 923,2285 923,2284 922,2284 922,2283 921,2283 921,2269 661,2269 661,2270 636,2270 636,2275 635,2275 635,2277 634,2277 634,2279 633,2279 633,2280 632,2280 632,2281 631,2281 631,2282 629,2282 629,2283 627,2283 627,2284 622,2284 622,2283 620,2283 620,2282 618,2282 618,2270 310,2270 310,2271 258,2271 258,2276 257,2276 257,2280 256,2280 256,2282 255,2282 255,2284 254,2284 254,2285 250,2285 250,2284 249,2284 249,2282 248,2282 248,2263 239,2263 239,2262 238,2262 238,2260 237,2260 237,2259 236,2259 236,2255 235,2255 235,2253 236,2253 236,2249 237,2249 237,2248 238,2248 238,2246 241,2246 241,2245 244,2245 244,2244 266,2244 266,2243 381,2243 381,2242 437,2242 437,2230 438,2230 438,2227 440,2227 440,2226 441,2226 441,2225 443,2225 443,2224 533,2224 533,2223 534,2223 534,2222 663,2222 663,2221 664,2221 664,2220 696,2220 696,2221 697,2221 697,2223 698,2223 698,2224 699,2224 699,2226 700,2226 700,2233 701,2233 701,2241 861,2241 861,2222 862,2222 862,2221 868,2221 868,2222 869,2222 869,2223 870,2223 870,2224 939,2224 939,2225 940,2225 940,2226 941,2226 941,2227 942,2227 942,2228 943,2228 943,2232 944,2232 944,2240 1065,2240 1065,2219 1067,2219 1067,2218"/>
	<Word id="r254">
	<Coords points="443,2224 451,2224 451,2225 453,2225 453,2226 454,2226 454,2227 455,2227 455,2229 456,2229 456,2243 492,2243 492,2244 493,2244 493,2245 494,2245 494,2248 493,2248 493,2251 492,2251 492,2253 491,2253 491,2255 490,2255 490,2257 489,2257 489,2258 488,2258 488,2259 487,2259 487,2260 486,2260 486,2261 485,2261 485,2262 484,2262 484,2263 483,2263 483,2264 482,2264 482,2265 481,2265 481,2266 479,2266 479,2267 477,2267 477,2268 475,2268 475,2269 474,2269 474,2270 310,2270 310,2271 258,2271 258,2276 257,2276 257,2280 256,2280 256,2282 255,2282 255,2284 254,2284 254,2285 250,2285 250,2284 249,2284 249,2282 248,2282 248,2263 239,2263 239,2262 238,2262 238,2260 237,2260 237,2259 236,2259 236,2255 235,2255 235,2253 236,2253 236,2249 237,2249 237,2248 238,2248 238,2246 241,2246 241,2245 244,2245 244,2244 266,2244 266,2243 381,2243 381,2242 437,2242 437,2230 438,2230 438,2227 440,2227 440,2226 441,2226 441,2225 443,2225"/>
	<TextEquiv>
	<Unicode>γυναικῶν</Unicode></TextEquiv></Word>
	<Word id="r256">
	<Coords points="696,2220 696,2221 697,2221 697,2223 698,2223 698,2224 699,2224 699,2226 700,2226 700,2233 701,2233 701,2241 748,2241 748,2242 784,2242 784,2243 785,2243 785,2249 784,2249 784,2251 783,2251 783,2254 782,2254 782,2255 781,2255 781,2256 780,2256 780,2257 779,2257 779,2259 778,2259 778,2260 777,2260 777,2261 776,2261 776,2262 775,2262 775,2263 773,2263 773,2264 772,2264 772,2265 770,2265 770,2266 769,2266 769,2267 767,2267 767,2268 765,2268 765,2269 661,2269 661,2270 636,2270 636,2275 635,2275 635,2277 634,2277 634,2279 633,2279 633,2280 632,2280 632,2281 631,2281 631,2282 629,2282 629,2283 627,2283 627,2284 622,2284 622,2283 620,2283 620,2282 618,2282 618,2270 534,2270 534,2269 528,2269 528,2268 526,2268 526,2267 525,2267 525,2266 523,2266 523,2265 522,2265 522,2263 521,2263 521,2254 522,2254 522,2252 523,2252 523,2250 524,2250 524,2248 525,2248 525,2246 527,2246 527,2245 528,2245 528,2244 529,2244 529,2243 533,2243 533,2223 534,2223 534,2222 663,2222 663,2221 664,2221 664,2220"/>
	<TextEquiv>
	<Unicode>ἐπεξέθεον</Unicode></TextEquiv></Word>
	<Word id="r257">
	<Coords points="868,2221 868,2222 869,2222 869,2223 870,2223 870,2224 939,2224 939,2225 940,2225 940,2226 941,2226 941,2227 942,2227 942,2228 943,2228 943,2232 944,2232 944,2242 945,2242 945,2243 946,2243 946,2244 947,2244 947,2245 948,2245 948,2247 949,2247 949,2249 950,2249 950,2258 962,2258 962,2259 964,2259 964,2260 965,2260 965,2261 966,2261 966,2263 967,2263 967,2267 966,2267 966,2269 965,2269 965,2271 964,2271 964,2272 963,2272 963,2273 962,2273 962,2274 960,2274 960,2275 958,2275 958,2276 932,2276 932,2282 931,2282 931,2283 930,2283 930,2284 927,2284 927,2285 923,2285 923,2284 922,2284 922,2283 921,2283 921,2269 858,2269 858,2268 816,2268 816,2266 814,2266 814,2264 813,2264 813,2256 814,2256 814,2253 815,2253 815,2252 816,2252 816,2250 817,2250 817,2249 818,2249 818,2247 819,2247 819,2246 820,2246 820,2245 821,2245 821,2244 822,2244 822,2243 823,2243 823,2242 839,2242 839,2241 861,2241 861,2222 862,2222 862,2221"/>
	<TextEquiv>
	<Unicode>αὐτῷ,</Unicode></TextEquiv></Word>
	<Word id="r258">
	<Coords points="1067,2219 1069,2219 1069,2220 1070,2220 1070,2222 1071,2222 1071,2224 1072,2224 1072,2226 1073,2226 1073,2228 1074,2228 1074,2229 1075,2229 1075,2233 1076,2233 1076,2256 1080,2256 1080,2257 1081,2257 1080,2257 1080,2260 1079,2260 1079,2263 1078,2263 1078,2264 1077,2264 1077,2265 1075,2265 1075,2266 1074,2266 1074,2267 1036,2267 1036,2268 996,2268 996,2267 995,2267 995,2265 996,2265 996,2262 997,2262 997,2259 998,2259 998,2256 999,2256 999,2253 1000,2253 1000,2250 1001,2250 1001,2246 1002,2246 1002,2244 1003,2244 1003,2243 1004,2243 1004,2242 1017,2242 1017,2241 1019,2241 1019,2240 1065,2240 1065,2219 1067,2219 1067,2218"/>
	<TextEquiv>
	<Unicode>καὶ</Unicode></TextEquiv></Word>
	<Word id="r259">
	<Coords points="1281,2218 1281,2219 1282,2219 1282,2220 1283,2220 1283,2222 1284,2222 1284,2225 1285,2225 1285,2226 1286,2226 1286,2229 1287,2229 1287,2232 1288,2232 1288,2233 1289,2233 1289,2235 1290,2235 1290,2241 1294,2241 1294,2242 1295,2242 1295,2256 1298,2256 1298,2258 1299,2258 1298,2258 1298,2259 1297,2259 1297,2261 1296,2261 1296,2262 1295,2262 1295,2265 1294,2265 1294,2266 1292,2266 1292,2267 1290,2267 1290,2268 1289,2268 1289,2267 1129,2267 1129,2268 1125,2268 1125,2267 1124,2267 1124,2253 1119,2253 1119,2252 1118,2252 1118,2247 1119,2247 1119,2245 1120,2245 1120,2243 1122,2243 1122,2242 1124,2242 1124,2241 1128,2241 1128,2240 1188,2240 1188,2226 1190,2226 1190,2225 1276,2225 1276,2220 1277,2220 1277,2219 1278,2219 1278,2218"/>
	<TextEquiv>
	<Unicode>πολλὰ</Unicode></TextEquiv></Word>
	<Word id="r260">
	<Coords points="1410,2218 1410,2219 1411,2219 1411,2220 1412,2220 1412,2222 1413,2222 1413,2224 1414,2224 1414,2226 1415,2226 1415,2230 1416,2230 1416,2231 1417,2231 1417,2234 1418,2234 1418,2254 1421,2254 1421,2255 1422,2255 1422,2258 1421,2258 1421,2259 1420,2259 1420,2262 1419,2262 1419,2263 1418,2263 1418,2264 1417,2264 1417,2265 1415,2265 1415,2266 1413,2266 1413,2267 1410,2267 1410,2268 1336,2268 1336,2267 1335,2267 1335,2265 1336,2265 1336,2261 1337,2261 1337,2258 1338,2258 1338,2257 1339,2257 1339,2254 1340,2254 1340,2250 1341,2250 1341,2246 1342,2246 1342,2243 1343,2243 1343,2242 1344,2242 1344,2241 1359,2241 1359,2240 1405,2240 1405,2220 1406,2220 1406,2218"/>
	<TextEquiv>
	<Unicode>καὶ</Unicode></TextEquiv></Word>
	<Word id="r261">
	<Coords points="1617,2222 1617,2223 1622,2223 1622,2224 1624,2224 1624,2226 1625,2226 1625,2228 1626,2228 1626,2240 1653,2240 1653,2241 1654,2241 1654,2256 1657,2256 1657,2261 1656,2261 1656,2262 1655,2262 1655,2264 1653,2264 1653,2265 1651,2265 1651,2266 1649,2266 1649,2267 1471,2267 1471,2269 1470,2269 1470,2274 1469,2274 1469,2277 1468,2277 1468,2279 1467,2279 1467,2280 1466,2280 1466,2281 1461,2281 1461,2279 1460,2279 1460,2259 1451,2259 1451,2258 1450,2258 1450,2255 1449,2255 1449,2252 1448,2252 1448,2248 1449,2248 1449,2245 1450,2245 1450,2243 1451,2243 1451,2242 1453,2242 1453,2241 1458,2241 1458,2240 1518,2240 1518,2239 1595,2239 1595,2238 1606,2238 1606,2228 1607,2228 1607,2226 1608,2226 1608,2225 1609,2225 1609,2224 1610,2224 1610,2223 1611,2223 1611,2222"/>
	<TextEquiv>
	<Unicode>γενναῖα</Unicode></TextEquiv></Word>
	<TextEquiv>
	<Unicode>γυναικῶν ἐπεξέθεον αὐτῷ, καὶ πολλὰ καὶ γενναῖα</Unicode></TextEquiv></TextLine>
	<TextLine id="r39">
	<Coords points="1488,2286 1488,2287 1489,2287 1489,2308 1592,2308 1592,2309 1631,2309 1631,2317 1654,2317 1654,2318 1655,2318 1655,2320 1654,2320 1654,2321 1652,2321 1652,2322 1636,2322 1636,2327 1635,2327 1635,2329 1634,2329 1634,2330 1633,2330 1633,2331 1632,2331 1632,2332 1631,2332 1631,2333 1630,2333 1630,2334 1629,2334 1629,2335 1577,2335 1577,2337 1576,2337 1576,2340 1575,2340 1575,2346 1574,2346 1574,2351 1573,2351 1573,2352 1571,2352 1571,2351 1570,2351 1570,2350 1489,2350 1489,2348 1488,2348 1488,2336 1314,2336 1314,2338 1312,2338 1312,2339 1252,2339 1252,2348 1251,2348 1251,2349 1250,2349 1250,2351 1249,2351 1249,2353 1247,2353 1247,2354 1240,2354 1240,2353 1216,2353 1216,2335 1044,2335 1044,2336 865,2336 865,2338 864,2338 864,2339 863,2339 863,2340 860,2340 860,2341 856,2341 856,2337 745,2337 745,2348 744,2348 744,2351 743,2351 743,2352 742,2352 742,2353 741,2353 741,2354 740,2354 740,2355 738,2355 738,2356 709,2356 709,2357 709,2356 707,2356 707,2353 635,2353 635,2352 634,2352 634,2351 633,2351 633,2350 632,2350 632,2339 522,2339 522,2340 520,2340 520,2341 518,2341 518,2342 516,2342 516,2343 516,2342 514,2342 514,2339 408,2339 408,2342 407,2342 407,2343 406,2343 406,2344 405,2344 405,2345 403,2345 403,2346 297,2346 297,2352 296,2352 296,2354 293,2354 293,2353 292,2353 292,2339 246,2339 246,2338 243,2338 243,2337 242,2337 242,2336 241,2336 241,2335 240,2335 240,2333 239,2333 239,2331 238,2331 238,2322 239,2322 239,2320 240,2320 240,2319 241,2319 241,2318 242,2318 242,2317 243,2317 243,2304 244,2304 244,2293 258,2293 258,2292 259,2292 259,2291 261,2291 261,2290 273,2290 273,2289 279,2289 279,2290 282,2290 282,2291 283,2291 283,2292 284,2292 284,2293 285,2293 285,2294 287,2294 287,2296 289,2296 289,2297 290,2297 290,2299 291,2299 291,2300 292,2300 292,2311 338,2311 338,2312 447,2312 447,2311 489,2311 489,2303 490,2303 490,2301 491,2301 491,2299 492,2299 492,2297 493,2297 493,2295 494,2295 494,2293 495,2293 495,2292 496,2292 496,2291 497,2291 497,2290 499,2290 499,2289 501,2289 501,2290 502,2290 502,2310 694,2310 694,2309 698,2309 698,2310 823,2310 823,2289 824,2289 824,2287 826,2287 826,2288 828,2288 828,2289 829,2289 829,2290 830,2290 830,2292 831,2292 831,2295 832,2295 832,2296 833,2296 833,2299 834,2299 834,2301 835,2301 835,2304 836,2304 836,2309 946,2309 946,2290 947,2290 947,2289 953,2289 953,2290 954,2290 954,2291 1045,2291 1045,2292 1049,2292 1049,2293 1051,2293 1051,2295 1052,2295 1052,2296 1053,2296 1053,2297 1054,2297 1054,2298 1055,2298 1055,2308 1267,2308 1267,2299 1268,2299 1268,2295 1269,2295 1269,2294 1270,2294 1270,2292 1272,2292 1272,2291 1274,2291 1274,2290 1361,2290 1361,2289 1362,2289 1362,2288 1368,2288 1368,2289 1369,2289 1369,2290 1370,2290 1370,2292 1371,2292 1371,2308 1476,2308 1476,2300 1477,2300 1477,2298 1478,2298 1478,2296 1479,2296 1479,2294 1480,2294 1480,2292 1481,2292 1481,2289 1482,2289 1482,2287 1484,2287 1484,2286"/>
	<Word id="r262">
	<Coords points="279,2289 279,2290 282,2290 282,2291 283,2291 283,2292 284,2292 284,2293 285,2293 285,2294 287,2294 287,2296 289,2296 289,2297 290,2297 290,2299 291,2299 291,2300 292,2300 292,2311 338,2311 338,2312 356,2312 356,2313 392,2313 392,2314 393,2314 393,2316 394,2316 394,2329 405,2329 405,2330 407,2330 407,2331 408,2331 408,2332 409,2332 409,2339 408,2339 408,2342 407,2342 407,2343 406,2343 406,2344 405,2344 405,2345 403,2345 403,2346 297,2346 297,2352 296,2352 296,2354 293,2354 293,2353 292,2353 292,2339 246,2339 246,2338 243,2338 243,2337 242,2337 242,2336 241,2336 241,2335 240,2335 240,2333 239,2333 239,2331 238,2331 238,2322 239,2322 239,2320 240,2320 240,2319 241,2319 241,2318 242,2318 242,2317 243,2317 243,2304 244,2304 244,2293 258,2293 258,2292 259,2292 259,2291 261,2291 261,2290 273,2290 273,2289"/>
	<TextEquiv>
	<Unicode>ἔδρων,</Unicode></TextEquiv></Word>
	<Word id="r263">
	<Coords points="501,2289 501,2290 502,2290 502,2311 522,2311 522,2312 524,2312 524,2313 527,2313 527,2315 528,2315 528,2316 529,2316 529,2320 528,2320 528,2321 524,2321 524,2337 523,2337 523,2339 522,2339 522,2340 520,2340 520,2341 518,2341 518,2342 516,2342 516,2343 516,2342 514,2342 514,2339 450,2339 450,2338 448,2338 448,2337 446,2337 446,2322 439,2322 439,2321 438,2321 438,2314 440,2314 440,2313 442,2313 442,2312 447,2312 447,2311 489,2311 489,2303 490,2303 490,2301 491,2301 491,2299 492,2299 492,2297 493,2297 493,2295 494,2295 494,2293 495,2293 495,2292 496,2292 496,2291 497,2291 497,2290 499,2290 499,2289"/>
	<TextEquiv>
	<Unicode>τάς</Unicode></TextEquiv></Word>
	<Word id="r264">
	<Coords points="603,2311 607,2311 607,2312 608,2312 608,2313 609,2313 609,2317 608,2317 608,2335 607,2335 607,2337 605,2337 605,2338 600,2338 600,2339 566,2339 566,2338 565,2338 565,2337 564,2337 564,2323 556,2323 556,2322 555,2322 555,2316 556,2316 556,2315 557,2315 557,2313 560,2313 560,2312 579,2312 579,2311 603,2311 603,2310"/>
	<TextEquiv>
	<Unicode>τε</Unicode></TextEquiv></Word>
	<Word id="r265">
	<Coords points="824,2287 826,2287 826,2288 828,2288 828,2289 829,2289 829,2290 830,2290 830,2292 831,2292 831,2295 832,2295 832,2296 833,2296 833,2299 834,2299 834,2301 835,2301 835,2304 836,2304 836,2310 863,2310 863,2311 866,2311 866,2312 868,2312 868,2313 870,2313 870,2314 871,2314 871,2319 869,2319 869,2320 866,2320 866,2336 865,2336 865,2338 864,2338 864,2339 863,2339 863,2340 860,2340 860,2341 856,2341 856,2337 745,2337 745,2348 744,2348 744,2351 743,2351 743,2352 742,2352 742,2353 741,2353 741,2354 740,2354 740,2355 738,2355 738,2356 709,2356 709,2357 709,2356 707,2356 707,2353 635,2353 635,2352 634,2352 634,2351 633,2351 633,2350 632,2350 633,2350 633,2347 634,2347 634,2345 635,2345 635,2342 636,2342 636,2340 637,2340 637,2339 638,2339 638,2334 639,2334 639,2330 640,2330 640,2327 641,2327 641,2322 642,2322 642,2318 643,2318 643,2315 644,2315 644,2313 645,2313 645,2312 646,2312 646,2311 678,2311 678,2310 694,2310 694,2309 698,2309 698,2310 823,2310 823,2289 824,2289"/>
	<TextEquiv>
	<Unicode>μηχανὰς</Unicode></TextEquiv></Word>
	<Word id="r267">
	<Coords points="947,2289 953,2289 953,2290 954,2290 954,2291 1045,2291 1045,2292 1049,2292 1049,2293 1051,2293 1051,2295 1052,2295 1052,2296 1053,2296 1053,2297 1054,2297 1054,2298 1055,2298 1055,2311 1056,2311 1056,2314 1057,2314 1057,2319 1056,2319 1056,2322 1055,2322 1055,2324 1054,2324 1054,2326 1053,2326 1053,2327 1052,2327 1052,2329 1051,2329 1051,2330 1050,2330 1050,2331 1049,2331 1049,2332 1048,2332 1048,2333 1047,2333 1047,2335 1044,2335 1044,2336 902,2336 902,2335 901,2335 901,2334 900,2334 900,2332 899,2332 899,2323 900,2323 900,2321 901,2321 901,2318 902,2318 902,2317 903,2317 903,2316 904,2316 904,2315 905,2315 905,2314 906,2314 906,2313 908,2313 908,2312 909,2312 909,2311 910,2311 910,2310 912,2310 912,2309 946,2309 946,2290 947,2290"/>
	<TextEquiv>
	<Unicode>αὐτοῦ</Unicode></TextEquiv></Word>
	<Word id="r270">
	<Coords points="1274,2290 1279,2290 1279,2291 1284,2291 1284,2292 1285,2292 1285,2295 1286,2295 1286,2296 1287,2296 1287,2308 1313,2308 1313,2309 1317,2309 1317,2310 1319,2310 1319,2312 1321,2312 1321,2314 1322,2314 1322,2317 1321,2317 1321,2318 1320,2318 1320,2319 1317,2319 1317,2333 1316,2333 1316,2335 1314,2335 1314,2338 1312,2338 1312,2339 1252,2339 1252,2348 1251,2348 1251,2349 1250,2349 1250,2351 1249,2351 1249,2353 1247,2353 1247,2354 1240,2354 1240,2353 1216,2353 1216,2335 1097,2335 1097,2334 1096,2334 1096,2333 1095,2333 1095,2332 1093,2332 1093,2331 1092,2331 1092,2330 1091,2330 1091,2328 1090,2328 1090,2323 1091,2323 1091,2321 1092,2321 1092,2319 1093,2319 1093,2317 1094,2317 1094,2316 1095,2316 1095,2315 1096,2315 1096,2314 1097,2314 1097,2313 1098,2313 1098,2312 1104,2312 1104,2310 1107,2310 1107,2309 1136,2309 1136,2308 1267,2308 1267,2299 1268,2299 1268,2295 1269,2295 1269,2294 1270,2294 1270,2292 1272,2292 1272,2291 1274,2291"/>
	<TextEquiv>
	<Unicode>συνεχῶς</Unicode></TextEquiv></Word>
	<Word id="r273">
	<Coords points="1484,2286 1488,2286 1488,2287 1489,2287 1489,2308 1592,2308 1592,2309 1631,2309 1631,2317 1654,2317 1654,2318 1655,2318 1655,2320 1654,2320 1654,2321 1652,2321 1652,2322 1631,2322 1631,2325 1635,2325 1635,2327 1636,2327 1635,2327 1635,2329 1634,2329 1634,2330 1633,2330 1633,2331 1632,2331 1632,2332 1631,2332 1631,2333 1630,2333 1630,2334 1629,2334 1629,2335 1577,2335 1577,2337 1576,2337 1576,2340 1575,2340 1575,2346 1574,2346 1574,2351 1573,2351 1573,2352 1571,2352 1571,2351 1570,2351 1570,2350 1489,2350 1489,2348 1488,2348 1488,2336 1360,2336 1360,2335 1356,2335 1356,2334 1354,2334 1354,2333 1352,2333 1352,2332 1351,2332 1351,2331 1350,2331 1350,2329 1349,2329 1349,2327 1348,2327 1348,2320 1349,2320 1349,2317 1350,2317 1350,2315 1351,2315 1351,2314 1352,2314 1352,2313 1353,2313 1353,2312 1354,2312 1354,2311 1356,2311 1356,2310 1358,2310 1358,2309 1360,2309 1360,2290 1361,2290 1361,2289 1362,2289 1362,2288 1368,2288 1368,2289 1369,2289 1369,2290 1370,2290 1370,2292 1371,2292 1371,2308 1476,2308 1476,2300 1477,2300 1477,2298 1478,2298 1478,2296 1479,2296 1479,2294 1480,2294 1480,2292 1481,2292 1481,2289 1482,2289 1482,2287 1484,2287"/>
	<TextEquiv>
	<Unicode>ἐνεπίμπρα-</Unicode></TextEquiv></Word>
	<TextEquiv>
	<Unicode>ἔδρων, τάς τε μηχανὰς αὐτοῦ συνεχῶς ἐνεπίμπρα-</Unicode></TextEquiv></TextLine>
	<TextLine id="r14">
	<Coords points="1537,2355 1537,2356 1538,2356 1538,2357 1539,2357 1539,2377 1626,2377 1626,2378 1640,2378 1640,2380 1641,2380 1641,2397 1651,2397 1651,2398 1652,2398 1652,2400 1654,2400 1654,2401 1653,2401 1653,2403 1652,2403 1652,2404 1651,2404 1651,2405 1650,2405 1650,2404 1531,2404 1531,2405 1487,2405 1487,2410 1486,2410 1486,2413 1485,2413 1485,2417 1484,2417 1484,2418 1483,2418 1483,2419 1481,2419 1481,2418 1377,2418 1377,2419 1376,2419 1376,2420 1375,2420 1375,2421 1372,2421 1372,2419 1371,2419 1371,2405 1355,2405 1355,2404 1217,2404 1217,2405 1142,2405 1142,2406 1024,2406 1024,2411 1023,2411 1023,2415 1022,2415 1022,2418 1021,2418 1021,2419 1019,2419 1019,2420 1015,2420 1015,2419 1014,2419 1014,2407 922,2407 922,2406 799,2406 799,2407 796,2407 796,2406 649,2406 649,2407 590,2407 590,2408 526,2408 526,2412 525,2412 525,2416 524,2416 524,2419 523,2419 523,2420 521,2420 521,2421 474,2421 474,2422 472,2422 472,2423 471,2423 471,2424 470,2424 470,2425 469,2425 469,2426 440,2426 440,2425 439,2425 439,2424 438,2424 438,2415 344,2415 344,2414 343,2414 343,2407 246,2407 246,2406 243,2406 243,2405 241,2405 241,2404 240,2404 240,2403 239,2403 239,2402 238,2402 238,2399 237,2399 237,2394 238,2394 238,2391 239,2391 239,2389 240,2389 240,2388 241,2388 241,2385 243,2385 243,2384 244,2384 244,2383 247,2383 247,2382 249,2382 249,2381 253,2381 253,2380 256,2380 256,2379 418,2379 418,2361 420,2361 420,2360 523,2360 523,2361 525,2361 525,2362 526,2362 526,2363 527,2363 527,2365 528,2365 528,2366 529,2366 529,2379 739,2379 739,2359 741,2359 741,2358 744,2358 744,2359 746,2359 746,2360 748,2360 748,2361 930,2361 930,2360 938,2360 938,2361 940,2361 940,2362 941,2362 941,2363 943,2363 943,2364 944,2364 944,2367 945,2367 945,2377 1201,2377 1201,2365 1202,2365 1202,2364 1203,2364 1203,2363 1204,2363 1204,2362 1205,2362 1205,2360 1206,2360 1206,2359 1209,2359 1209,2358 1294,2358 1294,2357 1296,2357 1296,2356 1357,2356 1357,2357 1359,2357 1359,2358 1534,2358 1534,2356 1537,2356"/>
	<Word id="r136">
	<Coords points="336,2379 336,2380 337,2380 337,2381 338,2381 338,2382 339,2382 339,2398 350,2398 350,2399 352,2399 352,2400 353,2400 353,2403 354,2403 354,2404 353,2404 353,2408 352,2408 352,2409 351,2409 351,2411 349,2411 349,2412 348,2412 348,2413 347,2413 347,2414 344,2414 344,2415 344,2414 343,2414 343,2407 246,2407 246,2406 243,2406 243,2405 241,2405 241,2404 240,2404 240,2403 239,2403 239,2402 238,2402 238,2399 237,2399 237,2394 238,2394 238,2391 239,2391 239,2389 240,2389 240,2388 241,2388 241,2385 243,2385 243,2384 244,2384 244,2383 247,2383 247,2382 249,2382 249,2381 253,2381 253,2380 256,2380 256,2379"/>
	<TextEquiv>
	<Unicode>σαν,</Unicode></TextEquiv></Word>
	<Word id="r137">
	<Coords points="425,2360 425,2361 426,2361 426,2364 427,2364 427,2366 428,2366 428,2380 474,2380 474,2381 477,2381 477,2383 476,2383 476,2417 475,2417 475,2420 474,2420 474,2422 472,2422 472,2423 471,2423 471,2424 470,2424 470,2425 469,2425 469,2426 440,2426 440,2425 439,2425 439,2424 438,2424 438,2407 413,2407 413,2406 385,2406 385,2405 383,2405 383,2404 382,2404 382,2403 381,2403 381,2402 380,2402 380,2401 379,2401 379,2400 378,2400 378,2397 377,2397 377,2392 378,2392 378,2389 379,2389 379,2387 380,2387 380,2386 381,2386 381,2384 382,2384 382,2383 383,2383 383,2382 384,2382 384,2381 386,2381 386,2380 390,2380 390,2379 418,2379 418,2361 420,2361 420,2360"/>
	<TextEquiv>
	<Unicode>οὐχ</Unicode></TextEquiv></Word>
	<Word id="r138">
	<Coords points="523,2360 523,2361 525,2361 525,2362 526,2362 526,2363 527,2363 527,2365 528,2365 528,2366 529,2366 529,2379 668,2379 668,2380 670,2380 670,2382 671,2382 671,2384 670,2384 670,2387 669,2387 669,2389 668,2389 668,2391 667,2391 667,2393 666,2393 666,2394 665,2394 665,2396 663,2396 663,2398 662,2398 662,2399 661,2399 661,2400 660,2400 660,2401 657,2401 657,2402 656,2402 656,2403 654,2403 654,2404 652,2404 652,2405 650,2405 650,2406 649,2406 649,2407 590,2407 590,2408 526,2408 526,2412 525,2412 525,2416 524,2416 524,2419 523,2419 523,2420 521,2420 521,2421 520,2421 520,2420 519,2420 519,2419 518,2419 518,2406 505,2406 505,2390 502,2390 502,2389 501,2389 501,2387 502,2387 502,2385 503,2385 503,2384 505,2384 505,2383 506,2383 506,2382 507,2382 507,2381 511,2381 511,2365 512,2365 512,2363 513,2363 513,2362 514,2362 514,2361 517,2361 517,2360"/>
	<TextEquiv>
	<Unicode>ἧσσον</Unicode></TextEquiv></Word>
	<Word id="r139">
	<Coords points="744,2358 744,2359 746,2359 746,2360 748,2360 748,2361 834,2361 834,2362 836,2362 836,2363 837,2363 837,2364 838,2364 838,2366 839,2366 839,2379 859,2379 859,2380 861,2380 861,2381 862,2381 862,2382 863,2382 863,2384 864,2384 864,2386 865,2386 864,2386 864,2387 863,2387 863,2388 861,2388 861,2389 860,2389 860,2405 859,2405 859,2406 799,2406 799,2407 796,2407 796,2406 697,2406 697,2405 694,2405 694,2404 693,2404 693,2402 692,2402 692,2400 691,2400 691,2394 692,2394 692,2390 693,2390 693,2389 694,2389 694,2388 695,2388 695,2387 696,2387 696,2386 697,2386 697,2383 698,2383 698,2382 700,2382 700,2381 704,2381 704,2380 715,2380 715,2379 739,2379 739,2359 741,2359 741,2358"/>
	<TextEquiv>
	<Unicode>αὐτοῖς</Unicode></TextEquiv></Word>
	<Word id="r140">
	<Coords points="938,2360 938,2361 940,2361 940,2362 941,2362 941,2363 943,2363 943,2364 944,2364 944,2367 945,2367 945,2378 980,2378 980,2379 982,2379 982,2380 983,2380 983,2386 982,2386 982,2388 981,2388 981,2390 980,2390 980,2391 979,2391 979,2393 978,2393 978,2394 976,2394 976,2395 974,2395 974,2398 973,2398 973,2399 972,2399 972,2400 970,2400 970,2401 967,2401 967,2402 966,2402 966,2403 965,2403 965,2404 963,2404 963,2405 939,2405 939,2406 925,2406 925,2407 922,2407 922,2406 920,2406 920,2405 891,2405 891,2404 890,2404 890,2388 882,2388 882,2382 883,2382 883,2381 884,2381 884,2380 886,2380 886,2379 891,2379 891,2378 925,2378 925,2366 926,2366 926,2364 927,2364 927,2363 928,2363 928,2361 930,2361 930,2360"/>
	<TextEquiv>
	<Unicode>τῶν</Unicode></TextEquiv></Word>
	<Word id="r141">
	<Coords points="1210,2358 1210,2359 1213,2359 1213,2360 1215,2360 1215,2361 1217,2361 1217,2363 1218,2363 1218,2365 1219,2365 1219,2377 1254,2377 1254,2378 1257,2378 1257,2383 1256,2383 1256,2387 1255,2387 1255,2389 1254,2389 1254,2390 1253,2390 1253,2392 1252,2392 1252,2393 1251,2393 1251,2395 1249,2395 1249,2396 1248,2396 1248,2397 1247,2397 1247,2398 1246,2398 1246,2399 1244,2399 1244,2400 1243,2400 1243,2401 1242,2401 1242,2402 1241,2402 1241,2403 1239,2403 1239,2404 1217,2404 1217,2405 1142,2405 1142,2406 1024,2406 1024,2411 1023,2411 1023,2415 1022,2415 1022,2418 1021,2418 1021,2419 1019,2419 1019,2420 1015,2420 1015,2419 1014,2419 1014,2395 1004,2395 1004,2394 1003,2394 1003,2392 1002,2392 1002,2386 1003,2386 1003,2384 1004,2384 1004,2383 1005,2383 1005,2382 1006,2382 1006,2379 1010,2379 1010,2378 1043,2378 1043,2377 1201,2377 1201,2365 1202,2365 1202,2364 1203,2364 1203,2363 1204,2363 1204,2362 1205,2362 1205,2360 1206,2360 1206,2359 1209,2359 1209,2358"/>
	<TextEquiv>
	<Unicode>γυναικῶν</Unicode></TextEquiv></Word>
	<Word id="r142">
	<Coords points="1537,2356 1538,2356 1538,2357 1539,2357 1539,2377 1626,2377 1626,2378 1640,2378 1640,2380 1641,2380 1641,2397 1651,2397 1651,2398 1652,2398 1652,2400 1654,2400 1654,2401 1653,2401 1653,2403 1652,2403 1652,2404 1651,2404 1651,2405 1650,2405 1650,2404 1531,2404 1531,2405 1487,2405 1487,2410 1486,2410 1486,2413 1485,2413 1485,2417 1484,2417 1484,2418 1483,2418 1483,2419 1481,2419 1481,2418 1377,2418 1377,2419 1376,2419 1376,2420 1375,2420 1375,2421 1372,2421 1372,2419 1371,2419 1371,2405 1355,2405 1355,2404 1283,2404 1283,2403 1280,2403 1280,2402 1279,2402 1279,2400 1278,2400 1278,2393 1279,2393 1279,2389 1280,2389 1280,2387 1281,2387 1281,2385 1282,2385 1282,2384 1286,2384 1286,2381 1287,2381 1287,2380 1288,2380 1288,2379 1291,2379 1291,2378 1293,2378 1293,2359 1294,2359 1294,2357 1296,2357 1296,2356 1357,2356 1357,2357 1359,2357 1359,2358 1534,2358 1534,2356 1537,2356 1537,2355"/>
	<TextEquiv>
	<Unicode>ἀνδριζομένων.</Unicode></TextEquiv></Word>
	<TextEquiv>
	<Unicode>σαν, οὐχ ἧσσον αὐτοῖς τῶν γυναικῶν ἀνδριζομένων.</Unicode></TextEquiv></TextLine>
	<TextLine id="r297">
	<Coords points="219,2432 219,2522 370,2522 370,2432"/>
	<Word id="r303">
	<Coords points="229,2435 229,2512 351,2512 351,2435"/>
	<TextEquiv>
	<Unicode>348</Unicode></TextEquiv></Word>
	<TextEquiv>
	<Unicode>348</Unicode></TextEquiv></TextLine></TextRegion></Page></PcGts>
