1747 2693
106 222 210 259 CAP.

140 264 175 298 V

274 67 600 154 APPIAN'S
625 67 887 151 ROMAN
909 61 1245 154 HISTORY,
1258 64 1445 145 BOOK
1477 67 1593 154 VII

230 207 527 273 ὀλιγώτεροι
585 207 636 256 δε
696 205 983 270 γιγνόμενοι
1043 206 1157 256 καθ᾽
1219 208 1441 258 ἕκαστον
1500 210 1646 274 ἔργον

232 275 591 326 ἐκακοπάθουν
617 276 853 338 μάλιστα
891 275 989 324 ὑπὸ
1027 280 1198 339 λιμοῦ·
1235 277 1323 325 καὶ
1350 275 1375 326 ὁ
1398 276 1646 337 Ἀννίβας

230 343 600 407 αἰσθανόμενος
642 341 1017 409 περιετείχισεν
1058 344 1257 401 αὐτούς,
1296 344 1382 393 καὶ
1412 345 1646 394 Ἄννωνα

230 411 492 473 ἐπέστησε
518 414 581 476 τῇ
606 410 898 479 πολιορκίᾳ.
961 411 1009 461 οἱ
1033 411 1088 468 δ᾽,
1117 412 1451 467 ἐπιτείνοντος
1476 413 1647 466 αὐτοῖς

232 484 324 531 τοῦ
373 483 549 535 κακοῦ,
601 483 784 543 πρῶτα
831 479 923 543 μὲν
971 483 1088 534 τοῦς
1132 480 1369 547 ἀχρείους
1408 484 1559 548 σφῶν
1601 483 1648 535 ἐς

229 549 403 615 μάχας
451 547 705 611 ἐξέβαλον
755 549 803 600 ἐς
843 546 900 596 τὸ
939 547 1281 615 μεσοτείχιον,
1320 548 1406 599 καὶ
1455 571 1647 599 κτιννυ-

229 616 407 681 μένους
458 615 557 666 ὑπὸ
607 619 697 665 τοῦ
736 615 991 670 Ἄννωνος
1039 617 1273 683 ἐφεώρων
1321 616 1536 672 ἀλύπως
1584 620 1648 672 ὡς

231 684 581 750 εὐμοιρότερον
618 684 1060 746 ἀποθνήσκοντας.
1128 688 1198 750 τῷ
1247 685 1285 735 δ᾽
1330 687 1467 752 αὐτῷ
1505 685 1646 752 λόγῳ

232 753 319 802 καὶ
361 752 409 801 οἱ
445 751 626 801 λοιποὶ
664 752 888 816 πάμπαν
921 753 1233 819 ἀποροῦντες
1267 753 1539 819 ἐξέδραμον
1564 755 1648 804 ἐπὶ

231 820 348 875 τοὺς
389 819 683 884 πολεμίους,
712 820 799 870 καὶ
836 821 1018 870 πολλὰ
1056 821 1148 885 μὲν
1190 822 1277 871 καὶ
1317 827 1527 887 γενναῖα
1564 824 1650 873 καὶ

231 888 348 939 τότε
396 889 635 954 ἔδρασαν,
689 888 788 938 ὑπὸ
839 888 889 939 δὲ
939 889 1189 955 ἀτροφίας
1249 891 1331 940 καὶ
1383 891 1650 945 ἀσθενείας

232 957 488 1021 σωμάτων
514 955 615 1006 οὐδ᾽
638 956 976 1024 ὑποστρέψαι
1004 957 1268 1023 δυνάμενοι
1296 959 1650 1026 διεφθάρησαν

233 1027 458 1079 ἅπαντες
496 1025 595 1075 ὑπὸ
638 1029 738 1075 τῶν
777 1025 1005 1086 Λιβύων.
1079 1027 1165 1076 καὶ
1203 1027 1296 1089 τὴν
1331 1026 1489 1077 πόλιν
1515 1029 1650 1078 εἷλεν

234 1093 259 1144 ὁ
285 1094 499 1150 Ἄννων,
541 1093 868 1160 ἐκφυγόντων
905 1094 992 1144 καὶ
1029 1095 1094 1148 ὣς
1132 1094 1221 1145 ἀπ᾽
1262 1097 1418 1158 αὐτῆς
1462 1096 1650 1160 ὀλίγων

232 1166 333 1212 τῶν
372 1162 579 1228 δραμεῖν
616 1162 945 1223 δυνηθέντων.
1019 1162 1229 1217 τούτους
1278 1164 1651 1231 διερριμμένους

233 1230 281 1280 οἱ
320 1230 565 1294 Ῥωμαῖοι
606 1230 809 1296 σπουδῇ
855 1235 1094 1295 συνῆγον,
1140 1232 1223 1281 καὶ
1270 1233 1566 1297 γενομένους
1603 1235 1651 1287 ἐς

234 1297 572 1352 ὀκτακοσίους
608 1298 905 1363 κατήγαγόν
947 1321 1003 1349 τε
1042 1299 1129 1350 καὶ
1177 1300 1476 1366 συνῴκισαν
1522 1302 1651 1366 μετὰ

232 1366 375 1417 τόνδε
399 1366 487 1416 τὸν
511 1366 741 1431 πόλεμον
767 1368 911 1421 αὖθις
938 1369 985 1422 ἐς
1010 1368 1103 1429 τὴν
1136 1369 1379 1436 πατρίδα,
1408 1370 1651 1435 ἀγάμενοι

231 1441 321 1499 τῆς
346 1457 401 1486 τε
426 1435 545 1501 περὶ
583 1439 721 1502 σφᾶς
758 1435 953 1490 εὐνοίας
990 1437 1077 1486 καὶ
1113 1441 1204 1486 τοῦ
1240 1438 1538 1504 παραδόξου
1563 1444 1652 1503 τῆς

231 1502 535 1570 προθυμίας.

303 1578 379 1622 30.
420 1574 533 1622 Τῶν
549 1571 601 1622 δὲ
621 1572 966 1637 Κελτιβήρων
982 1573 1198 1631 ἱππέων,
1213 1575 1259 1624 οἳ
1276 1575 1653 1644 ἐμισθοφόρουν

232 1639 466 1709 Ἀννίβᾳ,
510 1644 765 1706 λαμπρῶς
802 1641 1199 1706 ἀγωνιζομένων,
1242 1643 1357 1693 ὅσοι
1388 1640 1653 1709 Ῥωμαίων

233 1709 585 1775 ἐστρατήγουν
635 1710 685 1759 ἐν
743 1708 963 1778 Ἰβηρίᾳ,
1014 1710 1267 1761 τοσούσδε
1316 1712 1512 1776 ἑτέρους
1562 1713 1652 1768 τὰς

233 1777 411 1831 πόλεις
451 1777 542 1831 τὰς
580 1777 681 1827 ὑπὸ
724 1777 911 1845 σφίσιν
948 1778 1254 1842 αἰτήσαντες
1291 1782 1338 1834 ἐς
1365 1781 1653 1831 ἀντίπαλον

234 1846 436 1895 ἐκείνων
461 1846 708 1912 ἔπεμψαν
732 1847 780 1900 ἐς
806 1846 900 1908 τὴν
921 1846 1169 1905 Ἰταλίαν,
1198 1848 1247 1898 οἳ
1282 1852 1386 1903 τοῖς
1423 1848 1651 1913 ὁμοεθνέ-

233 1936 333 1972 σιν,
407 1914 493 1964 ὅτε
563 1914 793 1977 πλησίον
862 1913 1108 1975 Ἀννίβου
1180 1918 1649 1981 στρατοπεδεύοιεν,

233 1982 627 2047 ἀναμιγνύμενοι
674 1983 974 2047 μετέμειθον
1022 1984 1221 2039 αὐτούς.
1301 1986 1387 2036 καὶ
1435 1992 1653 2038 πολλῶν

231 2051 640 2116 μετατιθεμένων
665 2073 720 2101 τε
746 2052 832 2102 καὶ
869 2052 1294 2117 αὐτομολούντων
1317 2054 1349 2117 ἢ
1376 2055 1650 2129 ἀποδιδρα-

234 2119 467 2169 σκόντων
494 2119 608 2170 οὐδὲ
634 2119 691 2170 τὸ
716 2120 905 2171 λοιπὸν
920 2123 981 2185 ἦν
1008 2121 1082 2172 ἔτι
1108 2124 1178 2187 τῷ
1193 2120 1423 2205 Ἀννίβᾳ
1443 2119 1649 2183 πιστόν,

234 2187 648 2252 ὑποπτευόμενόν
698 2210 753 2238 τε
792 2187 877 2239 ὑπ᾽
913 2188 1104 2239 ἐκείνου
1146 2191 1232 2240 καὶ
1277 2192 1652 2249 ὑποπτεύοντες

233 2256 403 2307 αὐτόν.
476 2257 656 2307 κάκιον
699 2257 786 2307 οὖν
823 2257 1090 2326 ἔπρασσεν
1129 2257 1154 2310 ὁ
1177 2256 1428 2323 Ἀννίβας
1461 2260 1519 2311 τὸ
1545 2262 1649 2313 ἀπὸ

229 2325 390 2375 τοῦδε.

225 2422 338 2490 350
