1747 2693
94 288 196 328 CAP.

126 330 158 365 V

92 1717 197 1758 CAP.

108 1762 163 1795 VI

258 132 593 225 APPIAN'S
612 135 870 209 ROMAN
890 138 1232 225 HISTORY,
1238 138 1451 222 BOOK
1461 145 1583 225 VII

288 284 364 328 31.
403 277 741 343 Ἀργύριππα
768 277 807 326 δ᾽
836 279 947 327 ἐστὶ
973 277 1128 332 πόλις
1153 280 1205 327 ἐν
1242 283 1305 344 τῇ
1332 280 1545 346 Δαυνίᾳ,
1571 280 1632 341 ἣν

218 346 473 411 Διομήδης
522 345 546 395 ὁ
595 345 827 410 Ἀργεῖος
874 346 1083 410 λέγεται
1134 345 1327 396 κτίσαι.
1423 347 1510 396 καί
1558 370 1632 400 τις

217 415 423 478 ἔκγονος
460 413 588 463 εἶναι
625 418 716 464 τοῦ
743 414 1026 479 Διομήδους
1063 415 1395 479 νομιζόμενος,
1423 416 1631 472 Δάσιος,

217 483 343 547 ἀνὴρ
365 480 716 546 εὐμετάβολός
741 504 796 533 τε
821 483 878 532 τὸ
907 482 1143 547 φρόνημα
1168 483 1253 532 καὶ
1280 484 1338 532 οὐ
1354 484 1634 547 Διομήδους

218 551 372 615 ἄξιος,
398 549 664 614 Ῥωμαίων
688 551 806 616 περὶ
833 551 1038 604 Κάννας
1075 551 1168 611 τὴν
1203 552 1436 615 μεγάλην
1473 552 1634 613 ἧτταν

216 618 508 683 ἡττημένων
567 617 837 680 ἀπέστησε
896 618 989 681 τὴν
1047 618 1275 685 πατρίδα
1333 619 1461 685 πρὸς
1519 619 1634 674 τοὺς

218 686 423 747 Λίβυας
449 685 553 737 ἀπὸ
577 686 856 750 Ῥωμαίων.
916 686 1032 737 τότε
1057 686 1097 736 δ᾽
1125 688 1191 737 αὖ
1216 688 1636 752 δυσπραγοῦντος

215 754 461 814 Ἀννίβου
510 755 699 805 ἔλαθεν
739 757 787 809 ἐς
829 754 1029 819 Ῥώμην
1074 754 1400 812 διιππεύσας,
1427 755 1515 806 καὶ
1551 756 1634 806 ἐπὶ

218 823 311 883 τὴν
336 823 541 885 βουλὴν
569 823 815 890 ἐπαχθεὶς
854 824 950 890 ἔφη
991 823 1243 874 δύνασθαι
1270 824 1328 874 τὸ
1355 824 1635 890 ἁμάρτημα

216 892 473 941 ἰάσασθαι
500 891 587 941 καὶ
622 894 945 956 μεταβαλεῖν
977 893 1126 946 αὖθις
1162 893 1211 946 ἐς
1233 891 1518 952 Ῥωμαίους
1544 893 1636 955 τὴν

217 960 391 1010 πόλιν.
464 960 511 1008 οἱ
562 959 600 1009 δ᾽
646 958 826 1023 ὀλίγου
869 960 959 1024 μὲν
1002 960 1161 1010 αὐτὸν
1197 961 1285 1010 καὶ
1328 960 1634 1028 διέφθειραν,

219 1028 473 1091 ἐξέβαλον
500 1027 538 1077 δ᾽
567 1028 713 1083 εὐθὺς
738 1030 793 1078 ἐκ
820 1033 909 1090 τῆς
934 1028 1151 1083 πόλεως.
1207 1028 1233 1079 ὁ
1261 1029 1312 1079 δὲ
1338 1029 1425 1078 καὶ
1452 1029 1636 1079 τούσδε

218 1096 306 1146 καὶ
344 1096 432 1146 τὸν
454 1096 706 1157 Ἀννίβαν
751 1096 922 1150 δεδιὼς
962 1097 1127 1159 ἠλᾶτο
1168 1097 1267 1149 ἀνὰ
1309 1097 1401 1159 τὴν
1443 1097 1635 1165 χώραν,

216 1165 305 1214 καὶ
353 1164 378 1214 ὁ
426 1164 517 1228 μὲν
563 1163 808 1225 Ἀννίβας
851 1166 1008 1216 αὐτοῦ
1052 1165 1145 1229 τὴν
1186 1169 1406 1230 γυναῖκα
1448 1167 1535 1215 καὶ
1572 1165 1635 1215 τὰ

217 1233 371 1282 τέκνα
417 1237 607 1295 ζῶντας
650 1234 855 1290 ἔκαυσε,
894 1233 959 1283 τὰ
1001 1234 1053 1283 δὲ
1087 1233 1425 1300 Ἀργύριππα
1457 1233 1636 1298 ἑτέρων

218 1301 462 1351 ἐνδόντων
486 1303 594 1351 εἷλε
622 1303 822 1362 Φάβιος
848 1302 1091 1366 Μάξιμος
1116 1297 1308 1359 νυκτός,
1328 1302 1413 1352 καὶ
1439 1302 1637 1356 κτείνας

218 1370 372 1423 ὅσους
396 1370 519 1436 ηὗρε
545 1369 773 1430 Λιβύων,
802 1371 1029 1436 φρουρὰν
1056 1370 1314 1433 ἐπέστησε
1340 1375 1401 1435 τῇ
1429 1371 1595 1421 πόλει.

874 1564 1029 1648 VI

289 1713 364 1757 32.
406 1707 651 1771 Τάραντα
693 1708 744 1758 δὲ
795 1708 1175 1775 φρουρουμένην
1227 1708 1328 1759 ὑπὸ
1376 1711 1637 1773 Ῥωμαιων

220 1784 483 1838 Κονωνεὺς
522 1783 618 1833 ὧδε
657 1782 967 1850 προύδωκεν.
1040 1788 1336 1848 κυνηγετεῖν
1376 1785 1571 1835 εἴθιστο
1612 1784 1636 1836 ὁ

219 1858 497 1915 Κονωνεύς,
520 1858 607 1908 καὶ
634 1858 803 1924 φέρων
822 1857 901 1907 ἀεί
925 1879 975 1907 τι
1001 1862 1071 1923 τῷ
1100 1858 1416 1926 φρουράρχῳ
1442 1857 1635 1925 Λιουίῳ

216 1934 443 1996 συνήθης
467 1935 523 1983 ἐκ
549 1934 696 1983 τοῦδε
735 1933 1019 1997 ἐγεγένητο.
1095 1935 1161 1986 ὡς
1198 1933 1250 1983 δὲ
1288 1934 1341 1983 ἐν
1378 1941 1632 1998 πολεμου-

214 2010 339 2076 μένῃ
364 2008 529 2079 χώρᾳ,
557 2008 737 2063 νυκτὸς
763 2009 862 2076 ἔφη
889 2009 992 2058 δεῖν
1025 2012 1321 2072 κυνηγετεῖν
1346 2008 1433 2058 καὶ
1458 2009 1636 2063 νυκτὸς

216 2084 390 2152 φέρειν
431 2084 496 2134 τὰ
534 2084 927 2149 λαμβανόμενα.
1004 2083 1185 2137 νυκτὸς
1229 2084 1317 2134 οὖν
1357 2085 1494 2150 αὐτῷ
1536 2088 1635 2136 τῶν

215 2164 399 2211 πυλῶν
469 2159 824 2224 ἀνοιγομένων,
886 2158 1189 2223 συνθέμενος
1272 2159 1490 2229 Ἀννίβᾳ
1547 2162 1634 2212 καὶ

217 2234 544 2302 στρατιώτας
574 2235 778 2297 λαβών,
807 2235 924 2289 τοὺς
962 2235 1055 2299 μὲν
1097 2234 1323 2301 ἔκρυψεν
1367 2236 1419 2285 ἐν
1456 2234 1631 2304 λόχμῃ

214 2311 315 2360 τινὶ
375 2309 619 2372 πλησίον,
664 2310 781 2364 τοὺς
843 2310 884 2359 δ᾽
934 2311 1307 2360 ἐπακολουθεῖν
1363 2310 1633 2362 ἐκέλευσεν

216 2386 379 2451 ἑαυτῷ
424 2384 484 2434 δι᾽
530 2384 725 2448 ὀλίγου,
768 2385 883 2439 τοὺς
927 2385 979 2434 δὲ
1020 2385 1118 2436 σὺν
1164 2386 1304 2451 αὐτῷ
1347 2387 1629 2451 προσιέναι,

212 2474 316 2545 352
