1747 2693
86 276 191 313 CAP.

113 318 163 351 VI

258 122 580 209 APPIAN'S
600 116 867 200 ROMAN
883 125 1229 212 HISTORY,
1238 129 1435 203 BOOK
1458 125 1580 193 VII

213 260 450 326 θώρακας
493 260 694 311 ἔνδοθεν
737 259 1121 323 ὑπεζωσμένους
1161 260 1248 310 καὶ
1292 258 1432 326 ξίφη,
1477 260 1541 309 τὰ
1585 259 1624 309 δ᾽

212 336 354 388 ἐκτὸς
380 338 443 388 ὡς
470 335 531 384 ἂν
558 336 605 388 ἐς
631 334 916 398 κυνηγέτας
942 333 1363 398 ἐσκευασμένους.
1426 334 1625 400 κάπρον

211 431 266 459 τε
304 411 476 462 αὐτοῖς
509 408 595 458 ἐπὶ
639 408 807 472 ξύλων
846 408 1037 462 ἐπιθεὶς
1075 411 1167 471 ἧκε
1205 408 1385 463 νυκτὸς
1426 409 1511 459 ἐπὶ
1537 408 1625 462 τὰς

210 486 399 537 πύλας.
498 484 585 533 καὶ
643 487 745 533 τῶν
816 483 1081 549 φυλάκων,
1144 482 1319 548 ὥσπερ
1379 484 1491 538 ἔθος
1549 484 1625 547 ἦν,

211 559 539 623 ἀνοιξάντων,
590 558 637 607 οἱ
700 558 791 622 μὲν
853 556 1252 611 συνεσελθόντες
1311 559 1451 624 αὐτῷ
1512 558 1627 613 τοὺς

212 634 517 697 ἀνοίξαντας
543 632 730 682 αὐτίκα
769 632 1060 699 διεχρῶντο,
1089 632 1135 681 οἱ
1161 631 1201 682 δ᾽
1230 631 1470 696 ἑπόμενοι
1494 632 1627 683 κατὰ

212 707 445 770 σπουδὴν
473 707 856 757 συνεσέπιπτον
893 706 1112 764 ἐκείνοις,
1142 706 1230 757 καὶ
1266 707 1383 761 τοὺς
1410 706 1514 758 ἀπὸ
1540 712 1629 770 τῆς

210 782 414 851 λόχμης
463 781 719 850 ἐδέχοντο,
771 781 857 831 καὶ
885 781 976 835 τὰς
1024 780 1197 835 πύλας
1235 782 1521 848 ἀνεῴγνυον
1559 785 1628 848 τῷ

212 856 444 924 Ἀννίβᾳ.
541 855 566 906 ὁ
616 856 667 906 δὲ
717 856 818 906 ἔσω
868 855 1145 921 παρελθὼν
1193 860 1283 919 τῆς
1331 857 1422 921 μὲν
1463 857 1629 920 ἄλλης

211 931 413 985 πόλεως
473 930 620 985 εὐθὺς
680 931 899 994 ἐκράτει,
963 930 1050 980 καὶ
1109 929 1227 985 τοὺς
1286 931 1630 994 Ταραντίνους

213 1000 599 1064 ἑταιρισάμενος
627 998 719 1062 τὴν
746 998 909 1065 ἄκραν
937 999 1011 1049 ἔτι
1038 998 1418 1065 φρουρουμένην
1456 1001 1628 1050 ἐπολι-

212 1068 365 1135 όρκει.

283 1142 359 1185 33.
397 1135 528 1185 Ὧδε
573 1133 665 1199 μὲν
718 1134 982 1189 Κονωνεὺς
1041 1135 1287 1199 Τάραντα
1345 1135 1626 1200 προύδωκε·

209 1204 455 1268 Ῥωμαῖοι
517 1202 556 1252 δ᾽
606 1204 722 1253 ὅσοι
772 1203 865 1265 τὴν
913 1202 1200 1270 ἀκρόπολιν
1247 1203 1404 1270 εἶχον,
1445 1205 1494 1257 ε̂ς
1541 1203 1631 1265 μὲν

211 1269 672 1340 πεντακισχιλίους
723 1272 875 1333 ἦσαν,
925 1272 1013 1321 καὶ
1073 1273 1246 1325 αὐτοῖς
1305 1270 1631 1337 Ταραντίνων

213 1340 265 1391 τέ
304 1361 431 1394 τινες
466 1339 850 1406 προσεχώρουν,
879 1339 965 1389 καὶ
1004 1338 1029 1390 ὁ
1067 1345 1155 1402 τῆς
1192 1341 1245 1389 ἐν
1282 1339 1630 1407 Μεταποντίῳ

213 1412 438 1475 φρουρᾶς
463 1408 664 1472 ἡγεμὼν
690 1407 746 1458 τὸ
773 1409 935 1470 ἥμισυ
961 1413 1051 1470 τῆς
1077 1412 1301 1474 φρουρᾶς
1327 1408 1461 1475 ἔχων
1485 1410 1627 1471 ἦλθε,

211 1479 385 1537 βελῶν
419 1498 473 1526 τε
506 1477 594 1526 καὶ
624 1476 854 1543 ὀργάνων
895 1480 1111 1527 πολλῶν
1135 1475 1409 1540 ηὐπόρουν,
1438 1478 1501 1530 ὡς
1526 1478 1628 1528 ἀπὸ

212 1544 414 1614 τείχους
440 1546 668 1609 εὐμαρῶς
689 1545 976 1609 ἀμύνεσθαι
1003 1544 1089 1595 τὸν
1111 1543 1372 1605 Ἀννίβαν.
1416 1544 1627 1610 ηὐπόρει

213 1613 265 1663 δὲ
291 1614 379 1663 καὶ
401 1612 425 1663 ὁ
444 1611 705 1673 Ἀννίβας.
750 1613 978 1678 πύργους
995 1635 1049 1662 τε
1077 1614 1163 1663 οὖν
1189 1613 1276 1663 καὶ
1296 1613 1626 1668 καταπέλτας

213 1682 421 1746 ἐπάγων
464 1681 561 1731 καὶ
587 1681 822 1748 χελώνας
860 1682 967 1732 ἔνια
1004 1681 1201 1738 διέσειε,
1240 1681 1328 1732 καὶ
1365 1682 1625 1748 δρεπάνοις

212 1749 317 1801 ἀπὸ
361 1750 538 1800 κάλων
576 1750 822 1812 ἐπάλξεις
858 1772 915 1800 τε
951 1749 1201 1812 κατέσυρε
1238 1750 1326 1800 καὶ
1363 1749 1421 1800 τὸ
1459 1755 1625 1817 τεῖχος

212 1818 526 1883 ἀπεγύμνου.
600 1818 648 1867 οἱ
690 1818 741 1868 δὲ
780 1816 958 1872 λίθους
1002 1818 1092 1882 μὲν
1137 1817 1222 1868 ἐπὶ
1265 1817 1356 1873 τὰς
1393 1819 1625 1886 μηχανὰς

213 1886 446 1953 ἀφιέντες
470 1886 651 1937 πολλὰ
669 1886 989 1952 συνέτριβον,
1006 1885 1224 1955 βρόχοις
1242 1886 1293 1936 δὲ
1309 1887 1374 1936 τὰ
1401 1887 1627 1953 δρέπανα

211 1954 524 2039 περιέσπων,
569 1955 654 2005 καὶ
696 1957 959 2009 πολλάκις
1008 1955 1267 2009 ἐκθέοντες
1315 1954 1459 2021 ἄφνω
1511 1977 1624 2007 συν-

213 2045 507 2090 ετάρασσον
533 2022 612 2073 ἀεί
647 2045 697 2072 τι
735 2023 821 2073 καὶ
860 2021 1143 2077 κτείναντες
1180 2023 1489 2089 ἐπανῄεσαν.
1564 2026 1624 2078 ὡς

213 2091 265 2142 δὲ
289 2092 378 2142 καὶ
403 2094 605 2155 πνεῦμά
631 2113 759 2141 ποτε
782 2092 988 2157 λάβρον
1014 2091 1309 2149 ἐθεάσαντο,
1337 2092 1385 2142 οἱ
1408 2092 1499 2156 μὲν
1524 2093 1627 2143 ἀπὸ

212 2165 302 2211 τοῦ
352 2159 553 2227 τείχους
602 2161 757 2227 δᾷδας
804 2160 1029 2225 ἡμμένας
1084 2160 1170 2210 καὶ
1232 2159 1497 2210 στύππιον
1544 2161 1629 2211 καὶ

213 2227 413 2279 πίσσαν
448 2230 608 2279 αὐτοῦ
646 2233 752 2283 τοῖς
786 2228 1157 2297 μηχανήμασιν
1193 2227 1544 2293 ἐπερρίπτουν,
1584 2229 1631 2279 οἱ

214 2297 266 2346 δὲ
305 2298 392 2347 καὶ
440 2296 775 2363 ἐκδραμόντες
819 2296 1096 2358 ὑπέθηκαν.
1170 2296 1427 2360 ἀπογνοὺς
1475 2298 1563 2348 οὖν
1604 2296 1628 2348 ὁ

1184 2364 1195 2381 Ἀννίβας
211 2364 457 2426 Ἀννίβας
482 2365 641 2428 τῆσδε
666 2371 755 2429 τῆς
782 2365 959 2431 πείρας
974 2355 1319 2434 περιετείχισε
1344 2365 1436 2429 τὴν
1456 2364 1626 2424 πόλιν,

196 2454 316 2525 354
