1747 2693
99 308 204 347 CAP.

125 351 175 385 VI

274 148 596 261 APPIAN'S
609 151 874 258 ROMAN
893 164 1229 245 HISTORY,
1241 151 1448 248 BOOK
1470 164 1590 251 VII

224 298 381 367 χωρίς
422 322 481 362 γε
520 303 611 349 τοῦ
653 301 779 364 πρὸς
821 301 1072 364 θαλάσσῃ
1112 300 1308 367 μέρους·
1348 303 1406 351 οὐ
1444 301 1544 366 γὰρ
1579 301 1641 363 ἦν

226 374 313 423 καὶ
352 378 502 424 τοῦτο
548 374 777 425 δυνατόν.
869 375 954 425 καὶ
993 375 1258 441 παραδοὺς
1292 375 1512 425 Ἄννωνι
1549 373 1641 437 τὴν

223 448 546 513 πολιορκίαν,
575 450 623 504 ἐς
645 448 897 513 Ἰάπυγας
923 450 1185 518 ἀνεχώρει.

295 530 370 572 34.
408 522 619 587 Λιμένες
646 522 684 573 δ᾽
702 525 804 574 εἰσὶ
825 529 929 578 τοῖς
948 527 1280 587 Ταραντινοις
1299 524 1427 591 πρὸς
1445 528 1642 591 βορρᾶν

226 596 411 662 ἄνεμον
450 599 506 647 ἐκ
549 599 813 662 πελάγους
862 598 1141 649 ἐσπλέοντι
1182 598 1265 648 διὰ
1312 599 1515 663 ἰσθμοῦ,
1556 598 1643 649 καὶ

227 671 314 722 τὸν
340 672 525 736 ἰσθμὸν
543 672 821 723 ἀπέκλειον
838 673 1098 739 γεφύραις,
1122 674 1191 724 ὧν
1210 672 1324 723 τότε
1341 677 1644 738 κρατοῦντες

227 747 274 795 οἱ
322 746 589 810 Ῥωμαίων
636 748 851 813 φρουροὶ
900 747 1056 813 σφίσι
1104 748 1196 812 μὲν
1257 748 1494 816 ἐδέχοντο
1553 748 1645 811 τὴν

226 821 420 887 ἀγορὰν
470 823 525 871 ἐκ
575 823 870 884 θαλάσσης,
921 822 1255 889 Ταραντίνοις
1318 822 1357 872 δ᾽
1419 823 1646 873 ἐκώλυον

227 896 608 960 ἐσκομίζεσθαι.
659 897 775 947 ὅθεν
802 896 1028 959 ἠπόρουν
1053 899 1244 962 ἀγορᾶς
1262 897 1309 948 οἱ
1325 900 1642 963 Ταραντῖνοι,

228 971 319 1025 ἕως
344 970 579 1022 ἐπελθὼν
616 973 788 1026 αὐτοῖς
815 971 839 1021 ὁ
864 971 1113 1032 Ἀννίβας
1149 971 1346 1035 ἐδίδαξε
1380 973 1646 1040 λεωφόρον

227 1046 356 1103 ὁδόν,
398 1047 429 1109 ἣ
458 1046 542 1095 διὰ
580 1046 741 1111 μέσης
785 1052 875 1109 τῆς
917 1046 1119 1101 πόλεως
1167 1047 1344 1112 ἔφερεν
1391 1046 1496 1097 ἀπὸ
1546 1051 1645 1098 τῶν

228 1122 444 1186 λιμένων
494 1121 579 1172 ἐπὶ
628 1122 721 1184 τὴν
770 1143 937 1172 νοτιον
997 1123 1295 1179 θαλασσαν,
1348 1121 1643 1187 ὀρύξαντας,

226 1196 413 1261 ἰσθμὸν
474 1198 643 1263 ἕτερον
703 1197 1048 1259 ποιήσασθαι.
1146 1197 1233 1246 καὶ
1282 1196 1329 1246 οἱ
1376 1197 1466 1260 μὲν
1515 1197 1644 1246 οὕτω

227 1273 515 1336 πράξαντες
563 1270 703 1339 εἶχόν
753 1293 808 1321 τε
856 1272 1064 1336 ἀγοράν,
1117 1271 1205 1322 καὶ
1253 1273 1487 1337 τριήρεσι
1531 1271 1646 1326 τοὺς

223 1346 488 1411 Ῥωμαίων
537 1346 788 1414 φρουροὺς
850 1350 969 1400 ναῦς
1029 1347 1119 1396 οὐκ
1173 1346 1390 1414 ἔχοντας
1439 1344 1539 1397 ὑπὸ
1588 1346 1645 1397 τὸ

225 1427 398 1489 τεῖχος
425 1422 711 1483 ἔβλαπτον,
738 1421 823 1471 ὅτε
848 1420 917 1485 μὴ
951 1423 1144 1487 χειμὼν
1167 1421 1244 1482 εἴη
1277 1421 1532 1485 μάλιστα,
1561 1422 1647 1472 καὶ

225 1497 319 1561 τὴν
343 1496 538 1564 ἀγορὰν
562 1496 655 1560 τὴν
680 1495 1091 1547 καταπλέουσαν
1107 1494 1315 1549 ἐκείνοις
1334 1496 1643 1562 ἀφῃροῦντο·

226 1571 273 1623 οἱ
299 1570 341 1621 δ᾽
367 1571 611 1639 ἠπόρουν.
685 1571 775 1621 καὶ
813 1570 993 1625 νυκτὸς
1029 1571 1205 1625 αὐτοὶς
1244 1570 1475 1635 Θουρίων
1501 1571 1647 1622 σῖτόν

227 1668 281 1697 τε
307 1647 462 1697 ναυσὶ
487 1644 796 1711 πεμπόντων
834 1645 921 1695 καὶ
959 1646 1175 1712 τριήρεις
1201 1646 1249 1699 ἐς
1277 1646 1520 1711 φυλακὴν
1546 1651 1646 1697 τῶν

225 1726 364 1779 νεῶν,
415 1721 462 1772 οἱ
510 1724 819 1785 Ταραντῖνοι
867 1720 954 1770 καὶ
994 1721 1042 1771 οἱ
1085 1720 1181 1770 σὺν
1230 1721 1404 1775 αὐτοῖς
1452 1721 1645 1783 Λίβυες

225 1790 503 1855 πυθόμενοι
541 1790 629 1840 καὶ
664 1789 993 1858 λοχήσαντες
1032 1789 1233 1850 ἔλαβον
1269 1791 1407 1855 αὐτῷ
1435 1811 1489 1840 τε
1514 1790 1642 1857 σίτῳ

226 1859 311 1909 καὶ
337 1860 512 1913 αὐτοῖς
549 1859 797 1925 ἀνδράσιν
834 1859 1064 1912 ἁπάσας.
1137 1858 1569 1922 πρεσβευομένων
1593 1860 1644 1909 δὲ

227 1927 418 1992 θαμινὰ
461 1931 562 1977 τῶν
614 1926 865 1993 Θουρίων,
904 1927 994 1976 καὶ
1043 1926 1324 1990 ἀξιούντων
1370 1927 1643 1978 λύσασθαι

226 1997 342 2051 τοὺς
382 1995 731 2060 εἰλημμένους,
769 1995 815 2045 οἱ
851 1998 1157 2061 Ταραντῖνοι
1201 1995 1317 2049 τοὺς
1359 1999 1643 2061 φοιτῶντας

225 2066 394 2115 αὐτῶν
432 2065 732 2128 μετέπειθον
769 2065 816 2118 ἐς
853 2063 1118 2124 Ἀννίβαν.
1210 2063 1295 2113 καὶ
1335 2063 1359 2114 ὁ
1396 2063 1644 2126 Ἀννίβας

224 2134 379 2188 ὅσους
404 2134 512 2200 εἶχε
539 2132 772 2199 Θουρίων
805 2132 1187 2199 αἰχμαλώτους,
1215 2132 1361 2187 εὐθὺς
1399 2132 1639 2184 ἀπέλυεν.

225 2203 274 2253 οἱ
311 2201 362 2252 δὲ
400 2202 515 2256 τοὺς
552 2201 766 2255 οἰκείους
810 2205 960 2267 σφῶν
995 2201 1326 2265 βιασάμενοι,
1353 2201 1443 2255 τὰς
1468 2201 1642 2256 πύλας

217 2270 435 2321 Ἄννωνι
483 2270 726 2336 ἀνέῳξαν.
823 2270 911 2319 καὶ
960 2269 1171 2333 Θούριοι
1229 2270 1319 2334 μὲν
1371 2269 1641 2334 Ῥωμαίοις

225 2340 467 2404 Τάραντα
493 2338 909 2404 περιποιούμενοι
946 2338 1137 2389 ἔλαθον
1175 2341 1334 2393 οὕτως
1371 2338 1471 2389 ὑπὸ
1502 2341 1639 2404 Καρ-

223 2407 482 2475 χηδονίοις
543 2408 692 2457 αὐτοὶ
751 2406 1025 2472 γενόμενοι·
1087 2409 1117 2469 ἡ
1168 2406 1210 2455 δ᾽
1259 2408 1312 2457 ἐν
1372 2412 1434 2473 τῇ
1487 2406 1639 2457 πόλει

209 2490 325 2577 356
