1747 2693
121 306 229 345 CAP.

150 349 204 384 VI

296 145 629 264 APPIAN'S
651 141 916 254 ROMAN
932 158 1267 258 HISTORY,
1274 158 1483 251 BOOK
1490 154 1622 251 VII

249 296 449 361 φρουρὰ
496 296 763 360 Ῥωμαίων
823 300 872 352 ἐς
926 300 1230 365 Βρεντέσιον
1276 302 1521 352 λαθοῦσα
1570 302 1661 353 διε-

248 382 493 424 πλευσεν.

318 458 397 501 35.
435 454 824 503 Μεταποντῖνοι
861 453 919 511 δ᾽,
947 455 1004 518 ἐξ
1027 455 1086 504 οὗ
1112 459 1262 521 σφῶν
1287 454 1312 506 ὁ
1340 456 1664 525 φρούραρχος

247 528 304 580 τὸ
347 530 509 592 ἥμισυ
549 534 638 593 τῆς
678 534 901 596 φρουρᾶς
943 531 1081 594 ἄγων
1121 535 1169 585 ἐς
1211 534 1455 599 Τάραντα
1481 535 1662 602 ᾤχετο,

248 606 365 661 τοὺς
408 607 624 661 λοιποὺς
664 607 870 671 ὀλίγους
908 610 1205 673 γενομένους
1243 611 1553 663 ἀπέκτειναν
1577 614 1663 662 καὶ

245 683 467 754 Ἀννίβᾳ
493 684 823 749 προσέθεντο.
899 687 1185 753 προσέθετο
1224 688 1276 737 δὲ
1301 689 1389 739 καὶ
1414 691 1443 751 ἡ
1470 691 1664 755 μεταξὺ

247 762 657 813 Μεταποντίνων
700 784 755 814 τε
798 764 885 814 καὶ
936 765 1169 829 Θουρίων
1212 766 1515 832 Ἡράκλεια,
1567 767 1661 819 δέει

242 845 449 905 μᾶλλον
475 842 505 903 ἢ
530 841 721 907 γνώμῃ.
794 843 883 892 καὶ
918 845 1082 893 πάλιν
1107 844 1169 906 ἦν
1205 844 1576 913 ἐπικυδέστερα
1601 847 1663 897 τὰ

243 918 505 975 Ἀννίβου.
597 923 687 968 τοῦ
760 918 799 967 δ᾽
863 920 979 983 ἑξῆς
1039 921 1182 976 ἔτους
1244 922 1330 972 καὶ
1391 926 1664 975 Λευκανῶν

245 1017 375 1050 τινες
409 995 722 1058 ἀπέστησαν
765 997 870 1047 ἀπὸ
894 997 1177 1062 Ῥωμαίων·
1230 1000 1302 1054 οἷς
1338 996 1664 1067 Σεμπρώνιος

247 1074 481 1142 Γράκχος
499 1074 794 1129 ἀνθύπατος
820 1076 1053 1127 ἐπελθὼν
1072 1077 1331 1142 ἐπολέμει.
1404 1079 1664 1135 Λευκανὸς

244 1152 299 1203 δέ
324 1174 399 1206 τις
425 1153 481 1202 ἐκ
507 1156 607 1203 τῶν
634 1153 709 1203 ἔτι
733 1153 1005 1218 Ῥωμαίοις
1043 1155 1361 1220 ἐμμενόντων
1387 1159 1661 1217 Φλάουιος,

245 1230 397 1296 φίλος
449 1231 517 1281 ὢν
555 1231 643 1280 καὶ
692 1231 831 1294 ξένος
880 1233 1137 1300 Γράκχου,
1190 1235 1459 1301 προδιδοὺς
1509 1236 1663 1287 αὐτὸν

245 1310 451 1360 ἔπεισεν
476 1309 524 1363 ἔς
551 1331 600 1359 τι
625 1308 817 1376 χωρίον
837 1309 1059 1361 ἐλθόντα
1084 1313 1370 1364 συνθέσθαι
1389 1318 1663 1365 Λευκανῶν

244 1391 349 1441 τοῖς
398 1391 710 1453 στρατηγοῖς
759 1389 824 1442 ὡς
872 1394 1196 1452 μετανοοῦσι,
1237 1392 1325 1442 καὶ
1368 1393 1540 1444 δοῦναι
1577 1395 1663 1444 καὶ

243 1466 433 1526 λαβεῖν
474 1463 692 1520 πίστεις.
767 1465 791 1516 ὁ
833 1465 873 1516 δ᾽
915 1466 1058 1517 οὐδὲν
1107 1469 1448 1532 ὑποτοπήσας
1491 1470 1662 1522 εἵπετο

243 1542 352 1609 μεθ᾽
402 1543 603 1594 ἱππέων
651 1544 944 1610 τριάκοντα.
1042 1547 1300 1611 Νομάδων
1348 1548 1399 1597 δὲ
1447 1554 1663 1601 πολλῶν

245 1622 401 1672 αὐτὸν
438 1623 493 1685 ἐξ
530 1622 731 1689 ἐνέδρας
761 1624 1195 1688 κυκλωσαμένων,
1225 1625 1250 1675 ὁ
1286 1626 1378 1691 μὲν
1404 1629 1663 1683 Φλάουιος

242 1700 555 1764 ἐξίππευσεν
592 1702 641 1755 ἐς
678 1699 912 1758 ἐκείνους,
942 1700 966 1752 ὁ
1006 1702 1058 1753 δὲ
1098 1704 1336 1772 Γράκχος
1374 1705 1541 1761 συνεὶς
1573 1712 1662 1770 τῆς

241 1777 524 1846 προδοσίας
550 1779 820 1842 καθήλατο
846 1779 975 1844 μετὰ
1002 1783 1103 1830 τῶν
1130 1781 1347 1840 ἱππέων,
1369 1783 1455 1833 καὶ
1480 1785 1661 1835 πολλὰ

240 1858 327 1907 καὶ
368 1861 577 1921 γενναῖα
622 1857 752 1924 δρῶν
794 1857 1059 1921 κατεκόπη
1099 1859 1230 1923 μετὰ
1270 1862 1479 1911 πάντων
1520 1863 1662 1926 πλὴν

241 1939 406 2002 τριῶν,
436 1936 519 1989 οὓς
544 1933 728 1999 μόνους
765 1936 903 1986 εἷλεν
940 1935 964 1986 ὁ
991 1936 1254 1998 Ἀννίβας,
1281 1939 1491 2001 πολλὴν
1515 1963 1659 2003 ποιη-

239 2014 459 2077 σάμενος
507 2013 742 2076 σπουδὴν
787 2015 978 2074 λαβεῖν
1041 2017 1203 2076 ζῶντα
1249 2016 1515 2082 Ῥωμαίων
1573 2019 1661 2070 τὸν

239 2091 556 2141 ἀνθύπατον.
630 2092 864 2160 αἰσχρῶς
891 2091 931 2141 δ᾽
959 2093 1116 2143 αὐτὸν
1153 2094 1508 2159 ἐνηδρευμένον
1534 2098 1658 2161 ἀγά-

238 2190 383 2234 μενος
422 2169 554 2232 ὅμως
594 2174 684 2232 τῆς
718 2168 1019 2224 τελευταίας
1062 2172 1243 2237 ἀρετῆς
1270 2172 1455 2240 ἔθαψε,
1482 2174 1570 2224 καὶ
1594 2175 1657 2225 τὰ

240 2243 371 2293 ὀστᾶ
395 2242 662 2308 Ῥωμαίοις
688 2244 939 2311 ἔπεμψεν.

309 2318 412 2368 Καὶ
437 2318 542 2368 ἀπὸ
560 2318 708 2368 τοῦδε
735 2319 889 2373 αὐτὸς
918 2319 1005 2369 μὲν
1029 2321 1081 2369 ἐν
1095 2319 1332 2385 Ἰάπυξιν
1358 2323 1544 2387 ἐθέριζε
1570 2325 1655 2375 καὶ

239 2397 385 2442 σῖτον
421 2393 591 2443 πολὺν
628 2393 861 2460 ἐσώρευε,
910 2400 985 2443 36.
1024 2393 1289 2459 Ῥωμαίων
1316 2395 1356 2445 δ᾽
1383 2399 1654 2450 ἐπιθέσθαι

229 2464 348 2554 358
