1747 2693
138 308 241 345 CAP.

162 350 216 384 VI

319 158 638 241 APPIAN'S
654 161 919 245 ROMAN
935 161 1277 235 HISTORY,
1283 164 1480 241 BOOK
1506 167 1632 235 VII

265 298 557 348 Καπυαιοις
617 293 911 359 ἐγνωκότων
972 294 1199 359 ἔπεμπεν
1252 293 1487 344 Ἄννωνα
1545 294 1672 358 μετὰ

261 370 446 437 χιλίων
471 371 638 430 πεζῶν
662 369 750 419 καὶ
769 367 956 435 χιλίων
982 369 1182 419 ἱππέων
1199 369 1471 433 ἐσδραμεῖν
1495 368 1675 423 νυκτὸς

261 446 309 498 ἐς
337 444 577 505 Καπύην.
621 443 709 493 καὶ
734 442 759 492 ὁ
785 442 876 506 μὲν
901 441 1149 509 ἐσέδραμε
1173 441 1455 507 Ῥωμαίους
1480 442 1673 500 λαθών,

262 519 308 568 οἱ
334 517 373 568 δ᾽
401 517 589 584 ἡμέρας
613 517 899 582 γενομένης,
928 518 993 570 ὡς
1032 517 1257 571 πλέονας
1285 516 1417 566 εἶδον
1455 517 1539 567 ἐπὶ
1576 520 1676 567 τῶν

261 596 462 659 τειχῶν,
489 592 546 642 τὸ
573 591 786 656 συμβὰν
824 592 1071 655 ἔγνωσαν,
1101 591 1188 641 καὶ
1224 596 1313 653 τῆς
1349 591 1440 655 μὲν
1477 590 1677 645 πόλεως

263 668 409 721 εὐθὺς
449 666 757 734 ἀνεχώρουν,
795 664 862 714 τὰ
904 664 956 715 δὲ
994 664 1114 729 θέρη
1153 664 1218 713 τὰ
1258 664 1545 715 Καπυαίων
1592 666 1678 715 καὶ

263 745 364 792 τῶν
389 742 568 790 ἄλλων
596 742 901 804 Καμπανῶν
933 739 1457 803 προκατελάμβανον.
1508 739 1677 805 ὀδυρο-

262 817 427 880 μένοις
461 815 512 864 δὲ
551 814 669 879 περὶ
707 814 855 864 τοῦδε
887 817 993 867 τοῖς
1033 816 1343 877 Καμπανοῖς
1386 813 1410 864 ὁ
1435 813 1680 875 Ἀννίβας

263 892 362 956 ἔφη
387 889 556 940 πολὺν
581 890 717 956 ἔχειν
742 892 889 938 σῖτον
915 889 967 937 ἐν
984 887 1243 958 Ἰαπυγίᾳ,
1270 888 1358 938 καὶ
1382 888 1680 953 πέμποντας

266 965 466 1015 ἐκέλευε
514 963 807 1026 λαμβάνειν
856 960 1035 1016 ὁσάκις
1097 963 1307 1012 θέλοιεν.
1405 962 1455 1013 οἱ
1501 962 1540 1013 δ᾽
1589 966 1680 1014 οὐκ

266 1032 518 1096 ὑποζύγια
542 1031 695 1095 μόνον
721 1029 823 1081 οὐδ᾽
850 1029 1051 1094 ἄνδρας,
1079 1030 1224 1080 ἀλλὰ
1260 1030 1347 1080 καὶ
1385 1030 1570 1095 γύναια
1595 1032 1679 1081 καὶ

264 1102 447 1152 παιδία
490 1100 721 1163 ἔπεμπον
763 1099 1201 1166 ἀχθοφορήσοντα
1244 1103 1334 1148 τοῦ
1378 1099 1541 1149 σίτου·
1597 1100 1681 1149 καὶ

263 1170 364 1236 γὰρ
401 1169 648 1234 ἐθάρρουν
684 1172 747 1233 τῇ
785 1165 949 1231 διόδῳ,
989 1166 1325 1230 μετελθόντος
1355 1168 1404 1221 ἐς
1443 1168 1601 1231 αὐτὴν
1628 1170 1683 1233 ἐξ

261 1237 522 1301 Ἰαπύγων
544 1235 807 1294 Ἀννίβου,
834 1235 920 1284 καὶ
956 1235 1101 1299 παρὰ
1137 1234 1225 1285 τὸν
1264 1236 1496 1296 Κάλωρα
1520 1259 1679 1286 ποτα-

264 1306 361 1369 μὸν
398 1302 911 1370 στρατοπεδεύοντος,
938 1303 1170 1365 πλησίον
1208 1304 1570 1362 Βενεβενδέων,
1599 1307 1681 1359 οὓς

264 1375 446 1439 μόνους
471 1370 791 1422 ἐδεδοίκεσαν
804 1369 1073 1434 Ῥωμαίοις
1093 1371 1167 1421 ἔτι
1189 1373 1497 1441 συμμάχους
1514 1374 1677 1428 ὄντας.

266 1442 381 1493 τότε
408 1440 459 1491 δὲ
481 1439 728 1500 Ἀννίβου
755 1439 1008 1504 παρόντος
1037 1440 1283 1490 ἁπάντων
1315 1440 1677 1507 κατεφρόνουν.

335 1513 412 1559 37.
453 1509 655 1569 Συνέβη
694 1507 747 1558 δὲ
770 1506 1019 1568 Ἀννίβαν
1058 1507 1164 1572 μέν,
1205 1513 1489 1564 καλοῦντος
1526 1509 1681 1560 αὐτὸν

257 1577 527 1634 Ἄννωνος,
569 1577 616 1630 ἐς
656 1575 947 1630 Λευκανοὺς
990 1576 1224 1633 διελθεῖν,
1267 1576 1333 1626 τὰ
1371 1577 1553 1627 πολλὰ
1593 1583 1681 1641 τῆς

266 1650 592 1709 κατασκευῆς
631 1646 682 1694 ἐν
721 1646 792 1709 τῷ
834 1644 951 1710 περὶ
992 1645 1305 1705 Βενεβεντὸν
1345 1647 1681 1713 στρατοπέδῳ

266 1713 373 1779 μετ᾽
400 1713 577 1777 ὀλίγης
620 1716 843 1779 φρουρᾶς
879 1713 1254 1771 καταλιπόντα,
1295 1714 1433 1764 δυοῖν
1477 1713 1528 1764 δὲ
1561 1714 1681 1765 Ῥω-

266 1781 433 1846 μαίοις
493 1781 932 1848 στρατηγούντοιν
993 1781 1225 1839 ὑπάτοιν,
1277 1783 1568 1832 Φουλουίου
1627 1805 1682 1834 τε

268 1851 519 1900 Φλάκκου
578 1850 665 1899 καὶ
725 1847 993 1899 Κλαυδίου
1053 1848 1300 1908 Ἀππίου,
1365 1850 1454 1901 τὸν
1516 1852 1683 1917 ἕτερον

267 1921 444 1969 αὐτοῖν
505 1917 792 1983 πυθόμενον
851 1916 1149 1983 ἐπιδραμεῖν
1208 1923 1314 1973 τοῖς
1375 1922 1682 1984 Καμπανοῖς

269 1986 570 2053 διαφέρουσι
596 1985 661 2035 τὰ
687 1984 822 2050 θέρη,
849 1985 937 2035 καὶ
973 1986 1207 2040 πολλοὺς
1241 1987 1333 2051 μὲν
1370 1989 1455 2037 οἷα
1480 1989 1681 2055 ἀπαρα-

269 2055 483 2109 σκεύους
527 2054 833 2120 διαφθεῖραι,
874 2053 962 2103 καὶ
1004 2054 1092 2104 τὸν
1135 2059 1282 2105 σῖτον
1320 2056 1681 2117 Βενεβενδεῦσι

269 2123 456 2179 δοῦναι,
481 2124 672 2183 λαβεῖν
706 2122 758 2171 δὲ
795 2122 882 2171 καὶ
925 2121 983 2172 τὸ
1027 2122 1381 2187 στρατόπεδον
1419 2123 1678 2187 Ἀννίβου,

270 2192 358 2241 καὶ
384 2191 476 2253 τὴν
495 2192 546 2240 ἐν
567 2193 705 2256 αὐτῷ
723 2190 1061 2256 παρασκευὴν
1076 2192 1330 2254 ἁρπάσαι,
1349 2193 1434 2243 καὶ
1460 2194 1683 2257 Καπύην

269 2260 344 2310 ἔτι
369 2261 512 2313 ὄντος
537 2261 589 2309 ἐν
612 2262 891 2313 Λευκανοῖς
916 2259 1161 2319 Ἀννίβου
1195 2262 1607 2328 περιταφρεῦσαί
1627 2285 1681 2314 τε

269 2327 356 2378 καὶ
382 2327 467 2377 ἐπὶ
493 2331 555 2393 τῇ
582 2327 762 2393 τάφρῳ
798 2328 1148 2394 περιτειχίσαι
1185 2333 1365 2379 πᾶσαν
1401 2332 1453 2380 ἐν
1490 2331 1677 2396 κύκλῳ.

269 2396 355 2446 καὶ
380 2395 526 2445 τοῦδε
562 2399 654 2445 τοῦ
689 2395 1143 2462 περιτειχίσματος
1180 2397 1323 2452 ἐκτὸς
1360 2399 1497 2449 ἄλλο
1534 2400 1676 2463 ποιή-

261 2477 367 2561 360
