1747 2693
133 299 237 335 CAP.

156 338 210 375 VI

303 138 635 225 APPIAN'S
648 141 916 219 ROMAN
938 145 1261 229 HISTORY,
1277 145 1487 219 BOOK
1506 148 1629 219 VII

260 303 444 335 σαντες
471 278 522 330 οἱ
544 280 831 346 στρατηγοὶ
855 280 912 329 τὸ
943 302 1102 343 μεσον
1133 280 1275 346 εἶχον
1313 281 1427 330 ἀντὶ
1454 302 1668 345 στρατο-

259 349 431 399 πέδου.
528 349 771 410 ἐπάλξεις
836 347 875 396 δ᾽
935 349 1072 410 ἦσαν
1131 350 1304 402 αὐτοῖς
1364 347 1421 396 αἱ
1475 349 1566 413 μὲν
1625 350 1671 403 ἐς

262 416 565 470 Καπυαίους
597 415 1061 480 πολιορκουμένους
1103 416 1158 466 αἱ
1195 415 1235 464 δ᾽
1262 418 1310 469 ἐς
1334 417 1451 469 τοὺς
1489 416 1672 481 ἔξωθεν

260 486 498 538 ἐπιόντας
539 483 968 550 ἐπεστραμμέναι,
1008 485 1039 545 ἥ
1089 505 1144 533 τε
1190 486 1317 549 ὄψις
1363 485 1425 545 ἦν
1472 486 1673 538 πόλεως

258 553 487 618 μεγάλης
536 551 877 617 σμικροτέραν
923 551 1144 620 ἐχούσης
1192 553 1243 601 ἐν
1291 551 1447 617 μέσῳ.
1521 552 1578 602 τὸ
1621 553 1672 602 δὲ

259 620 363 671 ἀπὸ
390 625 480 670 τοῦ
506 619 959 687 περιτειχίσματος
985 621 1031 673 ἐς
1052 620 1144 681 τὴν
1171 619 1394 681 Καπύην
1415 620 1673 682 διάστημα

259 687 521 739 διστάδιον
568 688 630 750 ἦν
676 688 925 751 μάλιστα·
981 689 1032 737 ἐν
1081 688 1119 737 ᾧ
1165 688 1366 737 πολλαὶ
1414 686 1672 751 ἐγίγνοντο

257 761 430 822 πεῖραι
455 756 543 806 καὶ
567 755 840 820 συμβολαὶ
864 755 978 804 καθ᾽
1007 756 1232 817 ἑκάστην
1257 756 1464 822 ἡμέραν,
1493 755 1671 805 πολλὰ

258 824 297 874 δ᾽
319 827 384 878 ὡς
409 826 460 874 ἐν
486 824 682 890 θεάτρῳ
708 822 1019 890 μεσοτειχίῳ
1045 824 1357 891 μονομάχια,
1379 832 1671 888 προκαλου-

256 892 419 956 μένων
444 892 712 955 ἀλλήλους
738 895 838 941 τῶν
864 891 1103 956 ἀρίστων.
1169 890 1258 941 καί
1284 914 1358 946 τις
1387 894 1671 949 Καπυαῖος,

259 960 502 1027 Ταυρέας,
571 959 838 1024 Ῥωμαίων
911 961 963 1009 ἐν
1034 962 1335 1028 μονομαχίῳ
1410 960 1674 1010 Κλαύδιον

250 1028 518 1078 Ἄσελλον
588 1027 911 1099 περιφεύγων
995 1029 1267 1095 ὑπεχώρει,
1349 1028 1502 1095 μέχρι
1567 1034 1673 1083 τοῖς

258 1097 546 1147 Καπυαίων
583 1099 811 1163 τείχεσιν
842 1095 866 1146 ὁ
898 1095 1159 1149 Ἄσελλος
1197 1096 1451 1163 ἐγκύρσας
1476 1097 1562 1146 καὶ
1587 1096 1674 1148 τὸν

260 1165 421 1215 ἵππον
455 1167 512 1215 οὐ
545 1165 816 1229 δυνάμενος
842 1166 897 1214 ἐκ
923 1170 1011 1227 τῆς
1052 1165 1214 1231 ῥύμης
1239 1165 1561 1231 ἐπιστρέψαι
1592 1165 1674 1216 διὰ

258 1237 359 1284 τῶν
383 1233 645 1294 πολεμίων
671 1236 853 1282 πυλῶν
879 1234 927 1287 ἐς
953 1232 1047 1294 τὴν
1074 1233 1299 1295 Καπύην
1324 1234 1551 1296 ἐσήλατο
1578 1233 1674 1283 σὺν

260 1300 405 1368 ὁρμῇ,
445 1302 532 1351 καὶ
575 1300 886 1354 διιππεύσας
923 1300 1015 1363 τὴν
1053 1301 1211 1350 πόλιν
1248 1301 1377 1363 ὅλην
1414 1301 1547 1351 κατὰ
1584 1301 1675 1355 τὰς

260 1369 434 1434 ἑτέρας
458 1369 729 1436 ἐξέδραμεν
754 1370 802 1423 ἐς
827 1368 944 1423 τοὺς
970 1368 1055 1419 ἐπὶ
1083 1369 1275 1435 θάτερα
1309 1368 1604 1433 Ῥωμαίους.

330 1444 405 1487 38.
449 1439 554 1488 Καὶ
615 1437 638 1486 ὁ
699 1437 791 1499 μὲν
838 1439 970 1487 οὕτω
1018 1436 1342 1503 παραβόλως
1393 1437 1671 1500 διεσώζετο,

258 1505 505 1567 Ἀννίβας
530 1505 583 1555 δὲ
608 1510 697 1567 τῆς
723 1505 899 1572 χρείας
928 1506 1178 1571 ψευσθεὶς
1214 1504 1293 1573 ἐφ᾽
1318 1507 1380 1567 ἣν
1406 1508 1453 1559 ἐς
1480 1509 1673 1557 Λευκα-

259 1574 374 1629 νοὺς
418 1574 782 1639 μετεκέκλητο,
827 1573 1138 1640 ἀνέστρεφεν
1180 1575 1228 1627 ἐς
1269 1575 1505 1636 Καπύην,
1544 1574 1676 1640 μέγα

258 1642 559 1707 ποιούμενος
573 1642 642 1706 μὴ
660 1642 902 1707 περιιδεῖν
918 1642 1076 1692 πόλιν
1091 1643 1324 1706 μεγάλην
1339 1643 1426 1692 καὶ
1443 1643 1675 1710 εὔκαιρον

261 1709 361 1761 ὑπὸ
407 1710 680 1774 Ῥωμαίοις
728 1709 1014 1775 γενομένην.
1110 1710 1437 1775 προσβαλὼν
1495 1711 1546 1761 δὲ
1604 1717 1672 1778 τῷ

258 1778 679 1847 περιτειχίσματι
715 1778 802 1829 καὶ
837 1778 993 1843 μηδὲν
1031 1778 1274 1840 δυνηθείς,
1311 1778 1424 1842 μηδ᾽
1463 1780 1676 1830 ἐπινοῶν

260 1848 398 1902 ὅπως
449 1849 511 1897 ἂν
560 1849 609 1902 ἐς
656 1847 748 1910 τὴν
794 1847 953 1897 πόλιν
1003 1846 1324 1913 ἐσπέμψειεν
1372 1848 1402 1911 ἢ
1452 1851 1598 1897 σῖτον
1644 1848 1676 1910 ἢ

261 1916 529 1981 στρατιάν,
547 1915 744 1969 οὐδενὸς
763 1916 866 1966 οὐδ᾽
887 1914 977 1965 ἀπ᾽
1004 1914 1207 1965 ἐκείνων
1223 1916 1360 1981 αὐτῷ
1380 1918 1675 1980 συμβαλεῖν

262 1984 539 2048 δυναμένου
566 1984 647 2034 διὰ
672 1984 764 2047 τὴν
789 1983 1100 2052 ἐπιτείχισιν
1137 1984 1309 2047 πάντῃ
1346 1985 1674 2047 περιλαμβά-

261 2075 467 2110 νουσαν,
481 2053 568 2103 ἐπὶ
585 2052 678 2116 τὴν
696 2052 897 2115 Ῥώμην
917 2051 1160 2116 ἠπείγετο
1180 2052 1340 2102 παντὶ
1360 2057 1429 2118 τῷ
1451 2057 1673 2118 στρατῷ,

260 2121 640 2185 πυνθανόμενος
663 2120 756 2183 μὲν
780 2121 1044 2174 κἀκείνους
1072 2119 1171 2171 ὑπὸ
1207 2125 1363 2184 λιμοῦ
1390 2122 1672 2182 πιέζεσθαι,

259 2189 488 2251 ἐλπίζων
513 2191 563 2239 δὲ
590 2190 707 2244 τοὺς
744 2190 1069 2255 στρατηγοὺς
1107 2190 1275 2238 αὐτῶν
1312 2189 1417 2239 ἀπὸ
1455 2189 1675 2251 Καπύης

260 2257 592 2321 ἀναστήσειν,
612 2258 641 2321 ἢ
670 2257 824 2311 αὐτός
841 2279 890 2307 τι
913 2257 1132 2318 Καπύης
1152 2259 1323 2321 μεῖζον
1340 2258 1673 2323 ἐργάσεσθαι.

261 2324 489 2392 συντόνῳ
550 2326 603 2377 δὲ
663 2326 868 2392 σπουδῇ
923 2325 1141 2375 διελθὼν
1189 2325 1309 2386 ἔθνη
1358 2325 1540 2375 πολλὰ
1588 2326 1673 2375 καὶ

259 2395 505 2456 πολέμια,
533 2398 634 2445 τῶν
657 2394 750 2459 μὲν
776 2394 834 2444 οὐ
872 2393 1186 2455 δυνηθέντων
1222 2393 1379 2443 αὐτὸν
1416 2395 1671 2463 ἐπισχεῖν,

251 2474 364 2551 362
