1747 2693
139 291 238 329 CAP.

163 332 215 365 VI

312 132 645 216 APPIAN'S
661 135 922 222 ROMAN
932 132 1267 219 HISTORY,
1290 141 1487 216 BOOK
1516 132 1616 229 VII

259 280 362 327 τῶν
400 277 451 327 δὲ
491 277 604 326 οὐδὲ
644 278 692 330 ἐς
731 280 916 342 πεῖραν
957 277 1127 327 ἐλθεῖν
1167 278 1524 335 ὑποστάντων,
1568 280 1672 329 ἀπὸ

260 344 348 395 δύο
374 346 462 395 καὶ
500 347 778 411 τριάκοντα
815 344 1044 395 σταδίων
1081 349 1171 406 τῆς
1204 345 1399 408 Ῥώμης
1431 347 1673 411 ἐστρατο-

259 413 509 463 πέδευσεν
532 413 619 463 ἐπὶ
645 418 735 463 τοῦ
757 412 989 474 Ἀνιῆνος
1012 417 1264 478 ποταμοῦ.

330 487 405 530 39.
449 483 554 531 Καὶ
598 483 625 542 ἡ
664 480 818 534 πόλις
867 481 1162 544 ἐθορυβήθη
1205 481 1431 548 θόρυβον
1471 484 1576 534 οἷον
1617 485 1674 532 οὐ

257 549 525 617 πρότερον,
553 549 738 599 οἰκεῖον
761 549 852 613 μὲν
880 549 1023 599 οὐδὲν
1060 549 1266 616 ἔχοντες
1293 549 1469 601 ἱκανόν
1501 551 1550 613 (ὃ
1574 551 1675 618 γὰρ

259 618 418 685 εἶχον,
437 618 488 667 ἐν
515 619 805 684 Καμπανίᾳ
831 616 948 667 τότε
973 617 1071 681 ἦν),
1089 618 1344 680 πολεμίου
1371 618 1422 668 δὲ
1450 625 1675 684 στρατοῦ

259 686 474 736 τοσοῦδε
502 687 690 752 σφίσιν
727 685 1037 740 ἐπιστάντος
1076 685 1237 751 ἄφνω,
1265 687 1351 736 καὶ
1378 692 1676 753 στρατηγοῦ

259 753 321 804 δι᾽
348 753 534 819 ἀρετὴν
560 753 646 803 καὶ
672 754 920 820 εὐτυχίαν
955 754 1175 822 ἀμάχου.
1247 756 1380 818 ὅμως
1417 755 1469 805 δὲ
1494 757 1551 806 ἐκ
1576 760 1676 806 τῶν

259 821 531 886 παρόντων
558 822 603 872 οἱ
625 821 718 884 μὲν
743 822 1009 883 δυνάμενοι
1035 822 1206 887 φέρειν
1226 823 1369 872 ὅπλα
1393 823 1485 878 τὰς
1504 823 1673 878 πύλας

260 890 582 956 ἐφύλασσον,
609 891 657 941 οἱ
682 889 733 940 δὲ
758 889 990 956 γέροντες
1017 891 1065 945 ἐς
1090 889 1148 940 τὸ
1186 894 1357 959 τεῖχος
1393 892 1673 957 ἀνεπήδων,

259 959 447 1022 γύναια
473 958 526 1008 δὲ
552 961 638 1008 καὶ
664 957 854 1009 παιδία
877 960 1057 1012 λίθους
1082 958 1169 1009 καὶ
1203 960 1340 1021 βέλη
1367 960 1672 1045 παρέφερον.

261 1027 307 1077 οἱ
333 1027 385 1077 δὲ
410 1029 467 1077 ἐκ
496 1031 599 1077 τῶν
635 1027 807 1091 ἀγρῶν
845 1027 1088 1077 συνέθεον
1127 1029 1175 1081 ἐς
1218 1028 1277 1078 τὸ
1320 1028 1455 1079 ἄστυ
1489 1029 1671 1096 δρόμῳ.

258 1098 390 1159 βοῆς
438 1095 490 1146 δὲ
538 1099 836 1160 παμμιγοῦς
884 1098 971 1145 καὶ
1021 1095 1219 1160 θρήνων
1256 1097 1342 1146 καὶ
1381 1098 1548 1165 εὐχῶν
1585 1100 1673 1148 καὶ

260 1166 698 1229 παρακελεύσεων
724 1163 852 1228 πρὸς
890 1165 1158 1226 ἀλλήλους
1192 1165 1367 1215 πάντα
1403 1167 1573 1228 μεστὰ
1596 1167 1673 1229 ἦν.

261 1232 360 1283 εἰσὶ
388 1232 427 1282 δ᾽
454 1234 625 1283 αὐτῶν
651 1232 700 1282 οἳ
725 1232 817 1296 τὴν
842 1232 1075 1299 γέφυραν
1100 1232 1192 1296 τὴν
1217 1234 1303 1283 ἐπὶ
1329 1237 1421 1283 τοῦ
1444 1233 1675 1297 Ἀνιῆνος

260 1300 593 1365 ἐκδραμόντες
641 1301 875 1351 ἔκοπτον.
971 1300 1152 1367 μικρὸν
1199 1300 1254 1351 δέ
1302 1322 1352 1352 τι
1399 1303 1675 1372 πολίχνιον

258 1369 502 1432 Ῥωμαῖοί
549 1390 678 1419 ποτε
720 1368 1119 1435 ἐπιτειχίζοντες
1168 1370 1413 1425 Αἰκανοῖς
1464 1370 1677 1435 Ἄλβην

259 1437 363 1486 ἀπὸ
389 1442 478 1500 τῆς
496 1439 665 1487 αὑτῶν
689 1437 1055 1503 μητροπόλεως
1074 1438 1349 1488 ἐκάλεσαν·
1386 1438 1483 1489 σὺν
1506 1438 1674 1507 χρόνῳ

258 1505 300 1555 δ᾽
327 1505 657 1573 ἐπισύροντες
682 1506 711 1569 ἢ
741 1505 1135 1572 διαφθείροντες,
1153 1506 1185 1570 ἢ
1211 1509 1259 1559 ἐς
1286 1508 1380 1569 τὴν
1395 1507 1677 1568 Ἀλβανῶν

259 1573 551 1640 σύγκρισιν,
576 1573 881 1637 Ἀλβησέας
920 1575 1104 1629 αὐτοὺς
1140 1579 1409 1626 καλοῦσιν.
1481 1578 1676 1628 τούτων

258 1641 376 1693 τότε
413 1647 513 1693 τῶν
538 1643 852 1706 Ἀλβησέων
888 1644 937 1697 ἐς
972 1642 1175 1708 Ῥώμην
1215 1644 1470 1712 δισχίλιοι
1508 1645 1676 1713 δρόμῳ

260 1711 465 1769 διέθεον,
516 1716 606 1762 τοῦ
655 1711 888 1762 κινδύνου
935 1717 1238 1780 μετασχεῖν,
1280 1713 1367 1763 καὶ
1414 1713 1522 1779 ἅμα
1558 1715 1675 1783 ἀφι-

258 1783 470 1831 κνοῦντο
497 1781 584 1830 καὶ
611 1781 900 1842 ὡπλίζοντο
928 1782 1013 1831 καὶ
1039 1781 1131 1835 τὰς
1166 1783 1340 1835 πύλας
1378 1782 1674 1850 ἐφρούρουν.

258 1848 447 1912 τοσῇδε
485 1848 750 1917 προθυμίᾳ
792 1849 974 1934 βραχὺ
1020 1850 1299 1917 πολίχνιον
1347 1852 1403 1900 ἐκ
1451 1853 1676 1903 τοσῶνδε

257 1918 510 1967 ἀποικιῶν
551 1918 816 1985 ἐχρήσατο
853 1939 1000 1981 μόνη,
1027 1916 1133 1968 οἷόν
1172 1939 1222 1968 τι
1267 1919 1353 1968 καὶ
1382 1919 1676 1981 Ἀθηναίοις

257 1985 307 2039 ἐς
339 1987 645 2052 Μαραθῶνα
682 1985 841 2053 μικρὰ
879 1985 1035 2041 πόλις
1072 1989 1103 2050 ἡ
1139 1989 1452 2038 Πλαταιέων
1493 1989 1676 2055 ἔδραμε

257 2057 351 2104 τοῦ
376 2054 493 2104 τότε
516 2053 751 2104 κινδύνου
776 2059 1077 2122 μετασχεῖν.

327 2128 403 2171 40.
444 2125 559 2173 Τῶν
607 2123 658 2173 δὲ
707 2128 1016 2189 στρατηγῶν
1054 2124 1290 2177 Ἄππιος
1336 2125 1430 2186 μὲν
1481 2127 1673 2194 Καπύῃ

256 2190 526 2255 παρέμενε,
599 2193 832 2246 κἀκεῖνος
896 2192 1175 2256 ἡγούμενος
1238 2194 1373 2243 ἑλεῖν
1434 2193 1672 2257 Καπύην,

257 2259 544 2314 Φούλουιος
592 2260 643 2310 δὲ
693 2260 939 2314 Φλάκκος
988 2261 1181 2326 ἑτέραις
1229 2259 1360 2315 ὁδοῖς
1420 2264 1674 2331 ἐπειχθεὶς

256 2328 468 2393 ἀλήκτῳ
518 2329 671 2395 τάχει
718 2329 1260 2395 ἀντεστρατοπέδευσε
1318 2335 1389 2396 τῷ
1435 2330 1671 2404 Ἀννίβᾳ,

253 2395 415 2460 μέσον
462 2397 597 2466 ἔχων
645 2397 733 2447 τὸν
777 2396 1002 2463 Ἀνιῆνα.
1097 2402 1167 2465 τῷ
1216 2397 1256 2447 δ᾽
1306 2399 1523 2470 Ἀννίβᾳ
1581 2405 1673 2465 τῆν

248 2470 377 2554 364
