1747 2693
133 269 240 308 CAP.

161 313 210 348 VI

132 2216 245 2260 CAP.

146 2263 217 2300 VII

312 103 645 206 APPIAN'S
664 109 938 200 ROMAN
954 103 1293 219 HISTORY,
1303 122 1487 206 BOOK
1503 122 1625 190 VII

264 261 496 327 γέφυραν
544 259 741 324 εὑρόντι
788 261 1076 324 λελυμένην
1123 262 1208 310 καὶ
1260 261 1348 311 τὸν
1396 262 1680 312 Φούλουιον

263 338 683 401 ἀντικαθήμενον,
735 337 878 401 ἔδοξε
925 338 1017 391 τὰς
1074 338 1246 402 πηγὰς
1308 343 1399 389 τοῦ
1445 344 1680 403 ποταμοῦ

262 416 610 481 περιοδεῦσαι.
668 416 754 465 καὶ
780 415 804 465 ὁ
829 416 920 479 μὲν
947 415 1233 471 Φούλουιος
1259 417 1681 483 ἀντιπαρώδευεν,

263 493 287 544 ὁ
315 493 369 544 δὲ
396 493 483 543 καὶ
508 493 572 547 ὣς
610 493 857 559 ἐνήδρευε,
884 494 1130 555 Νομάδας
1165 494 1357 548 ἱππέας
1395 495 1681 552 ὑπολιπών,

263 571 309 621 οἱ
335 574 438 621 τῶν
467 575 706 635 στρατῶν
727 572 1063 622 ἀναστάντων
1083 571 1170 622 τὸν
1188 572 1398 634 Ἀνιῆνα
1423 572 1683 636 ἐπέρασαν

264 649 350 699 καὶ
386 648 451 698 τὰ
477 649 743 709 Ῥωμαίων
786 648 978 715 ἐδῄουν,
1018 649 1173 716 μέχρι
1212 649 1355 715 παρὰ
1398 650 1491 712 τὴν
1528 650 1683 700 πόλιν

265 726 426 789 αὐτὴν
461 725 722 790 γενόμενοι
760 727 846 777 καὶ
895 727 1226 793 φοβήσαντες
1266 725 1601 795 ἐπέστρεψαν
1638 728 1684 783 ἐς

263 803 528 865 Ἀννίβαν·
581 806 711 855 οὕτω
754 804 855 872 γὰρ
895 805 1068 858 αὐτοῖς
1109 805 1462 870 παρήγγελτο.
1535 805 1685 860 αὐτὸς

265 881 316 933 δὲ
368 883 479 933 ἐπεὶ
528 884 620 937 τάς
670 904 725 933 τε
779 882 952 947 πηγὰς
1003 887 1093 932 τοῦ
1145 887 1383 947 ποταμοῦ
1419 885 1684 950 περιῆλθε,

264 961 353 1011 καὶ
402 959 514 1015 ὁδὸς
554 961 616 1023 ἦν
658 963 706 1015 ἐς
748 961 806 1011 τὸ
847 960 983 1010 ἄστυ
1026 960 1083 1009 οὐ
1122 962 1317 1023 πολλή,
1348 962 1558 1025 λέγεται
1593 959 1686 1027 μὲν

264 1038 444 1093 νυκτὸς
505 1037 601 1089 σὺν
661 1040 834 1105 τρισὶν
894 1040 1258 1092 ὑπασπισταῖς
1303 1039 1482 1089 λαθὼν
1529 1062 1685 1090 κατα-

266 1116 577 1183 σκέψασθαι
605 1118 661 1168 τὸ
680 1116 832 1174 ἄστυ,
856 1119 939 1167 καὶ
968 1116 1060 1180 τὴν
1080 1123 1169 1181 τῆς
1192 1116 1448 1180 δυνάμεως
1475 1119 1687 1183 ἐρημίαν

265 1195 352 1245 καὶ
380 1193 604 1259 θόρυβον
630 1196 718 1246 τὸν
753 1195 1010 1263 ἐπέχοντα
1046 1195 1184 1252 ἰδεῖν,
1213 1195 1545 1262 ἀναστρέψαι
1572 1196 1614 1246 δ᾽
1639 1199 1687 1251 ἐς

267 1273 506 1335 Καπύην,
536 1273 637 1323 εἴτε
676 1275 795 1323 θεοῦ
834 1273 1161 1340 παράγοντος
1194 1273 1351 1324 αὐτὸν
1389 1276 1468 1324 ἀεὶ
1510 1276 1574 1329 ὡς
1600 1276 1686 1326 καὶ

264 1350 398 1407 τότε,
425 1352 527 1401 εἴτε
552 1350 645 1414 τὴν
663 1356 751 1414 τῆς
777 1350 979 1405 πόλεως
996 1351 1182 1417 ἀρετὴν
1198 1355 1281 1402 καὶ
1312 1350 1476 1421 τύχην
1496 1353 1685 1411 δείσας,

265 1429 381 1486 εἴτε,
410 1430 475 1483 ὡς
500 1428 654 1483 αὐτὸς
683 1434 789 1483 τοῖς
815 1430 1066 1491 ἐσβαλεῖν
1083 1431 1469 1497 προτρέπουσιν
1495 1431 1685 1496 ἔλεγεν,

265 1507 357 1556 οὐκ
377 1506 569 1558 ἐθέλων
585 1507 672 1558 τὸν
692 1507 922 1573 πόλεμον
941 1509 1161 1559 ἐκλῦσαι
1179 1507 1276 1558 δέει
1299 1508 1684 1575 Καρχηδονίων,

265 1585 347 1635 ἵνα
386 1585 456 1649 μὴ
501 1586 588 1636 καὶ
629 1586 720 1650 τὴν
764 1585 1086 1651 στρατηγίαν
1125 1586 1277 1642 αὐτὸς
1320 1588 1590 1638 ἀποθοῖτο·
1628 1590 1686 1639 οὐ

263 1659 364 1723 γὰρ
391 1660 418 1710 ὅ
443 1682 502 1724 γε
528 1660 625 1711 σὺν
653 1662 925 1727 Φουλουίῳ
953 1661 1176 1729 στρατὸς
1201 1662 1263 1725 ἦν
1290 1664 1428 1729 αὐτῷ
1461 1663 1685 1724 πάμπαν

264 1734 566 1803 ἀξιόμαχος.
640 1735 663 1785 ὁ
692 1735 745 1788 δὲ
772 1736 1058 1791 Φούλουιος
1095 1736 1475 1804 ἀναστρέφοντι
1512 1738 1683 1803 παρεί-

264 1830 408 1866 πετο,
437 1809 651 1860 κωλύων
693 1833 749 1861 τε
789 1811 1121 1879 προνομεύειν
1158 1811 1247 1863 καὶ
1287 1811 1684 1879 φυλασσόμενος

264 1881 421 1947 μηδὲν
447 1885 503 1948 ἐξ
528 1885 730 1954 ἐνέδρας
755 1888 958 1938 παθεῖν.

919 2061 1051 2161 VII

327 2206 418 2272 41.
424 2189 512 2268 Ὁ
521 2193 585 2270 δ᾽
582 2202 918 2285 ἐπιτηρήσας
918 2204 1090 2274 νύκτα
1095 2197 1376 2281 ἀσέληνον,
1385 2207 1483 2277 καὶ
1480 2200 1686 2291 χωρίον

260 2278 327 2343 ἐν
333 2279 394 2357 ᾧ
406 2279 705 2352 Φούλουιος
734 2287 970 2358 ἑσπερας
994 2287 1181 2365 τεῖχος
1198 2283 1308 2364 μὲν
1330 2279 1436 2351 οὐκ
1457 2285 1693 2368 ἔφθανεν

259 2358 483 2438 ἐγεῖραι,
519 2357 733 2440 τάφρον
760 2355 823 2419 δ᾽
845 2356 1180 2443 ὀρυξάμενος
1206 2356 1313 2427 καὶ
1336 2355 1691 2440 διαστήματα

262 2450 368 2517 366
