1747 2693
119 260 225 300 CAP.

133 304 209 339 VII

293 100 625 206 APPIAN'S
638 112 906 183 ROMAN
932 112 1254 193 HISTORY,
1274 119 1474 190 BOOK
1496 109 1606 190 VII

248 252 361 301 ἀντὶ
404 254 586 300 πυλῶν
626 250 932 300 καταλιπὼν
975 252 1062 300 καὶ
1099 250 1157 300 τὸ
1193 254 1347 316 χῶμα
1379 249 1667 315 προβαλὼν

247 326 361 377 ἀντὶ
386 328 589 394 τείχους
614 326 892 392 ἡσύχαζεν,
933 325 982 379 ἔς
1017 346 1073 375 τε
1109 324 1273 391 λόφον
1310 323 1669 391 ὑπερκείμενον

247 401 405 451 αὐτοῦ
430 398 676 465 καρτερὸν
707 400 914 466 ἔπεμψε
949 398 1130 449 λαθὼν
1165 398 1372 455 ἱππέας,
1400 398 1474 454 οἷς
1499 399 1667 466 εἶρητο

247 474 530 541 ἡσυχάζειν
574 474 666 528 ἕως
707 473 754 524 οἱ
777 472 1022 535 Ῥωμαῖοι
1064 473 1153 523 τὸν
1192 472 1360 538 λόφον
1395 475 1460 527 ὡς
1485 473 1669 541 ἔρημον

248 549 445 615 ἀνδρῶν
505 548 980 609 καταλαμβάνωσι,
1030 551 1137 601 τοῖς
1193 547 1234 596 δ᾽
1282 545 1506 613 ἐλέφασι
1553 548 1670 603 τοὺς

247 623 435 677 Ἰνδοὺς
460 622 725 686 ἐπιβήσας
762 621 1033 671 ἐκέλευσεν
1069 623 1119 675 ἐς
1154 622 1211 671 τὸ
1250 626 1341 672 τοῦ
1378 624 1669 672 Φουλουίου

250 697 607 763 στρατόπεδον
632 697 978 758 ἐσβιάζεσθαι
996 696 1080 745 διά
1104 717 1160 747 τε
1184 699 1285 747 τῶν
1305 696 1671 759 διαστημάτων

250 773 337 822 καὶ
375 772 456 821 διὰ
493 775 594 821 τῶν
628 773 903 839 χωμάτων,
941 773 1006 826 ὡς
1045 771 1298 822 δύναιντο.
1370 772 1671 826 σαλπικτὰς

244 839 310 905 δὲ
328 841 513 910 αὐτοῖς
527 839 620 909 καὶ
648 844 957 910 βυκανητάς
989 867 1129 901 τινας
1166 847 1224 911 ἐξ
1259 845 1438 910 ὀλίγου
1463 847 1671 911 διαστή-

253 944 414 987 ματος
450 923 671 972 ἕπεσθαι
709 921 976 978 κελεύσας,
1016 923 1351 986 προσέταξεν,
1379 922 1505 971 ὅταν
1531 921 1671 973 ἔνδον

253 991 515 1055 γένωνται,
549 988 669 1044 τοὺς
700 990 791 1053 μὲν
827 988 1053 1054 θόρυβον
1090 989 1259 1040 πολὺν
1297 991 1507 1055 ἐγείρειν
1532 1011 1671 1055 περι-

253 1060 480 1115 θέοντας,
509 1058 591 1109 ἵνα
616 1059 817 1108 πολλοὶ
840 1058 1059 1122 δόξωσιν
1087 1058 1232 1115 εἶναι,
1260 1058 1378 1112 τοὺς
1402 1059 1455 1108 δε
1483 1059 1671 1125 ῥωμαΐ-

257 1131 432 1190 ζοντας
456 1128 593 1188 βοᾶν
619 1127 697 1176 ὅτι
725 1126 1012 1181 Φούλουιος
1037 1125 1061 1176 ὁ
1087 1126 1352 1189 Ῥωμαίων
1382 1126 1673 1192 στρατηγὸς

257 1196 467 1253 κελεύει,
487 1196 545 1246 τὸ
572 1195 926 1261 στρατόπεδον
952 1195 1279 1252 ἐκλιπόντας,
1307 1195 1391 1245 ἐπὶ
1418 1194 1506 1246 τὸν
1523 1195 1673 1260 ἐγγὺς

239 1258 429 1331 λόφον
462 1263 755 1327 ἀναπηδᾶν.
841 1258 975 1319 τόδε
987 1256 1107 1343 μὲν
1124 1256 1195 1334 ἦν
1219 1260 1302 1321 τὸ
1324 1256 1682 1341 στρατήγημα

253 1337 345 1383 τοῦ
382 1331 645 1393 Ἀννίβου,
673 1333 761 1381 καὶ
800 1332 997 1382 τούτων
1038 1331 1104 1382 τὰ
1139 1331 1234 1396 μὲν
1276 1335 1461 1399 πρῶτα
1500 1332 1674 1383 πάντα

255 1401 390 1451 κατὰ
406 1404 524 1451 νοῦν
546 1401 858 1464 ἀπήντησεν·
897 1399 1017 1451 οἵτε
1036 1400 1135 1466 γὰρ
1156 1399 1432 1466 ἐλέφαντες
1449 1401 1673 1465 ἐσῆλθον

254 1470 372 1524 τοὺς
395 1469 637 1537 φύλακας
673 1468 1157 1534 καταπατήσαντες,
1185 1471 1269 1519 καὶ
1297 1468 1343 1519 οἱ
1379 1471 1674 1520 σαλπικταὶ

256 1538 313 1589 τὸ
363 1540 534 1588 αὑτῶν
579 1536 800 1595 ἐποίουν,
843 1538 929 1588 καὶ
971 1536 996 1587 ὁ
1046 1537 1267 1602 θόρυβος
1312 1537 1583 1602 Ῥωμαίοις
1621 1540 1677 1604 ἐξ

256 1608 401 1670 εὐνῆς
447 1606 807 1669 ἀνισταμένοις
853 1608 906 1656 ἐν
951 1608 1171 1673 μελαίνῃ
1231 1607 1376 1657 νυκτὶ
1424 1606 1674 1670 ἀδόκητος

256 1674 497 1738 ἐμπεσὼν
533 1673 933 1740 ἐπιφοβώτατος
969 1675 1045 1736 ἦν,
1086 1679 1188 1725 τῶν
1224 1696 1280 1725 τε
1315 1673 1674 1741 ῥωμαϊζόντων

257 1743 527 1797 ἀκούοντες
552 1743 630 1793 ὅτι
667 1744 1031 1808 παρήγγελται
1070 1744 1277 1809 φεύγειν
1305 1743 1354 1798 ἐς
1380 1743 1468 1794 τὸν
1492 1741 1671 1811 λόφον,

255 1814 375 1876 περὶ
401 1811 539 1862 τοῦτ᾽
565 1810 841 1876 ἐγίγνοντο.

326 1884 403 1930 42.
442 1879 726 1934 Φούλουιος
765 1880 817 1930 δὲ
855 1880 934 1931 ἀεί
969 1902 1085 1931 τινα
1123 1881 1428 1946 προσδοκῶν
1453 1880 1671 1946 ἐνέδραν,

257 1952 344 2000 καὶ
395 1953 547 1999 τοῦτο
593 1950 900 1999 ὑποπτεύων
947 1951 1000 2000 ἐν
1040 1950 1211 1999 ἅπασι
1259 1954 1366 2004 τοῖς
1413 1948 1671 2010 Ἀννίβου,

257 2017 348 2068 εἴθ᾽
399 2016 484 2067 ὑπ᾽
529 2017 716 2072 οἰκείας
763 2018 881 2068 τότε
930 2018 1200 2074 συνέσεως,
1252 2020 1353 2068 εἴτε
1402 2019 1673 2084 θεολήπτῳ

253 2085 431 2150 γνώμῃ
479 2086 816 2151 προσπεσών,
867 2088 969 2136 εἴτε
1018 2085 1149 2147 παρ᾽
1210 2086 1551 2155 αἰχμαλώτου
1609 2086 1674 2136 τὰ

256 2155 619 2220 ἀκριβέστατα
653 2155 845 2219 μαθών,
873 2156 990 2207 τοὺς
1027 2155 1341 2223 χιλιάρχους
1371 2154 1522 2220 ὀξέως
1558 2156 1671 2205 ἐπέ-

257 2244 424 2285 στησε
461 2227 573 2277 ταῖς
610 2224 659 2277 ἐς
696 2223 753 2273 τὸ
789 2223 956 2290 λόφον
993 2223 1243 2287 ἀγούσαις
1282 2223 1428 2280 ὁδοῖς,
1456 2223 1673 2274 κωλύειν

257 2291 375 2346 τοὺς
425 2291 487 2341 δι᾽
537 2293 708 2342 αὐτῶν
755 2292 1078 2359 φερομένους,
1129 2293 1214 2342 καὶ
1274 2292 1673 2356 μεταδιδάσκειν

256 2360 336 2409 ὅτι
408 2359 544 2411 τοῦτ᾽
605 2362 705 2429 οὐχ
765 2359 790 2411 ὁ
859 2361 1152 2426 στρατηγὸς
1223 2360 1489 2423 Ῥωμαίων
1553 2361 1671 2410 ἀλλ᾽

245 2438 358 2516 368
