1747 2693
132 250 241 291 CAP.

149 293 225 330 VII

322 96 641 187 APPIAN'S
658 109 919 183 ROMAN
945 109 1287 196 HISTORY,
1296 103 1487 187 BOOK
1503 103 1632 193 VII

260 236 506 299 Ἀννίβας
554 239 795 305 ἐκήρυξεν
856 240 1136 305 ἐνεδρεύων.
1243 241 1397 296 αὐτὸς
1455 242 1505 294 δὲ
1567 248 1673 297 τοῖς

259 305 475 374 χώμασι
525 308 767 372 φυλακὰς
825 308 1057 373 ἀκριβεῖς
1115 309 1420 372 ἐπιστήσας,
1469 311 1539 375 μή
1599 333 1674 365 τις

261 374 440 440 ἔφοδος
489 374 675 439 ἔξωθεν
735 374 875 438 ἄλλη
935 376 1149 440 γένοιτο,
1201 377 1503 443 ἐβοηδρόμει
1562 381 1673 443 μεθ᾽

261 441 445 506 ἑτέρων
495 442 593 492 ἀνὰ
642 442 701 493 τὸ
750 443 1106 509 στρατόπεδον
1154 445 1364 496 ἅπαντα
1418 447 1558 515 ἔχειν
1619 450 1674 497 ἀ-

260 514 495 576 σφαλῶς,
535 512 622 561 καὶ
663 510 869 577 ὀλίγους
912 513 1030 566 τοὺς
1073 513 1204 576 μετὰ
1241 517 1343 564 τῶν
1379 515 1675 581 ἐλεφάντων

259 578 573 633 ἐσελθόντας
598 579 743 630 εἶναι.
818 580 972 647 δᾷδάς
997 602 1053 631 τε
1077 582 1211 643 ἧπτε
1237 582 1324 631 καὶ
1350 587 1454 648 πῦρ
1480 605 1675 633 παντα-

258 648 417 713 χόθεν
441 647 625 713 ἤγειρε,
646 648 733 697 καὶ
759 648 1062 715 καταφανὴς
1086 651 1148 713 ἦν
1174 651 1201 710 ἡ
1229 653 1331 700 τῶν
1356 651 1676 703 ἐσελθόντων

258 713 513 778 ὀλιγότης,
555 716 691 766 ὥστε
733 717 903 766 αὐτῶν
939 717 1077 767 πάνυ
1115 719 1605 784 καταφρονήσαντες
1629 719 1679 770 οἱ

256 782 516 847 Ῥωμαῖοι,
561 785 609 838 ἐς
652 784 808 849 ὀργὴν
856 786 913 834 ἐκ
955 789 1046 835 τοῦ
1088 785 1209 851 πρὶν
1258 786 1399 840 δέους
1445 789 1675 851 μεταβα-

255 849 450 908 λόντες,
515 853 743 916 εὐμαρῶς
804 853 889 902 οἷα
947 854 1143 920 ψιλοὺς
1191 856 1276 904 καὶ
1327 854 1533 918 ὀλίγους
1581 855 1674 906 διέ-

258 920 489 985 φθειραν.
565 921 611 970 οἱ
648 920 700 971 δὲ
731 920 1009 988 ἐλέφαντες
1036 923 1127 971 οὐκ
1154 922 1359 991 ἔχοντες
1386 923 1675 992 εὐρύχωρον

255 987 402 1038 οὐδὲν
428 989 477 1042 ἐς
514 989 868 1056 ἀναστροφήν,
897 989 1183 1055 εἰλούμενοι
1220 991 1339 1055 περὶ
1365 992 1562 1054 σκηνὰς
1587 994 1675 1044 καὶ

255 1056 469 1122 φάτνας,
510 1057 805 1116 ἐβάλλοντο
842 1057 972 1122 πρὸς
1009 1059 1255 1109 ἁπάντων
1293 1061 1556 1128 ἐπιτυχῶς
1592 1061 1675 1111 διὰ

255 1123 350 1186 τὴν
398 1124 687 1188 στενότητα
729 1129 820 1176 τοῦ
862 1126 1057 1195 χωρίου
1099 1128 1187 1178 καὶ
1230 1126 1288 1177 τὸ
1324 1127 1537 1191 μέγεθος
1575 1133 1675 1180 τῶν

255 1193 528 1255 σωμάτων,
571 1195 728 1263 μέχρι
766 1194 1172 1259 περιαλγοῦντές
1214 1217 1269 1246 τε
1317 1197 1405 1247 καὶ
1450 1198 1674 1261 ἀγανακ-

255 1265 475 1319 τοῦντες,
528 1263 615 1311 καὶ
662 1263 961 1328 ἐπιδραμεῖν
1004 1265 1054 1317 ἐς
1102 1264 1220 1318 τοὺς
1268 1264 1547 1327 πολεμίους
1584 1267 1675 1316 οὐκ

255 1329 477 1398 ἔχοντες,
527 1329 646 1383 τοὺς
694 1332 956 1391 ἐπιβάτας
1004 1335 1155 1397 σφῶν
1217 1333 1525 1383 ἀπεσείοντο
1584 1335 1673 1384 καὶ

255 1398 581 1448 κατεπάτουν
616 1398 713 1449 σὺν
750 1399 874 1465 ὀργῇ
913 1400 1002 1450 καὶ
1037 1403 1140 1465 βοῇ
1179 1401 1317 1451 πάνυ
1354 1402 1673 1467 ἠγριωμένοι,

254 1466 343 1515 καὶ
397 1467 659 1530 ἐξεπήδων
707 1469 762 1517 ἐκ
806 1472 898 1518 τοῦ
947 1469 1315 1533 στρατοπέδου.
1389 1471 1675 1525 Φούλουιος

252 1535 345 1597 μὲν
418 1535 477 1596 δὴ
551 1535 796 1589 Φλάκκος
871 1537 1138 1591 εὐσταθῶς
1212 1540 1300 1589 καὶ
1373 1539 1674 1607 εὐμηχάνως

255 1602 493 1669 αἰφνιδίῳ
521 1604 847 1672 συνενεχθεὶς
875 1605 1051 1674 ἐνέδρᾳ
1077 1611 1260 1671 περιῆν
1285 1611 1376 1656 τοῦ
1411 1606 1672 1668 Ἀννίβου,

255 1672 341 1721 καὶ
383 1671 471 1721 τὸν
515 1672 743 1737 στρατὸν
790 1673 1101 1737 περιέσωζεν
1138 1674 1216 1724 ἀεὶ
1253 1675 1548 1741 πεφρικότα
1584 1676 1674 1731 τὰς

252 1737 500 1799 Ἀννίβου
562 1742 816 1808 μηχανάς·

322 1814 402 1858 43.
440 1807 502 1858 Ὁ
533 1809 573 1858 δ᾽
600 1809 848 1870 Ἀννίβας
874 1810 983 1860 ἐπεὶ
1013 1815 1102 1874 τῆς
1121 1810 1303 1876 πείρας
1318 1811 1597 1880 ἀπέτυχεν,
1626 1815 1673 1868 ἐς

253 1877 547 1931 Λευκανοὺς
572 1878 789 1928 διελθὼν
815 1878 1069 1947 ἐχείμαζε,
1092 1880 1179 1929 καὶ
1200 1880 1287 1930 ἐπὶ
1307 1886 1503 1947 τρυφῆς
1528 1883 1590 1945 ἦν
1615 1883 1673 1933 οὐ

253 1945 524 2007 συνήθους,
543 1946 796 2011 ἐρωμένην
813 1969 867 1996 τε
885 1947 1024 2015 εἶχεν
1042 1948 1217 2011 ἄγριος
1234 1949 1376 2014 ἀνήρ.
1421 1950 1507 1999 καὶ
1527 1950 1673 2004 εὐθὺς

252 2014 393 2079 αὐτῷ
415 2014 531 2063 κατ᾽
558 2014 735 2078 ὀλίγον
773 2016 1014 2081 ἐτρέπετο
1053 2018 1242 2067 πάντα.
1316 2018 1603 2073 Φούλουιος
1630 2018 1671 2068 δ᾽

251 2082 300 2135 ἐς
319 2083 543 2144 Καπύην
567 2083 695 2145 πρὸς
721 2082 810 2134 τὸν
830 2084 1198 2150 συστράτηγον
1215 2086 1443 2152 ἐπανῄει,
1461 2088 1547 2136 καὶ
1565 2093 1671 2142 τοῖς

252 2149 550 2204 Καπυαίοις
576 2151 956 2216 προσέβαλλον
987 2152 1141 2219 ἄμφω
1170 2158 1441 2220 καρτερῶς,
1470 2157 1668 2219 ἐπειγό-

248 2240 391 2282 μενοι
439 2223 689 2288 χειμῶνος
739 2221 875 2271 ἑλεῖν
922 2220 1014 2283 τὴν
1062 2221 1234 2280 πόλιν,
1285 2223 1377 2277 ἕως
1423 2222 1670 2285 Ἀννίβας

248 2288 437 2351 ἠρεμεῖ.
513 2290 782 2339 Καπυαῖοι
826 2289 891 2346 δέ,
920 2293 1021 2339 τῶν
1058 2294 1263 2356 τροφῶν
1300 2295 1440 2358 σφᾶς
1477 2293 1667 2342 ἐπιλει-

248 2359 463 2406 πουσῶν
522 2357 610 2407 καὶ
668 2357 949 2412 οὐδαμόθεν
1009 2357 1189 2409 ἄλλων
1237 2360 1664 2425 ἐπεισαγομένων,

245 2445 358 2512 370
