1747 2693
143 243 246 282 CAP.

159 286 226 325 VII

325 90 635 180 APPIAN'S
661 106 922 177 ROMAN
951 96 1277 174 HISTORY,
1306 100 1487 180 BOOK
1522 106 1635 177 VII

267 239 587 307 ἐνεχείρισαν
613 241 822 294 ἑαυτοὺς
859 246 965 295 τοῖς
1004 248 1331 307 στρατηγοῖς·
1370 242 1682 311 ἐνεχείρισαν

268 316 318 365 δὲ
368 316 455 367 καὶ
501 317 617 367 ὅσοι
663 318 877 378 Λιβύων
937 319 1121 373 αὐτοὺς
1170 320 1465 386 ἐφρούρουν,
1514 322 1685 375 αὐτοῖς

268 397 596 456 στρατηγοῖς,
626 394 843 443 Ἄννωνι
865 393 1016 458 ἑτέρῳ
1040 395 1125 443 καὶ
1144 394 1403 460 Βώσταρι.
1443 395 1687 457 Ῥωμαῖοι

267 465 319 514 δὲ
369 469 430 531 τῇ
470 465 561 530 μὲν
587 465 739 516 πόλει
781 466 1009 533 φρουρὰν
1053 468 1369 529 ἐπέστησαν,
1411 470 1498 519 καὶ
1536 469 1688 524 ὅσους

265 540 421 606 ηὗρον
469 542 901 605 αὐτομολοῦντας,
952 547 1131 609 χεῖρας
1191 544 1359 594 αὐτῶν
1413 544 1684 607 ἀπέτεμον·

267 615 482 675 Λιβύων
508 615 560 665 δὲ
584 615 700 670 τοὺς
725 615 816 676 μὲν
837 619 1103 680 ἐπιφανεῖς
1124 618 1173 670 ἐς
1196 616 1399 681 Ῥώμην
1425 618 1685 683 ἔπεμψαν,

266 690 384 743 τοὺς
409 690 460 739 δὲ
485 691 701 743 λοιποὺς
727 688 993 740 ἀπέδοντο.
1091 691 1177 741 καὶ
1206 691 1495 742 Καπυαίων
1522 694 1688 743 αὐτῶν

266 764 383 818 τοὺς
418 764 511 828 μὲν
547 764 739 819 αἰτίους
775 765 1015 829 μάλιστα
1053 771 1143 828 τῆς
1180 767 1527 821 ἀποστάσεως
1564 767 1687 818 ἀπέ-

267 861 484 897 κτειναν,
526 843 627 891 τῶν
664 838 703 890 δ᾽
732 839 911 891 ἄλλων
937 841 1031 901 τὴν
1067 846 1164 905 γῆν
1202 842 1481 908 ἀφείλοντο
1519 841 1687 906 μόνον.

267 915 481 980 εὔφορος
529 914 569 963 δ᾽
619 915 764 965 ἐστὶν
807 912 857 968 ἐς
906 919 1055 966 σῖτον
1097 917 1127 979 ἡ
1172 916 1290 981 περὶ
1331 915 1424 980 τὴν
1462 917 1689 979 Καπύην

267 993 432 1039 πᾶσα·
472 989 653 1043 πεδιὰς
687 989 789 1054 γάρ
826 990 982 1040 ἐστιν.
1059 990 1250 1053 Καπύη
1299 992 1391 1054 μὲν
1428 991 1486 1053 δὴ
1524 992 1688 1042 πάλιν

266 1065 315 1118 ἐς
351 1064 636 1128 Ῥωμαίους
673 1066 949 1127 ἐπανῆκτο,
990 1066 1077 1114 καὶ
1112 1066 1245 1129 μέγα
1283 1070 1435 1116 τοῦτο
1474 1067 1687 1127 Λιβύων

265 1141 315 1194 ἐς
341 1140 433 1201 τὴν
457 1138 690 1189 Ἰταλίαν
716 1139 1078 1204 πλεονέκτημα
1103 1140 1399 1207 περιῄρητο.

336 1220 416 1264 44.
454 1215 543 1263 Ἐν
568 1214 620 1263 δὲ
645 1214 922 1279 Βρεττίοις,
950 1215 999 1264 οἳ
1023 1216 1172 1279 μέρος
1198 1215 1301 1264 εἰσὶ
1327 1221 1415 1279 τῆς
1442 1216 1684 1273 Ἰταλίας,

267 1289 394 1355 ἀνὴρ
438 1291 494 1340 ἐκ
542 1289 745 1343 πόλεως
781 1289 965 1345 Τισίας
1009 1291 1387 1357 φρουρουμένης
1438 1291 1537 1342 ὑπὸ
1587 1295 1685 1342 τῶν

265 1364 496 1425 Λιβύων,
546 1363 723 1419 ἐθίσας
757 1364 839 1414 ἀεί
885 1387 933 1415 τι
981 1364 1234 1431 λῄζεσθαι
1283 1367 1370 1415 καὶ
1409 1367 1581 1433 φέρειν
1618 1372 1685 1432 τῷ

264 1440 591 1507 φρουράρχῳ,
642 1442 730 1490 καὶ
781 1439 925 1506 παρὰ
976 1445 1127 1491 τοῦτο
1178 1443 1317 1507 αὐτῷ
1370 1442 1596 1504 συνήθης
1639 1444 1687 1496 ἐς

263 1515 440 1565 πάντα
480 1514 702 1579 γεγονὼς
741 1515 828 1566 καὶ
871 1516 1062 1583 σχεδὸν
1110 1518 1487 1583 συστράτηγος,
1538 1519 1686 1581 ἤλγει

263 1591 365 1638 τῶν
440 1592 677 1655 φρουρῶν
749 1590 797 1642 ἐς
874 1590 967 1651 τὴν
1051 1590 1279 1656 πατρίδα
1358 1590 1671 1655 ὑβριζόντων

264 1663 568 1728 συνθέμενος
629 1665 716 1715 οὖν
781 1669 852 1730 τῷ
911 1664 1179 1729 Ῥωμαίων
1244 1671 1536 1732 στρατηγῷ,
1599 1667 1686 1716 καὶ

262 1738 431 1790 πιστὰ
503 1739 617 1793 δοὺς
689 1740 775 1789 καὶ
839 1740 1043 1800 λαβών,
1109 1741 1360 1791 ἑκάστοτέ
1420 1763 1562 1796 τινας
1622 1744 1687 1797 ὡς

262 1814 631 1883 αἰχμαλώτους
670 1816 855 1879 ἐσῆγεν
892 1816 942 1870 ἐς
978 1816 1071 1878 τὴν
1109 1816 1287 1882 ἄκραν,
1316 1817 1403 1867 καὶ
1441 1816 1505 1866 τὰ
1542 1815 1687 1867 ὅπλα

261 1891 432 1941 αὐτῶν
493 1889 735 1955 ἐσέφερεν
797 1893 862 1944 ὡς
922 1896 1112 1942 σκῦλα.
1187 1892 1300 1943 ἐπεὶ
1360 1892 1411 1942 δὲ
1472 1892 1685 1947 πλέονες

259 1964 507 2029 ἐγένοντο,
559 1965 804 2030 ἐξέλυσεν
854 1968 1040 2021 αὐτοὺς
1088 1967 1174 2017 καὶ
1210 1967 1430 2024 ὥπλισε,
1471 1967 1558 2017 καὶ
1594 1967 1685 2031 τὴν

259 2040 474 2101 Λιβύων
534 2041 763 2107 φρουρὰν
823 2042 1009 2099 ἀνεῖλε,
1072 2043 1158 2092 καὶ
1217 2042 1362 2109 παρὰ
1419 2042 1685 2105 Ῥωμαίων

259 2115 431 2179 ἄλλην
457 2116 759 2180 ἐσηγάγετο.
855 2115 1103 2179 Ἀννίβου
1130 2118 1179 2168 δὲ
1217 2120 1275 2168 οὐ
1302 2118 1442 2168 πολὺ
1469 2119 1683 2184 ὕστερον

260 2191 634 2257 παροδεύοντος
660 2192 859 2249 αὐτούς,
889 2193 935 2242 οἱ
960 2193 1052 2257 μὲν
1079 2194 1292 2260 φρουροὶ
1319 2193 1678 2258 καταπλαγέν-

260 2288 341 2321 τες
390 2267 490 2317 ὑπὸ
538 2271 629 2317 τοῦ
679 2266 819 2322 δέους
868 2267 1116 2335 ἐξέφυγον
1166 2270 1215 2323 ἐς
1261 2269 1483 2332 Ῥήγιον,
1535 2269 1582 2319 οἱ
1630 2269 1680 2319 δὲ

258 2344 503 2392 Τισιᾶται
539 2342 846 2407 παρέδωκαν
883 2344 1067 2397 αὑτοὺς
1104 2346 1174 2409 τῷ
1210 2343 1446 2413 Ἀννίβᾳ.
1530 2345 1615 2394 καὶ
1656 2344 1679 2394 ὁ

251 2429 367 2506 372
