1747 2693
86 313 192 353 CAP.

99 359 175 392 VII

254 164 583 251 APPIAN'S
600 164 864 254 ROMAN
887 164 1219 251 HISTORY,
1229 167 1422 251 BOOK
1432 164 1564 254 VII

207 305 455 367 Ἀννίβας
518 306 635 362 τοὺς
702 306 793 371 μὲν
865 307 1058 362 αἰτίους
1117 312 1207 370 τῆς
1277 308 1617 360 ἀποστάσεως

209 380 412 439 ἔκαυσε,
439 385 501 447 τῇ
529 381 581 431 δὲ
605 381 760 433 πόλει
785 383 1013 449 φρουρὰν
1038 382 1327 444 ἐπέστησεν
1352 383 1535 444 ἄλλην.

278 461 357 505 45.
394 455 654 520 Ἰαπύγων
700 456 741 507 δ᾽
789 459 840 507 ἐν
892 457 1046 507 πόλει
1096 454 1361 526 Σαλαπίᾳ,
1410 457 1622 519 Λιβύων

211 528 436 595 ὑπηκόῳ,
478 529 566 580 δύο
609 531 776 593 ἤστην
815 530 965 597 ἄνδρε
1003 534 1105 582 τῶν
1145 531 1238 594 μὲν
1277 531 1455 581 ἄλλων
1490 531 1623 594 γένει

209 605 297 655 καὶ
345 604 557 671 πλούτῳ
607 606 694 656 καὶ
743 605 952 669 δυνάμει
1004 605 1316 672 διαφέροντε,
1367 606 1623 668 ἀλλήλοιν

211 679 250 730 δ᾽
299 681 356 730 ἐκ
397 684 603 731 πολλοῦ
642 678 887 746 διαφόρω.
963 679 1162 731 τούτοιν
1200 680 1399 734 Δάσιος
1432 680 1524 743 μὲν
1561 680 1623 730 τὰ

211 754 426 816 Λιβύων
472 753 656 822 ᾑρεῖτο,
704 755 930 809 Βλάτιος
977 755 1029 805 δὲ
1077 755 1142 805 τὰ
1189 754 1472 820 Ῥωμαίων.
1534 755 1625 809 ἕως

209 829 302 892 μὲν
344 829 432 879 οὖν
469 830 665 892 ἤκμαζε
707 829 772 879 τὰ
817 828 1080 891 Ἀννίβου,
1120 829 1199 895 ἐφ᾽
1242 828 1467 899 ἡσυχίας
1500 830 1564 892 ἦν
1600 828 1624 879 ὁ

211 904 453 958 Βλάτιος·
491 905 600 955 ἐπεὶ
643 903 693 954 δὲ
737 903 966 970 ἠγείρετο
1014 903 1072 953 τὸ
1114 903 1379 969 Ῥωμαίων
1426 905 1514 955 καὶ
1561 903 1626 955 τὰ

210 978 392 1030 πολλὰ
433 984 522 1042 τῆς
563 977 993 1046 ἐσφετερισμένης
1042 979 1207 1046 ἀρχῆς
1245 979 1625 1043 ἀνελάμβανον,

212 1054 413 1104 ἔπειθεν
438 1053 461 1103 ὁ
490 1054 715 1108 Βλάτιος
753 1053 842 1104 τὸν
879 1053 1067 1122 ἐχθρὸν
1104 1053 1233 1119 ὑπὲρ
1269 1059 1359 1116 τῆς
1383 1052 1628 1120 πατρίδος

212 1130 351 1194 αὑτῷ
377 1133 745 1196 συμφρονῆσαι
780 1127 951 1193 μόνης,
976 1129 1048 1193 μή
1072 1150 1123 1179 τι
1159 1128 1335 1186 πάθοι,
1362 1127 1628 1192 Ῥωμαίων

213 1203 374 1265 αὐτὴν
409 1202 507 1272 βίᾳ
535 1203 828 1263 λαβόντων,
856 1203 1157 1265 ἀνήκεστον.
1231 1201 1256 1253 ὁ
1285 1202 1324 1252 δ᾽
1354 1204 1626 1270 ὑποκρινά-

209 1299 359 1344 μενος
405 1277 760 1335 συντίθεσθαι,
811 1278 1133 1342 κατεμήνυσε
1180 1281 1332 1328 τοῦτο
1389 1277 1624 1348 Ἀννίβᾳ.

213 1354 299 1405 καὶ
325 1351 553 1415 ἐδίκαζεν
578 1353 752 1406 αὐτοῖς
789 1351 813 1401 ὁ
839 1351 1102 1413 Ἀννίβας,
1130 1352 1333 1402 Δασίου
1355 1353 1448 1416 μὲν
1474 1375 1627 1416 κατη-

212 1432 498 1495 γοροῦντος,
536 1426 768 1477 Βλατίου
805 1425 845 1476 δ᾽
885 1427 1309 1491 ἀπολογουμένου
1353 1428 1438 1478 καὶ
1475 1449 1629 1479 συκο-

215 1504 527 1571 φαντεῖσθαι
564 1501 648 1551 διὰ
684 1501 777 1565 τὴν
814 1501 1009 1569 ἔχθραν
1032 1502 1291 1565 λέγοντος·
1330 1501 1355 1551 ὃ
1383 1503 1469 1552 καὶ
1507 1503 1629 1557 τέως

215 1579 314 1645 ἄρα
373 1580 608 1646 προορῶν
665 1576 953 1642 ἐτόλμησεν
1025 1578 1194 1646 ἐχθρῷ
1265 1583 1630 1643 προσενεγκεῖν

213 1653 375 1718 λόγον
421 1651 631 1710 τοιόνδε,
681 1653 746 1707 ὡς
796 1652 1003 1718 ἀπίστῳ
1065 1650 1335 1719 κατηγόρῳ
1396 1653 1478 1703 διὰ
1538 1654 1630 1717 τὴν

216 1730 411 1798 ἔχθραν
459 1726 699 1793 ἐσομένῳ.
772 1726 1019 1789 Ἀννίβας
1067 1726 1106 1777 δ᾽
1157 1727 1274 1777 οὔτε
1333 1728 1629 1796 ἀπορρῖψαι

215 1805 273 1855 τὸ
311 1804 460 1871 ἔργον
496 1802 613 1852 οὔτε
648 1806 720 1868 τῷ
738 1801 869 1867 παρ᾽
896 1802 1088 1869 ἐχθροῦ
1124 1806 1408 1853 πιστεῦσαι
1443 1803 1632 1873 ῥᾳδίως

217 1882 386 1946 ἀξιῶν,
444 1877 729 1942 μεθίστατο
800 1877 986 1931 αὐτοὺς
1044 1879 1109 1933 ὡς
1170 1876 1494 1945 σκεψόμενος
1551 1878 1629 1947 ἐφ᾽

218 1958 416 2007 ἑαυτοῦ.
456 1957 640 2016 στενῆς
681 1952 733 2002 δὲ
776 1957 866 2015 τῆς
907 1951 1082 2016 ἐξόδου
1124 1954 1348 2015 πάμπαν
1390 1953 1563 2016 οὔσης,
1605 1954 1629 2004 ὁ

217 2030 443 2084 Βλάτιος
491 2029 588 2095 ἔφη
637 2030 708 2094 τῷ
768 2027 966 2093 Δασίῳ,
1016 2028 1133 2081 τοὺς
1183 2028 1378 2083 ἄλλους
1434 2029 1629 2086 λαθών,

217 2106 325 2155 "οὐ
369 2104 575 2161 σώσεις,
621 2102 658 2153 ὦ
707 2103 886 2167 ἀγαθέ,
931 2102 1024 2166 τὴν
1060 2100 1356 2167 πατρίδα;"
1392 2101 1418 2154 ὁ
1456 2103 1508 2154 δὲ
1544 2105 1630 2155 καὶ

215 2179 353 2232 τοῦτ᾽
390 2179 537 2233 εὐθὺς
572 2179 835 2239 ἐκβοήσας
870 2178 1096 2242 ἐμήνυεν.

288 2259 364 2305 46.
406 2254 513 2305 Kαὶ
550 2252 574 2303 ὁ
612 2254 839 2307 Βλάτιος
864 2253 1223 2317 οἰκτισάμενος
1251 2251 1368 2302 τότε
1390 2253 1629 2317 μάλιστα

218 2329 539 2396 ἀξιοπίστως
569 2328 711 2379 εἶπεν
760 2329 824 2382 ὡς
871 2327 1268 2389 ἐπιβουλεύοιτο
1307 2327 1393 2376 ὑπ᾽
1440 2326 1631 2391 ἐχθροῦ

218 2405 474 2473 τεχνίτου.
537 2406 738 2454 "τοῦτο
765 2401 855 2463 δ᾽,"
882 2402 998 2470 ἔφη,
1028 2401 1132 2453 "τὸ
1159 2405 1244 2452 νῦν
1270 2399 1629 2465 ἐπιβούλευμα

196 2490 329 2583 374
