1747 2693
119 292 226 332 CAP.

131 335 210 372 VII

293 141 616 235 APPIAN'S
638 148 900 222 ROMAN
922 145 1258 225 HISTORY,
1270 148 1480 222 BOOK
1490 145 1606 232 VII

246 284 335 335 καὶ
369 289 459 347 τῆς
496 284 748 351 πρότερον
782 283 1119 351 ἀμφιλογίας,
1146 286 1193 335 εἴ
1228 305 1304 339 τις
1341 286 1417 349 ἦν,
1448 284 1665 351 ῥύσεταί

244 384 321 427 με.
394 361 470 417 τίς
506 362 607 429 γὰρ
645 363 706 413 ἂν
741 362 772 426 ἢ
812 362 1063 429 πρότερον
1101 364 1271 430 ἐχθρῷ
1308 363 1426 429 περὶ
1460 362 1665 414 τοιῶνδε

246 440 619 499 διεπίστευσεν,
669 441 701 504 ἢ
752 445 853 499 νῦν,
904 442 948 491 εἰ
996 442 1086 491 καὶ
1135 441 1259 495 τέως
1314 442 1663 503 ἐπεπλάνητο,

244 515 454 582 ἀπίστῳ
503 516 593 566 καὶ
640 515 912 583 κατηγόρῳ
963 516 1082 583 περὶ
1130 518 1295 567 ἐκεῖνα
1331 516 1663 582 γεγενημένῳ,

245 590 547 642 κινδυνεύων
597 592 672 642 ἔτι
722 593 812 641 καὶ
861 591 1149 658 κρινόμενος
1211 592 1298 642 καὶ
1346 592 1663 658 ἀρνούμενος,

245 667 393 720 αὖθις
431 667 493 716 ἂν
530 665 595 717 τὰ
633 666 845 733 δεύτερα
881 666 1026 717 ταῦτ᾽
1065 668 1351 733 ἐθάρρησεν
1374 668 1550 725 εἰπεῖν,
1579 667 1667 717 καὶ

244 739 461 807 μάλιστ᾽
501 744 552 792 ἐν
589 744 659 807 τῷ
699 741 1038 808 δικαστηρίῳ,
1076 745 1293 792 πολλῶν
1325 742 1416 807 μὲν
1442 742 1665 792 ἀκοῦσαι

245 816 549 882 δυναμένων,
580 821 671 867 τοῦ
698 816 752 867 δὲ
781 816 1077 883 κατηγόρου
1110 818 1199 867 καὶ
1234 816 1348 868 τόδε
1383 817 1665 883 μέλλοντος

244 892 392 946 εὐθὺς
419 891 602 957 ὁμοίως
630 894 790 958 ἐρεῖν;
830 891 873 942 εἰ
898 891 951 942 δὲ
983 891 1043 954 δὴ
1078 893 1165 943 καὶ
1188 891 1515 956 ἐγεγένητο,"
1550 893 1664 959 ἔφη,

247 967 529 1034 "χρηστὸς
561 966 806 1035 ἐξαίφνης
843 966 932 1017 καὶ
968 966 1139 1034 φίλος,
1172 966 1224 1017 τί
1255 989 1342 1032 μοι
1371 970 1667 1027 συλλαβεῖν

247 1042 376 1108 ὑπὲρ
426 1047 517 1104 τῆς
566 1041 817 1108 πατρίδος
868 1042 943 1092 ἔτι
993 1041 1209 1096 δυνατὸς
1258 1043 1351 1105 ἦν;
1414 1041 1467 1093 τί
1514 1042 1554 1091 δ᾽
1606 1043 1666 1093 ἂν

245 1117 454 1183 ἐδεόμην
479 1117 579 1182 ἐγὼ
604 1117 762 1183 μηδὲν
802 1119 1089 1184 ἐπικουρεῖν
1127 1112 1479 1183 δυναμένου;"
1487 1116 1554 1168 " ἅ
1578 1140 1665 1183 μοι

246 1192 387 1243 δοκεῖ
409 1192 635 1259 προϊδὼν
661 1193 826 1243 πάλιν
853 1191 877 1242 ὁ
905 1192 1133 1247 Βλάτιος
1163 1192 1405 1259 ψιθύρως
1432 1195 1664 1260 ἐντυχεῖν

244 1272 315 1334 τῷ
342 1266 543 1333 Δασίῳ,
584 1267 672 1317 καὶ
709 1267 756 1322 ἐς
794 1266 1050 1317 ἀπιστίαν
1086 1267 1245 1318 αὐτὸν
1282 1269 1534 1332 ἐμβαλεῖν
1558 1267 1662 1333 μεί-

248 1346 380 1405 ζονα,
427 1342 795 1407 ἐπαγαγέσθαι
839 1341 880 1391 δ᾽
925 1343 980 1392 ἐκ
1025 1342 1173 1392 τοῦδε
1201 1342 1291 1392 καὶ
1328 1341 1579 1405 Ἀννίβαν
1617 1346 1664 1398 ἐς

245 1416 501 1469 ἀπιστίαν
537 1421 638 1468 τῶν
674 1416 925 1484 πρότερον
962 1417 1251 1483 εἰρημένων.
1324 1419 1383 1468 οὐ
1417 1419 1519 1484 μὴν
1551 1419 1666 1469 οὐδὲ

244 1494 485 1560 ἐκφυγὼν
512 1493 604 1556 τὴν
630 1491 777 1555 δίκην
810 1491 835 1543 ὁ
866 1494 1095 1548 Βλάτιος
1121 1492 1390 1560 ἀφίστατο
1414 1493 1484 1559 μὴ
1510 1515 1663 1559 μετα-

243 1567 441 1619 πείθειν
468 1567 554 1619 τὸν
581 1566 783 1635 ἐχθρόν,
822 1571 1168 1635 καταφρονῶν
1194 1567 1295 1634 ἄρα
1323 1570 1388 1623 ὡς
1415 1570 1463 1623 ἐς
1489 1569 1663 1619 πάντα

242 1642 514 1708 γεγονότος
539 1642 786 1693 ἀπίστου.
860 1641 884 1692 ὁ
924 1642 978 1692 δὲ
1014 1643 1162 1697 αὖθις
1207 1642 1508 1709 ὑπεκρίνετο
1547 1665 1663 1694 συν-

244 1717 502 1776 τίθεσθαι,
529 1718 617 1768 καὶ
659 1717 752 1779 τὴν
782 1716 1017 1768 ἐπίνοιαν
1055 1723 1143 1780 τῆς
1182 1719 1529 1773 ἀποστάσεως
1554 1718 1664 1785 ᾔτει

241 1794 438 1859 μαθεῖν.
515 1791 539 1843 ὁ
571 1792 624 1842 δὲ
651 1792 796 1843 οὐδὲν
822 1792 1047 1856 ὀκνήσας
1078 1792 1192 1859 ἔφη,
1233 1793 1663 1860 "διαδραμοῦμαι

242 1868 333 1933 μὲν
364 1866 452 1919 ἐπί
480 1889 530 1918 τι
570 1870 670 1917 τῶν
707 1866 1077 1933 στρατοπέδων
1113 1867 1212 1931 ἐγὼ
1239 1871 1340 1918 τῶν
1362 1867 1665 1933 Ῥωμαϊκῶν

244 1943 500 2008 (μηνύσας
526 1943 667 2007 αὐτῷ
695 1942 751 1992 τὸ
777 1942 917 1992 πάνυ
933 1942 1277 2007 πορρωτάτω)
1297 1943 1386 1993 καὶ
1407 1943 1662 2009 στρατιὰν

245 2018 351 2082 ἄξω
391 2017 595 2077 λαβών·
653 2017 767 2067 ἔστι
806 2017 909 2082 γάρ
957 2037 1043 2081 μοι
1085 2015 1239 2083 φίλος
1290 2015 1315 2067 ὁ
1367 2019 1661 2084 στρατηγὸς

244 2092 437 2143 ἐκείνου
475 2096 566 2143 τοῦ
604 2096 850 2157 στρατοῦ·
892 2090 959 2141 σὺ
991 2089 1033 2140 δ᾽
1070 2091 1340 2156 ὑπομένειν
1372 2114 1458 2157 μοι
1497 2093 1657 2161 δεῦρο,

244 2168 333 2218 καὶ
359 2167 425 2217 τὰ
450 2167 590 2218 ἔνδον
616 2165 923 2233 ἐπιτηρεῖν."

314 2246 390 2292 47.
428 2241 492 2291 Ὁ
543 2242 633 2303 μὲν
683 2241 823 2292 εἶπεν
871 2243 1021 2298 οὕτω,
1071 2241 1161 2291 καὶ
1208 2242 1355 2295 εὐθὺς
1399 2242 1657 2309 ἐξέδραμε,

242 2317 423 2367 λαθὼν
448 2317 661 2375 Δάσιον,
690 2318 782 2366 οὐκ
809 2318 855 2370 ἐς
883 2317 1042 2366 ἐκεῖνο
1070 2316 1128 2366 τὸ
1157 2315 1513 2381 στρατόπεδον
1536 2319 1659 2367 ἀλλ᾽

242 2392 290 2445 ἐς
325 2390 542 2456 Ῥώμην,
582 2390 698 2441 ὁδὸν
735 2391 1020 2442 ἐλάσσονα.
1107 2391 1194 2440 καὶ
1233 2390 1347 2446 δοὺς
1385 2396 1447 2451 τῇ
1485 2395 1658 2451 βουλῇ

232 2474 345 2545 376
