1747 2693
150 316 259 361 CAP.

163 363 242 404 VII

325 154 651 270 APPIAN'S
677 158 935 258 ROMAN
958 164 1287 264 HISTORY,
1300 170 1512 248 BOOK
1532 161 1645 248 VII

277 311 366 362 τόν
403 311 510 361 υἱὸν
546 311 751 377 ὅμηρον,
793 311 985 365 ἱππέας
1033 311 1143 377 ᾔτει
1192 312 1415 378 χιλίους,
1464 312 1575 377 μεθ᾽
1625 312 1691 363 ὧν

276 390 520 453 ἠπείγετο
545 389 683 440 κατὰ
721 389 968 452 σπουδήν,
997 389 1055 439 τὸ
1091 389 1288 454 μέλλον
1323 390 1541 441 ἔσεσθαι
1567 413 1690 457 προ-

276 468 540 535 ορώμενος.
617 466 641 518 ὁ
680 467 733 517 δὲ
771 468 969 522 Δάσιος
1007 472 1121 522 ταῖς
1171 467 1443 523 ἐπιούσαις
1481 469 1690 536 ἡμέραις

275 546 362 597 τὸν
388 545 576 613 ἐχθρὸν
601 547 701 613 οὐχ
727 545 872 612 ὁρῶν,
894 548 1103 596 εἴκασεν
1127 547 1285 597 αὐτὸν
1310 549 1563 615 ἐγχειρεῖν
1588 551 1693 602 τοῖς

275 623 613 689 ἐγνωσμένοις
651 626 716 678 ὡς
752 624 848 686 ἤδη
886 624 1206 675 πιστεύοντα
1244 626 1400 691 αὐτῷ.
1474 624 1692 690 νομίσας

275 701 362 750 οὖν
393 701 441 754 ἐς
472 700 630 749 ἐκεῖνο
663 703 734 765 τῷ
764 700 873 749 ὄντι
904 698 962 749 τὸ
995 699 1305 766 πορρωτέρω
1337 699 1693 765 στρατόπεδον

274 773 431 824 αὐτὸν
467 775 729 841 οἴχεσθαι,
773 773 1013 840 διέδραμε
1055 774 1184 841 πρὸς
1221 773 1485 836 Ἀννίβαν,
1527 797 1689 826 κατα-

273 853 476 918 φρονῶν
511 850 591 899 ὅτι
627 850 825 916 φθάσει
865 850 1055 900 ἐκεῖνον
1088 850 1404 908 ἐπανελθών,
1430 851 1520 901 καὶ
1557 854 1692 901 "νῦν

273 923 409 990 μέν,"
436 924 552 991 ἔφη,
579 924 932 990 "παραδώσω
962 946 1046 974 σοι
1072 924 1161 975 τὸν
1186 926 1415 976 Βλάτιον
1434 925 1513 976 ἐπ᾽
1540 927 1688 977 αὐτο-

272 1000 429 1067 φώρῳ
489 998 746 1065 στρατιὰν
792 1000 1057 1064 ἐπάγοντα
1111 1004 1174 1065 τῇ
1228 999 1429 1051 πόλει."
1500 1002 1587 1052 καὶ
1632 1001 1691 1052 τὸ

272 1074 479 1141 γεγονὸς
510 1073 791 1139 ἐκθέμενος,
821 1075 911 1125 καὶ
944 1075 1132 1135 λαβών
1163 1097 1322 1133 τινας,
1356 1076 1611 1141 ἐπανῆγεν
1643 1078 1692 1131 ἐς

275 1150 369 1213 τὴν
392 1149 624 1216 πατρίδα
657 1149 790 1215 μετὰ
819 1150 1054 1215 σπουδῆς
1080 1152 1145 1205 ὡς
1170 1152 1313 1201 οὔπω
1340 1155 1433 1202 τοῦ
1458 1151 1691 1203 Βλατίου

274 1226 676 1288 πλησιάζοντος.
751 1224 776 1276 ὁ
826 1226 865 1275 δ᾽
915 1225 1057 1276 ἔνδον
1096 1248 1150 1276 τε
1186 1226 1250 1289 ἦν
1286 1226 1419 1293 ἄρτι,
1469 1228 1558 1278 καὶ
1600 1227 1691 1291 τὴν

273 1301 504 1369 φρουρὰν
542 1300 634 1363 τὴν
671 1300 887 1363 Λιβύων
924 1300 1107 1366 ὀλίγην
1144 1302 1309 1352 οὖσαν
1345 1302 1542 1353 ἀνελὼν
1570 1302 1689 1371 ἐφύ-

274 1385 451 1428 λασσε
496 1376 689 1442 μηδένα
735 1378 1032 1442 παρελθεῖν,
1082 1378 1170 1428 καὶ
1226 1378 1402 1433 πύλας
1451 1378 1543 1433 τὰς
1599 1379 1690 1442 μὲν

275 1452 446 1506 ἄλλας
472 1450 767 1508 ἐκεκλείκει,
794 1451 887 1505 τὰς
923 1450 962 1500 δ᾽
1002 1454 1051 1506 ἐς
1089 1451 1181 1515 τὴν
1214 1453 1463 1503 ἐπάνοδον
1488 1452 1690 1504 Δασίου

272 1526 431 1593 μόνας
480 1528 654 1576 εἴασεν
703 1526 980 1593 ἀνεῷχθαι.
1077 1527 1163 1577 καὶ
1214 1526 1272 1577 τὸ
1321 1526 1436 1577 κατ᾽
1497 1527 1689 1583 ἐκείνας

270 1602 421 1669 μέρος
459 1601 601 1652 ἅπαν
640 1601 779 1669 εἶχεν
818 1600 1148 1657 ἀνυπόπτως·
1188 1601 1255 1651 τὰ
1288 1601 1329 1652 δ᾽
1363 1602 1504 1658 ἐντὸς
1530 1605 1688 1668 ἐξετε-

273 1677 531 1745 τάφρευτο
575 1677 665 1727 καὶ
708 1675 994 1739 διείληπτο,
1040 1678 1104 1731 ὡς
1145 1676 1216 1742 μὴ
1265 1676 1524 1729 δύνασθαι
1573 1680 1691 1735 τοὺς

272 1751 594 1818 ἐμπεσόντας
632 1753 679 1806 ἐς
717 1752 845 1814 ὅλην
881 1751 1195 1818 διαδραμεῖν.
1268 1753 1466 1808 Δάσιος
1501 1754 1554 1805 δὲ
1580 1755 1690 1806 ἐπεὶ

271 1827 363 1882 τὰς
388 1828 563 1882 πύλας
595 1826 724 1878 εἶδεν
762 1828 1101 1894 ἀνεῳγμένας,
1127 1828 1267 1891 ἥσθη
1307 1827 1524 1894 νομίσας
1564 1852 1687 1896 προ-

269 1906 464 1966 λαβεῖν
499 1902 588 1953 τὸν
624 1901 827 1970 ἐχθρόν,
865 1903 953 1952 καὶ
989 1902 1221 1966 ἐσήλατο
1256 1905 1504 1969 γεγηθώς.
1580 1905 1605 1956 ὁ
1646 1907 1687 1956 δ᾽

272 1977 577 2033 ἐπικλείσας
615 1977 899 2044 διέφθειρεν
936 1977 1094 2028 αὐτόν
1119 1999 1175 2028 τε
1208 1979 1296 2029 καὶ
1321 1980 1440 2034 τοὺς
1466 1980 1687 2048 ἐσδραμ-

272 2055 435 2111 όντας,
464 2052 778 2118 ὠθουμένους
805 2055 855 2103 ἐν
882 2055 1045 2119 στενῷ
1070 2053 1159 2103 καὶ
1183 2053 1463 2119 διαδρομὴν
1488 2055 1571 2106 διὰ
1597 2057 1688 2112 τὰς

270 2129 500 2196 τάφρους
537 2129 631 2178 οὐκ
667 2128 900 2195 ἔχοντας.
976 2127 1145 2192 ὀλίγοι
1177 2128 1217 2179 δ᾽
1256 2130 1427 2180 αὐτῶν
1465 2130 1549 2181 διὰ
1597 2136 1689 2183 τοῦ

271 2201 477 2271 τείχους
502 2202 800 2267 ἐξαλόμενοι
830 2202 1089 2270 διέφυγον.

264 2503 377 2580 378
