1747 2693
131 495 241 538 CAP.

137 542 231 579 VIII

312 145 651 245 APPIAN'S
664 154 922 235 ROMAN
948 161 1277 245 HISTORY,
1293 154 1496 248 BOOK
1509 154 1625 238 VII

874 338 1061 432 VIII

331 503 407 547 48.
450 497 555 548 Καὶ
582 498 811 552 Βλάτιος
839 496 930 562 μὲν
959 498 1092 548 οὕτω
1124 503 1305 564 περιῆν
1331 496 1548 555 Δασίου,
1575 498 1681 561 τρὶς

260 571 642 639 ἀντενεδρεύων,
696 572 984 641 Φούλουιος
1045 572 1097 622 δὲ
1157 571 1426 637 Ῥωμαίων
1483 573 1683 628 ὕπατος

258 646 526 713 Ἐρδονίαν
553 646 865 714 ἐπολιόρκει·
904 646 994 697 καὶ
1018 646 1179 697 αὐτὸν
1214 645 1462 708 Ἀννίβας
1495 647 1683 698 ἔλαθεν

261 722 486 790 ἑσπέρας
536 722 689 788 ἐγγὺς
735 721 1018 788 γενόμενος,
1068 721 1158 773 καὶ
1206 722 1397 773 ἀπεῖπε
1433 722 1577 789 πυρὰ
1612 723 1681 788 μὴ

260 797 439 855 καίειν,
488 798 578 849 καὶ
627 797 833 862 σιωπὴν
880 798 1249 863 παρήγγειλεν.
1338 797 1458 863 περὶ
1506 798 1558 848 δὲ
1601 798 1681 856 ἕω,

259 872 532 939 γενομένης
569 872 696 936 ὁμοῦ
733 894 783 924 τι
820 872 910 923 καὶ
947 871 1187 939 ὁμίχλης,
1216 870 1334 926 τοὺς
1364 872 1456 937 μὲν
1488 872 1682 927 ἱππέας

261 949 498 1016 ἔπεμψεν
557 949 838 1015 ἐπιχειρεῖν
887 951 957 1013 τῷ
1006 945 1277 1012 Ῥωμαίων
1327 947 1681 1013 στρατοπέδῳ,

261 1023 351 1075 καὶ
379 1021 569 1077 αὐτοὺς
607 1022 859 1087 ἠμύνοντο
897 1023 1094 1078 ἐκεῖνοι,
1134 1020 1233 1071 σὺν
1265 1021 1476 1087 θορύβῳ
1499 1021 1592 1087 μὲν
1618 1024 1681 1077 ὡς

262 1097 354 1150 ἀπ᾽
379 1099 540 1161 εὐνῆς,
567 1097 664 1148 σὺν
689 1097 876 1163 θάρσει
901 1096 955 1146 δὲ
980 1096 1063 1146 οἷα
1091 1094 1299 1161 ὀλίγους
1323 1095 1483 1146 ποθὲν
1506 1098 1684 1151 αὑτοῖς

264 1172 625 1239 ἐπιφανέντας.
699 1170 724 1222 ὁ
751 1170 792 1220 δ᾽
828 1169 1077 1231 Ἀννίβας
1115 1169 1202 1222 ἐπὶ
1226 1170 1421 1236 θάτερα
1448 1175 1518 1238 τῷ
1547 1175 1682 1239 πεζῷ

266 1248 356 1311 τὴν
380 1246 537 1298 πόλιν
561 1246 775 1312 περιῄει,
803 1244 1292 1310 κατασκεπτόμενος
1319 1244 1425 1310 ἅμα
1451 1246 1540 1296 καὶ
1565 1247 1681 1301 τοὺς

263 1317 404 1368 ἔνδον
430 1314 737 1377 ἐπελπίζων,
766 1316 857 1369 ἕως
883 1314 1082 1377 ἐπῆλθε
1108 1318 1212 1367 τοῖς
1236 1312 1513 1378 Ῥωμαίοις
1540 1315 1593 1365 ἐν
1617 1320 1679 1381 τῇ

262 1384 499 1452 περιόδῳ,
537 1385 640 1435 εἴτε
684 1382 1018 1449 προιδόμενος
1055 1383 1156 1432 εἴτε
1194 1381 1330 1432 κατὰ
1373 1387 1679 1451 συντυχίαν,

264 1453 609 1516 κυκλούμενος
639 1451 842 1505 αὐτούς.
916 1451 965 1501 οἱ
1002 1450 1041 1500 δ᾽
1086 1451 1307 1501 ἔπιπτον
1342 1451 1439 1513 ἤδη
1465 1452 1681 1519 λάβρως

264 1523 353 1573 καὶ
389 1520 602 1588 ἀθρόως,
644 1520 937 1587 ἀμφίβολοι
970 1518 1252 1583 γεγονότες·
1292 1520 1379 1569 καὶ
1419 1519 1681 1571 ἀπέθανον

264 1593 435 1641 αὐτῶν
472 1590 520 1644 ἐς
558 1587 1004 1656 ὀκτακισχιλίους,
1036 1588 1124 1638 καὶ
1167 1586 1191 1637 ὁ
1230 1588 1429 1642 ὕπατος
1468 1588 1622 1644 αὐτὸς
1656 1589 1680 1640 ὁ

264 1659 570 1712 Φούλουιος.
644 1657 693 1708 οἱ
737 1659 919 1707 λοιποὶ
957 1656 999 1706 δ᾽
1049 1657 1097 1710 ἔς
1146 1678 1197 1706 τι
1245 1660 1401 1724 χῶμα
1449 1656 1552 1723 πρὸ
1589 1662 1680 1707 τοῦ

264 1726 624 1795 στρατοπέδου
655 1723 989 1793 ἀναθορόντες
1020 1723 1148 1775 αὐτό
1182 1745 1238 1775 τε
1270 1724 1544 1784 διέσωσαν,
1569 1747 1679 1791 γεν-

263 1818 418 1851 ναίως
467 1794 783 1861 ἀμυνόμενοι,
834 1793 924 1844 καὶ
972 1793 1060 1844 τὸν
1109 1792 1362 1855 Ἀννίβαν
1411 1793 1681 1845 ἐκώλυσαν

261 1867 454 1927 λαβεῖν
478 1865 536 1914 τὸ
563 1862 938 1930 στρατόπεδον.

334 1939 411 1983 49.
448 1931 604 1984 Μετὰ
633 1932 687 1982 δὲ
716 1935 869 1982 τοῦτο
892 1930 1141 1995 Ῥωμαῖοι
1172 1931 1264 1995 μὲν
1298 1931 1391 1992 τὴν
1425 1929 1681 1995 Ἰαπύγων

263 2003 610 2054 ἀποστάντων
646 1999 841 2067 ἐδῄουν,
867 1998 1114 2060 Ἀννίβας
1151 1999 1203 2049 δὲ
1229 1999 1323 2060 τὴν
1360 2001 1680 2062 Καμπανῶν,

263 2073 312 2127 ἐς
336 2068 621 2135 Ῥωμαίους
644 2067 998 2134 μεταθεμένων
1030 2067 1190 2134 χωρὶς
1227 2067 1484 2130 Ἀτέλλης
1509 2067 1677 2131 μόνης.

264 2139 354 2191 καὶ
399 2137 741 2191 Ἀτελλαίους
777 2136 1055 2203 μετῴκιζεν
1103 2137 1151 2190 ἐς
1189 2134 1454 2202 Θουρίους,
1494 2136 1574 2186 ἵνα
1611 2136 1680 2200 μὴ

265 2212 336 2274 τῷ
374 2209 633 2275 Βρεττίων
676 2208 762 2256 καὶ
803 2207 1079 2255 Λευκανῶν
1115 2204 1204 2254 καὶ
1238 2203 1501 2267 Ἰαπύγων
1538 2206 1679 2271 ἐνοχ-

263 2280 439 2326 λοῖντο
466 2274 695 2340 πολέμῳ.
769 2273 857 2324 καὶ
891 2273 1136 2335 Ῥωμαῖοι
1170 2272 1287 2327 τοὺς
1314 2273 1370 2322 ἐκ
1396 2275 1681 2339 Νουκερίας

266 2343 584 2397 ἐκπεσόντας
634 2344 684 2393 ἐν
743 2341 973 2407 Ἀτέλλῃ
1020 2339 1317 2409 μετῴκιζον·
1391 2340 1439 2394 ἔς
1488 2362 1542 2391 τε
1589 2341 1681 2405 τὴν

264 2411 510 2473 Ἀννίβου
549 2412 623 2462 ἔτι
664 2411 891 2473 ὑπήκοον
929 2409 1264 2470 ἐσβαλόντες,
1305 2408 1579 2459 Αὐλωνίαν
1626 2431 1680 2461 τε

254 2487 374 2570 380
