1747 2693
130 298 235 341 CAP.

134 343 227 382 VIII

306 141 635 241 APPIAN'S
658 148 909 235 ROMAN
929 151 1283 229 HISTORY,
1283 141 1493 229 BOOK
1509 141 1641 235 VII

257 292 399 342 εἷλον
459 291 543 342 καὶ
606 290 699 355 τὴν
758 291 1016 357 Βρεττίων
1075 297 1173 356 γῆν
1233 291 1532 359 ἐπέτρεχον,
1587 293 1674 342 καὶ

257 362 500 425 Τάραντα
539 360 923 427 φρουρουμένην
962 360 1061 410 ὑπὸ
1101 361 1456 426 Καρθάλωνος
1493 360 1549 409 ἐκ
1582 365 1674 425 γῆς

256 430 344 480 καὶ
402 429 683 491 θαλάσσης
743 426 1096 495 ἐπολιόρκουν.
1184 427 1209 479 ὁ
1258 428 1311 479 δὲ
1362 429 1673 494 Καρθάλων,

257 496 449 561 ὀλίγων
514 496 889 564 Καρχηδονίων
952 496 1240 564 παρόντων,
1291 496 1568 564 Βρεττίους
1628 498 1676 551 ἐς

257 565 351 629 τὴν
398 565 629 632 φρουρὰν
676 565 1030 631 προσέλαβεν.
1105 569 1206 615 τῶν
1255 566 1306 616 δὲ
1356 567 1614 632 Βρεττίων
1651 564 1675 616 ὁ

258 634 589 702 φρούραρχος
631 634 732 700 ἤρα
775 632 1032 697 γυναικός,
1063 635 1122 697 ἧς
1158 633 1382 701 ἀδελφὸς
1411 633 1511 684 ὑπὸ
1553 633 1675 683 Ῥω-

256 703 428 768 μαίοις
456 701 857 767 στρατευόμενος
883 702 1077 768 ἔπραξε
1107 702 1190 753 διὰ
1218 708 1307 765 τῆς
1335 702 1563 769 ἀδελφῆς
1589 702 1676 753 τὸν

257 771 592 839 φρούραρχον
641 770 871 821 ἐνδοῦναι
929 771 1217 836 Ῥωμαίοις,
1267 771 1524 836 ἐπάγουσι
1584 771 1675 825 τὰς

260 839 498 907 μηχανὰς
525 840 555 905 ᾗ
582 843 674 889 τοῦ
700 838 905 907 τείχους
939 839 1092 894 αὐτὸς
1131 839 1383 906 ἐφρούρει.
1434 841 1677 906 Τάραντα

256 908 347 974 μὲν
396 907 457 972 δὴ
504 909 750 973 Ῥωμαῖοι
800 907 943 959 τόνδε
1002 907 1091 959 τὸν
1150 930 1341 975 τρόπον
1400 907 1674 969 ἀνέλαβον,

257 977 492 1043 εὔκαιρον
525 977 574 1031 ἐς
612 976 874 1041 πολέμους
921 975 1113 1043 χωρίον
1155 977 1246 1027 καὶ
1286 975 1421 1027 κατὰ
1456 981 1553 1041 γῆν
1590 977 1678 1027 καὶ

256 1044 392 1096 κατὰ
429 1045 729 1095 θάλασσαν.

329 1120 404 1163 50.
443 1112 692 1175 Ἀννίβας
753 1113 805 1163 δὲ
866 1112 1190 1178 ἐπειγόμενος
1251 1114 1299 1168 ἐς
1371 1114 1548 1177 αὐτήν,
1611 1114 1675 1167 ὡς

258 1182 444 1247 ἔμαθεν
513 1180 839 1247 εἰλημμένην,
916 1183 1186 1248 παρῆλθεν
1262 1180 1548 1249 ἀχθόμενος
1628 1181 1677 1236 ἐς

259 1249 511 1317 Θουρίους
559 1251 793 1301 κἀκεῖθεν
854 1251 903 1305 ἐς
963 1250 1302 1308 Οὐενουσίαν,
1357 1251 1479 1300 ἔνθα
1536 1250 1674 1317 αὐτῷ

261 1318 523 1373 Κλαύδιός
596 1340 652 1370 τε
722 1319 1039 1383 Μάρκελλος
1111 1317 1136 1370 ὁ
1209 1315 1455 1372 Σικελίαν
1530 1317 1675 1376 ἑλών,

259 1390 500 1450 πέμπτον
571 1386 842 1438 ὑπατεύων
915 1386 1045 1445 τότε,
1120 1388 1207 1437 καὶ
1283 1389 1436 1441 Τίτος
1514 1390 1676 1453 Κρισ-

260 1461 407 1510 πῖνος
444 1456 1063 1522 ἀντιστρατοπεδεύοντες
1101 1457 1193 1506 οὐκ
1230 1455 1461 1520 ἐτόλμων
1499 1455 1678 1522 ἄρχειν

260 1526 451 1592 μάχης.
523 1526 670 1575 λείαν
721 1524 774 1575 δέ
827 1545 943 1575 τινα
982 1524 1082 1575 ὑπὸ
1121 1524 1378 1589 Νομάδων
1426 1524 1678 1588 ἀγομένην

263 1595 582 1659 Μάρκελλος
632 1592 765 1650 ἰδών,
815 1593 904 1643 καὶ
954 1592 1106 1658 δόξας
1150 1592 1358 1657 ὀλίγους
1396 1592 1525 1642 εἶναι
1562 1591 1679 1645 τοὺς

263 1662 500 1726 ἄγοντας,
566 1660 849 1727 ἐπέδραμεν
915 1663 1092 1716 αὐτοῖς
1162 1661 1293 1726 μετὰ
1364 1661 1678 1727 τριακοσίων

263 1730 465 1781 ἱππέων
501 1729 598 1780 σὺν
645 1730 1050 1797 καταφρονήσει,
1090 1730 1177 1780 καὶ
1224 1733 1428 1796 πρῶτος
1488 1731 1677 1793 ἡγεῖτο,

264 1798 474 1863 θυμικὸς
512 1798 579 1848 ὢν
616 1798 664 1852 ἐς
701 1799 877 1866 μάχας
910 1798 998 1848 καὶ
1033 1797 1556 1865 παρακινδυνευτικὸς
1582 1796 1675 1847 ἀεί.

262 1867 408 1935 ἄφνω
459 1866 512 1917 δὲ
559 1869 778 1917 πολλῶν
836 1870 936 1917 τῶν
995 1866 1209 1928 Λιβύων
1267 1865 1532 1934 φανέντων
1590 1866 1678 1915 καὶ

262 1934 599 2002 πανταχόθεν
637 1936 777 2002 αὐτῷ
816 1934 1244 2002 προσπεσόντων,
1295 1934 1341 1985 οἱ
1387 1934 1480 1999 μὲν
1527 1936 1678 2000 οὐρα-

261 2009 472 2068 γοῦντες
530 2003 799 2069 Ῥωμαίων
847 2008 1046 2069 πρῶτοι
1095 2007 1261 2071 φυγῆς
1309 2004 1486 2071 ἦρχον,
1549 2001 1573 2053 ὁ
1628 2002 1679 2053 δὲ

262 2073 599 2138 Μάρκελλος,
642 2074 709 2127 ὡς
757 2072 1015 2137 ἑπομένων
1061 2073 1247 2129 αὐτῶν,
1297 2072 1521 2139 ἐμάχετο
1568 2092 1678 2135 γεν-

262 2144 430 2199 ναίως,
457 2140 611 2207 μέχρι
636 2140 1061 2195 κατακοντισθεὶς
1088 2140 1358 2191 ἀπέθανεν.
1409 2141 1497 2190 καὶ
1517 2140 1680 2190 αὐτοῦ

262 2214 334 2276 τῷ
361 2209 567 2274 σώματι
601 2208 626 2260 ὁ
665 2207 909 2271 Ἀννίβας
942 2211 1178 2266 ἐπιστάς,
1207 2210 1272 2263 ὡς
1303 2208 1402 2258 εἶδε
1431 2207 1497 2257 τὰ
1527 2208 1678 2274 τραύ-

262 2299 403 2342 ματα
452 2277 628 2329 πάντα
675 2278 762 2328 ἐπὶ
812 2281 912 2328 τῶν
956 2276 1194 2342 στέρνων,
1233 2278 1451 2343 ἐπῄνεσε
1485 2276 1577 2339 μὲν
1613 2277 1679 2330 ὡς

265 2346 609 2412 στρατιώτην,
658 2346 941 2412 ἐπέσκωψε
990 2346 1041 2396 δὲ
1091 2347 1156 2400 ὡς
1212 2344 1520 2412 στρατηγόν.
1593 2345 1679 2393 καὶ

264 2413 353 2464 τὸν
412 2414 689 2464 δακτύλιον
748 2415 908 2464 αὐτοῦ
966 2413 1235 2481 περιελών,
1285 2413 1343 2464 τὸ
1389 2414 1481 2476 μὲν
1528 2415 1678 2477 σῶμα

261 2496 370 2577 382
