1747 2693
121 310 225 350 CAP.

125 353 215 389 VIII

296 145 629 248 APPIAN'S
645 164 903 241 ROMAN
925 161 1277 248 HISTORY,
1280 161 1490 254 BOOK
1496 167 1619 245 VII

246 302 436 352 ἔκαυσε
483 306 750 365 λαμπρῶς,
789 303 876 353 καὶ
925 302 990 353 τὰ
1039 302 1172 353 ὀστᾶ
1209 308 1279 370 τῷ
1315 304 1463 354 παιδὶ
1500 326 1662 371 προσ-

244 376 483 444 έπεμψεν
508 378 558 431 ἐς
583 377 641 427 τὸ
666 376 932 441 Ῥωμαίων
958 378 1329 445 στρατόπεδον·

318 459 393 501 51.
424 448 744 507 Σαλαπίνοις
808 453 861 503 δὲ
925 452 1117 517 μηνίων
1185 453 1335 508 εὐθὺς
1397 455 1665 506 ἐτύπωσεν

245 527 534 591 ἐπιστολὴν
574 533 635 593 τῇ
675 529 927 595 σφραγῖδι
953 528 1293 596 Μαρκέλλου,
1328 529 1451 594 πρὶν
1491 530 1664 581 αἰσθέ-

245 605 371 654 σθαι
419 604 652 658 πολλοὺς
694 604 814 669 περὶ
852 608 943 654 τοῦ
981 605 1223 662 θανάτου,
1252 605 1339 655 καὶ
1376 604 1666 670 αὐτόμολον

246 678 406 745 ἄνδρα
454 679 708 742 Ῥωμαῖον
766 680 975 747 ἔπεμψε
1034 680 1219 747 φέρειν,
1271 681 1528 743 δηλοῦντα
1588 681 1666 731 ὅτι

246 754 469 821 στρατιὰ
491 755 815 820 Μαρκέλλου
840 754 1062 806 κατόπιν
1098 755 1318 825 ἔρχοιτο,
1348 757 1434 805 καὶ
1462 755 1487 806 ὁ
1514 757 1663 821 Μάρ-

246 837 432 885 κελλος
448 831 619 892 αὐτὴν
645 830 1001 896 ὑποδέξασθαι
1032 831 1248 881 κελεύοι.
1300 831 1417 898 ἄρτι
1455 831 1496 880 δ᾽
1531 832 1665 895 εἰλή-

247 909 415 972 φεσαν
452 905 746 971 Κρισπίνου
793 908 1090 972 γράμματα,
1142 907 1573 973 περιπέμψαντος
1619 909 1668 961 ἐς

245 981 482 1036 ἅπαντας
511 982 589 1033 ὅτι
624 986 714 1044 τῆς
749 982 1071 1050 Μαρκέλλου
1098 983 1387 1049 σφραγῖδος
1422 982 1669 1043 Ἀννίβας

246 1057 567 1124 κεκρατήκοι.
628 1056 717 1108 τὸν
753 1058 841 1107 οὖν
878 1058 1116 1122 ἄγγελον,
1148 1058 1229 1108 ἵνα
1264 1059 1333 1123 μὴ
1361 1058 1669 1125 παραμένων

246 1131 480 1197 ἐπιγνοίη
518 1132 583 1183 τὰ
620 1132 910 1198 γιγνόμενα,
946 1133 1274 1201 ἀπέπεμψαν
1317 1133 1667 1201 ὑποσχόμενοι

246 1207 311 1258 τὰ
337 1208 786 1275 προστασσόμενα
810 1209 1064 1271 ποιήσειν,
1084 1210 1231 1260 αὐτοὶ
1252 1209 1294 1259 δ᾽
1321 1208 1667 1273 ὁπλισάμενοι

247 1282 341 1346 τὴν
366 1283 571 1349 ἐνέδραν
598 1284 685 1334 ἐπὶ
712 1287 813 1333 τῶν
838 1288 1029 1353 τειχῶν
1067 1284 1323 1348 ἀνέμενον.
1381 1286 1467 1335 καὶ
1504 1305 1666 1350 προσ-

247 1358 411 1414 ιόντος
436 1363 527 1409 τοῦ
551 1357 799 1419 Ἀννίβου
814 1359 945 1424 μετὰ
961 1360 1233 1423 Νομάδων,
1254 1361 1338 1414 οὓς
1363 1359 1669 1425 Ῥωμαϊκοῖς

247 1435 432 1489 ὅπλοις
457 1434 729 1492 ἐσκεύασε,
758 1434 851 1489 τὰς
886 1435 978 1500 μὲν
1015 1435 1189 1489 πύλας
1215 1437 1271 1485 ἐκ
1295 1435 1669 1502 μηχανήματος

247 1510 558 1561 ἀνέσπασαν
584 1512 651 1564 ὡς
676 1509 735 1573 δὴ
763 1510 1086 1578 Μαρκέλλου
1123 1510 1432 1575 προσιόντος
1457 1510 1664 1575 ἀσμενί-

250 1589 431 1649 ζοντες,
476 1586 811 1651 ἐσδεξάμενοι
855 1586 909 1636 δὲ
945 1586 1083 1636 ὅσων
1122 1589 1350 1651 εὐμαρῶς
1387 1589 1667 1654 κρατήσειν

248 1662 482 1723 ἔμελλον,
513 1661 661 1715 αὖθις
687 1663 743 1711 ἐκ
769 1665 861 1711 τοῦ
890 1662 1267 1730 μηχανήματος
1298 1662 1457 1717 αὐτὰς
1490 1664 1667 1712 ἐπικα-

247 1738 425 1801 θῆκαν,
478 1737 564 1786 καὶ
613 1736 730 1790 τοὺς
775 1736 868 1802 μὲν
917 1737 1230 1791 ἐσελθόντας
1266 1738 1510 1795 ἔκτειναν,
1551 1737 1667 1792 τοὺς

247 1814 288 1863 δ᾽
315 1814 411 1877 ἔξω
439 1816 540 1863 τῶν
566 1816 756 1879 τειχῶν
794 1813 868 1863 ἔτι
906 1816 1260 1877 περιεστῶτας
1287 1812 1480 1863 ἄνωθεν
1506 1813 1665 1873 ἔβαλ-

245 1888 339 1939 λόν
365 1910 419 1938 τε
457 1888 546 1938 καὶ
589 1889 1025 1955 κατετίτρωσκον.
1100 1889 1186 1939 καὶ
1227 1887 1463 1953 δευτέρας
1506 1889 1666 1951 τῆσδε

246 1963 427 2029 πείρας
454 1963 478 2014 ὁ
499 1962 744 2024 Ἀννίβας
771 1964 857 2014 ἐπὶ
875 1968 936 2029 τῇ
954 1964 1108 2014 πόλει
1136 1965 1360 2030 σφαλεὶς
1386 1965 1663 2030 ἀπεχώρει.

316 2047 391 2089 52.
431 2038 521 2089 Ἐν
558 2037 722 2104 τούτῳ
767 2039 818 2089 δὲ
862 2040 950 2089 καὶ
986 2038 1319 2106 Ἀσδρούβας
1367 2038 1393 2089 ὁ
1442 2039 1666 2106 ἀδελφὸς

242 2114 507 2175 Ἀννίβου,
558 2114 652 2177 τὴν
701 2114 955 2180 στρατιὰν
1003 2114 1065 2176 ἣν
1117 2115 1430 2179 ἐξενάγησεν
1467 2116 1518 2165 ἐν
1561 2119 1665 2170 τοῖς

245 2190 608 2257 Κελτίβηρσιν
637 2190 785 2257 ἔχων,
823 2189 1078 2251 διέβαινεν
1110 2192 1157 2243 ἐς
1183 2189 1276 2252 τὴν
1303 2189 1547 2248 Ἰταλίαν,
1576 2192 1662 2241 καὶ

248 2269 463 2317 Κελτῶν
491 2265 676 2333 φιλίως
701 2265 859 2317 αὐτὸν
886 2265 1173 2334 δεχομένων
1200 2265 1265 2315 τὰ
1298 2265 1529 2317 Ἄλπεια
1553 2267 1661 2333 ὄρη,

246 2341 601 2404 ὡδοποιημένα
637 2341 886 2407 πρότερον
918 2340 1018 2393 ὑπὸ
1054 2339 1313 2401 Ἀννίβου,
1341 2340 1545 2391 διώδευε
1574 2341 1662 2391 δύο

244 2416 417 2481 μησίν,
458 2417 559 2466 ὅσα
596 2416 719 2472 τέως
754 2416 1001 2478 Ἀννίβας
1037 2416 1093 2479 ἓξ
1130 2416 1354 2478 διῆλθεν.
1434 2416 1662 2477 ἐσέβαλέ

229 2500 354 2580 384
