1747 2693
138 269 245 312 CAP.

148 314 240 352 VIII

316 119 651 206 APPIAN'S
664 122 925 206 ROMAN
951 122 1270 209 HISTORY,
1290 119 1490 206 BOOK
1516 122 1632 206 VII

267 282 320 311 τε
347 261 397 316 ἐς
421 259 708 327 Τυρρηνίαν
734 260 873 324 ἄγων
899 260 1082 323 πεζοὺς
1107 260 1199 323 μὲν
1226 260 1685 326 τετρακισμυρίους

266 328 353 379 ἐπὶ
378 327 809 396 ὀκτακισχιλίοις,
838 328 1031 383 ἱππέας
1062 329 1114 379 δὲ
1141 328 1570 398 ὀκτακισχιλίους
1596 331 1683 380 καὶ

266 397 553 464 ἐλέφαντας
578 396 963 447 πεντεκαίδεκα.
1026 397 1113 447 καὶ
1137 399 1420 465 γράμματα
1444 398 1573 465 πρὸς
1599 398 1684 449 τὸν

266 465 494 532 ἀδελφὸν
521 466 734 530 ἔπεμπε,
762 466 933 527 δηλῶν
970 465 1049 515 ὅτι
1079 465 1282 531 παρείη.
1356 466 1551 516 τούτων
1584 471 1685 518 τῶν

264 536 582 599 γραμμάτων
632 534 731 585 ὑπὸ
792 533 1059 598 Ῥωμαίων
1106 534 1355 591 ἁλόντων,
1398 534 1445 584 οἱ
1496 536 1684 586 ὕπατοι

266 602 572 668 Σαλινάτωρ
598 602 686 653 καὶ
720 601 899 668 Νέρων
936 602 1188 665 μαθόντες
1214 604 1372 652 αὐτοῦ
1399 604 1455 653 τὸ
1482 606 1685 668 πλῆθος

265 677 355 733 τῆς
401 675 652 738 στρατιᾶς
697 670 800 722 ἀπὸ
844 674 946 721 τῶν
978 673 1310 738 γραμμάτων,
1340 674 1603 734 συνῆλθον
1636 674 1684 726 ἐς

264 740 322 789 τὸ
361 740 485 790 αὐτὸ
523 742 723 793 πάσαις
759 744 872 794 ταῖς
910 739 1174 802 δυνάμεσι,
1212 740 1298 790 καὶ
1341 741 1682 807 ἀντεστρατο-

263 808 521 859 πέδευσαν
548 809 686 875 αὐτῷ
706 808 824 875 περὶ
842 807 1000 859 πόλιν
1020 805 1202 871 Σήνας.
1243 807 1267 857 ὁ
1299 808 1340 858 δ᾽
1351 809 1493 859 οὔπω
1519 809 1679 878 μάχε-

265 878 390 927 σθαι
428 876 687 941 κεκρικώς,
717 876 859 926 ἀλλὰ
886 881 957 943 τῷ
996 877 1205 943 ἀδελφῷ
1244 877 1515 927 συνελθεῖν
1549 879 1681 928 ἐπει-

263 944 489 1009 γόμενος,
513 945 786 1012 ὑπεχώρει.
832 945 919 995 καὶ
946 944 1124 999 νυκτὸς
1152 945 1433 1009 ἀναζεύξας
1454 946 1571 1011 περὶ
1589 947 1682 1009 ἕλη

265 1014 351 1064 καὶ
371 1014 608 1076 τέλματα
628 1014 713 1064 καὶ
735 1013 969 1078 ποταμὸν
987 1016 1077 1064 οὐκ
1096 1014 1313 1079 εὔπορον
1334 1015 1515 1077 ἠλᾶτο,
1526 1014 1682 1081 μέχρι

264 1082 515 1148 φανείσης
539 1082 729 1148 ἡμέρας
755 1082 802 1131 οἱ
824 1081 1068 1147 Ῥωμαῖοι
1086 1081 1481 1143 καταλαβόντες
1500 1083 1683 1137 αὐτοὺς

262 1150 639 1217 διερριμμένους
677 1172 731 1200 τε
767 1150 853 1201 καὶ
894 1151 1214 1215 κεκμηκότας
1264 1149 1349 1201 ὑπ᾽
1398 1151 1683 1219 ἀγρυπνίας

263 1220 350 1269 καὶ
375 1220 555 1277 κόπου,
585 1219 866 1273 πλείστους
889 1219 979 1282 μὲν
1006 1221 1173 1270 αὐτῶν
1212 1219 1319 1283 ἅμα
1344 1224 1450 1274 τοῖς
1475 1221 1678 1285 ταξιάρ-

262 1308 377 1355 χοις
405 1287 860 1349 συντασσομένους
881 1288 956 1337 ἔτι
974 1288 1062 1337 καὶ
1084 1287 1356 1342 συνιόντας
1375 1288 1680 1354 διέφθειραν,

264 1357 351 1406 καὶ
385 1355 541 1407 αὐτὸν
584 1357 663 1406 ἐπ᾽
695 1356 900 1410 ἐκείνοις
943 1354 1292 1422 Ἀσδρούβαν,
1320 1355 1603 1411 πλείστους
1639 1358 1680 1407 δ᾽

264 1425 633 1491 αἰχμαλώτους
670 1425 883 1485 ἔλαβον,
924 1425 1011 1474 καὶ
1054 1426 1285 1489 μεγάλου
1335 1424 1474 1479 δέους
1512 1426 1681 1489 ἀπήλ-

261 1496 431 1557 λαξαν
491 1493 584 1555 τὴν
642 1491 889 1551 Ἰταλίαν,
953 1493 1162 1562 ἀμάχου
1232 1493 1294 1543 ἂν
1368 1492 1524 1560 σφίσι
1590 1516 1681 1544 του

261 1562 506 1621 Ἀννίβου
552 1560 839 1625 γενομένου,
880 1561 925 1611 εἰ
961 1562 1048 1611 καὶ
1098 1562 1246 1623 τήνδε
1294 1560 1388 1624 τὴν
1427 1562 1680 1629 στρατιὰν

261 1632 612 1696 προσέλαβεν.

331 1705 406 1748 53.
445 1699 575 1752 Θεὸς
599 1697 652 1749 δέ
675 1720 761 1761 μοι
789 1698 926 1748 δοκεῖ
962 1697 1076 1749 τόδε
1094 1696 1363 1763 Ῥωμαίοις
1389 1699 1679 1751 ἀντιδοῦναι

261 1772 351 1829 τῆς
368 1769 453 1817 ἐπὶ
476 1767 705 1822 Κάνναις
724 1766 957 1836 ἀτυχίας,
971 1768 1029 1817 οὐ
1045 1766 1220 1834 πόρρω
1242 1788 1297 1817 τε
1318 1768 1397 1818 ἐπ᾽
1415 1767 1578 1835 ἐκείνῃ
1589 1770 1677 1818 καὶ

260 1835 571 1886 ἰσοστάσιόν
586 1857 696 1890 πως
713 1836 875 1900 ἐκείνῃ
895 1834 1179 1900 γενόμενον·
1209 1835 1497 1902 στρατηγοί
1507 1858 1561 1886 τε
1577 1837 1677 1904 γὰρ

261 1904 307 1953 οἱ
334 1904 587 1969 ἑκατέρων
612 1903 904 1962 ἀπώλοντο,
934 1905 1020 1954 καὶ
1047 1908 1276 1969 στρατοῦ
1301 1905 1503 1967 πλῆθος
1529 1906 1674 1969 ἐγγυ-

259 1973 397 2022 τάτω
423 1974 661 2036 μάλιστα
687 1973 764 2024 ἐπ᾽
792 1975 922 2035 ἴσης,
951 1973 1038 2022 καὶ
1065 1973 1130 2022 τὰ
1156 1973 1472 2041 αἰχμάλωτα
1495 1973 1675 2024 πολλὰ

258 2041 499 2105 γενέσθαι
529 2042 613 2091 καὶ
641 2041 815 2091 τοῖσδε
841 2039 1092 2095 κἀκείνοις
1119 2040 1426 2108 συνηνέχθη,
1457 2063 1673 2106 στρατο-

257 2109 424 2160 πέδων
450 2131 505 2160 τε
531 2110 618 2160 καὶ
643 2114 979 2176 παρασκευῆς
1013 2114 1104 2172 τῆς
1137 2110 1387 2170 ἀλλήλων
1413 2109 1674 2177 δαψιλοῦς

257 2179 503 2243 ἐκράτουν
561 2178 806 2242 ἑκάτεροι.
893 2179 1024 2227 οὕτω
1082 2176 1370 2242 παραλλὰξ
1428 2179 1458 2240 ἡ
1519 2178 1671 2233 πόλις

258 2248 510 2314 εὐτυχιῶν
546 2247 634 2296 καὶ
672 2249 952 2314 συμφορῶν
998 2248 1253 2311 ἐπειρᾶτο.
1329 2247 1672 2311 Κελτιβήρων

259 2313 298 2363 δ᾽
331 2315 447 2364 ὅσοι
473 2315 714 2382 διέφυγον
739 2316 795 2365 ἐκ
821 2318 913 2365 τοῦ
945 2319 1122 2372 κακοῦ,
1151 2314 1197 2364 οἱ
1228 2313 1320 2377 μὲν
1346 2315 1394 2369 ἐς
1419 2314 1482 2364 τὰ
1509 2316 1670 2366 οἰκεῖα

258 2383 306 2432 οἱ
331 2383 372 2432 δ᾽
399 2385 448 2437 ἐς
473 2382 724 2445 Ἀννίβαν
750 2383 991 2450 ἐχώρουν.

254 2448 393 2548 386
