1747 2693
147 286 251 328 CAP.

148 330 235 368 VIII

144 2281 252 2319 CAP.

164 2322 225 2357 IX

312 119 645 222 APPIAN'S
664 135 925 219 ROMAN
945 138 1300 216 HISTORY,
1303 138 1496 219 BOOK
1516 129 1638 219 VII

339 283 418 326 54.
455 277 519 326 Ὁ
548 276 588 326 δ᾽
614 276 703 327 ἐπί
727 298 782 327 τε
808 281 877 343 τῷ
904 277 1114 343 ἀδελφῷ
1141 278 1227 327 καὶ
1254 279 1478 344 στρατιᾷ
1503 276 1689 342 τοσῇδε

269 345 332 395 δι᾽
359 343 599 411 ἀπειρίαν
625 344 755 395 ὁδῶν
780 346 1036 411 αἰφνίδιον
1063 347 1377 414 ἀπολωλυίᾳ
1403 345 1689 412 δυσφορῶν,

268 415 357 463 καὶ
417 413 990 478 τεσσαρεσκαιδέκατον
1043 414 1153 468 ἔτος
1212 414 1348 483 ἔχων
1406 415 1459 464 ἐν
1516 412 1691 466 πόνοις

269 481 505 548 ἀτρύτοις
544 484 600 546 ἐξ
639 483 698 533 οὗ
740 482 1010 546 Ῥωμαίοις
1049 483 1101 533 ἐν
1142 480 1346 550 Ἰταλίᾳ
1384 481 1689 545 διεπολέμει,

269 551 480 601 πάντων
517 572 572 601 τε
608 550 678 601 ὧν
715 551 917 617 εἰλήφει
953 550 1205 618 πρότερον
1241 550 1607 609 ἐκπεπτωκώς,
1645 551 1691 604 ἐς

270 617 558 685 Βρεττίους,
600 620 727 684 ὅπερ
772 620 910 685 αὐτῷ
948 618 1137 670 λοιπὸν
1170 619 1311 673 ἔθνος
1351 619 1579 681 ὑπήκοον
1614 618 1691 682 ἦν,

273 688 535 756 ἀνεχώρει,
597 688 685 737 καὶ
743 688 1007 756 ἡσύχαζεν
1077 690 1143 742 ὡς
1203 688 1377 751 ἑτέρας
1436 687 1691 752 δυνάμεως

272 756 583 821 ἀφιξομένης
642 755 746 807 ἀπὸ
797 755 1151 825 Καρχηδόνος.
1247 755 1297 805 οἱ
1347 756 1388 806 δ᾽
1449 756 1693 822 ἔπεμψαν

271 825 363 889 μὲν
399 827 537 891 αὐτῷ
577 829 696 878 ναῦς
733 825 914 875 ἑκατὸν
951 824 1297 890 στρογγύλας,
1324 823 1402 891 ἐφ᾽
1446 823 1515 874 ὧν
1551 822 1694 877 σῖτός

272 914 327 943 τε
385 893 448 956 ἦν
507 894 595 944 καὶ
655 893 881 960 στρατιὰ
940 893 1027 945 καὶ
1088 894 1351 961 χρήματα,
1403 893 1604 946 οὐδενὸς
1653 891 1692 942 δ᾽

271 963 499 1027 ἐρετικοῦ
528 962 971 1027 παραπέμποντος
996 962 1155 1016 αὐτὰς
1180 962 1360 1026 ἄνεμος
1386 963 1436 1016 ἐς
1462 958 1694 1027 Σαρδόνα

272 1031 570 1094 κατήνεγκε,
622 1030 709 1081 καὶ
757 1029 781 1081 ὁ
831 1035 922 1093 τῆς
961 1029 1214 1096 Σαρδόνος
1254 1029 1548 1098 στρατηγὸς
1586 1031 1693 1079 ἐπι-

271 1099 510 1153 πλεύσας
568 1103 792 1165 μακραῖς
851 1100 1005 1150 ναυσὶ
1066 1099 1318 1150 κατέδυσε
1375 1099 1468 1164 μὲν
1528 1100 1696 1149 αὐτῶν

271 1168 483 1225 εἴκοσιν,
534 1169 783 1232 ἑξήκοντα
832 1166 871 1217 δ᾽
920 1168 1131 1228 ἔλαβεν·
1186 1167 1240 1217 αἱ
1278 1167 1327 1217 δὲ
1376 1166 1564 1218 λοιπαὶ
1602 1165 1693 1217 διέ-

272 1241 439 1303 φυγον
464 1238 514 1290 ἐς
541 1235 868 1303 Καρχηδόνα.
942 1237 1029 1287 καὶ
1067 1235 1091 1286 ὁ
1116 1235 1365 1297 Ἀννίβας
1392 1236 1465 1286 ἔτι
1490 1240 1695 1300 μᾶλλον

273 1304 620 1369 ἀπορούμενός
658 1326 713 1355 τε
753 1305 840 1355 καὶ
877 1304 942 1355 τὰ
980 1304 1125 1371 παρὰ
1157 1303 1533 1373 Καρχηδονίων
1570 1305 1693 1353 ἀπε-

272 1374 495 1437 γνωκώς,
524 1373 639 1423 οὐδὲ
665 1374 925 1437 Μάγωνος
944 1375 1083 1440 αὐτῷ
1110 1395 1173 1431 τι,
1196 1378 1285 1424 τοῦ
1304 1376 1695 1437 ξενολογοῦντος

270 1443 324 1492 ἐν
359 1445 580 1497 Κελτοῖς
617 1443 703 1492 καὶ
741 1440 982 1507 Λίγυσιν,
1021 1441 1417 1505 ἐπιπέμποντος,
1457 1440 1600 1491 ἀλλὰ
1637 1440 1694 1490 τὸ

271 1510 468 1575 μέλλον
493 1510 709 1561 ἔσεσθαι
745 1510 1137 1578 περιορωμένου,
1165 1509 1387 1562 συνιδὼν
1422 1509 1501 1560 ὅτι
1531 1508 1696 1574 μένειν

272 1578 359 1629 ἐπὶ
383 1584 569 1629 πλεῖον
607 1580 666 1629 οὐ
691 1579 981 1641 δυνήσεται,
1010 1579 1179 1629 αὐτῶν
1214 1578 1310 1643 ἤδη
1348 1577 1605 1645 Βρεττίων
1632 1578 1695 1631 ὡς

274 1646 568 1713 ἀλλοτρίων
608 1647 732 1698 ὅσον
781 1648 923 1698 οὔπω
967 1668 1324 1712 γενησομένων
1372 1645 1692 1713 κατεφρόνει,

273 1716 360 1766 καὶ
386 1714 613 1783 ἐσφορὰς
650 1715 949 1778 ἐπέβαλλεν
976 1718 1153 1770 αὐτοῖς
1188 1716 1326 1766 πάνυ
1352 1716 1576 1772 πολλάς,
1605 1715 1695 1768 τάς

273 1805 328 1835 τε
368 1784 562 1851 ὀχυρὰς
601 1787 702 1835 τῶν
749 1784 954 1835 πόλεων
995 1783 1271 1852 μετῴκιζεν
1311 1785 1359 1838 ἐς
1408 1784 1473 1834 τὰ
1513 1782 1695 1834 πεδινὰ

273 1853 339 1907 ὡς
385 1853 747 1913 βουλευούσας
808 1852 1124 1910 ἀπόστασιν,
1187 1852 1419 1907 πολλούς
1481 1873 1536 1902 τε
1596 1854 1696 1902 τῶν

274 1921 469 1986 ἀνδρῶν
506 1922 802 1987 αἰτιώμενος
839 1921 1135 1989 διέφθειρεν,
1162 1921 1244 1972 ἵνα
1281 1921 1371 1976 τὰς
1395 1919 1696 1983 περιουσίας

274 1991 443 2041 αὐτῶν
480 1989 847 2057 σφετερίζοιτο.

916 2132 1032 2200 ΙΧ

343 2269 422 2312 55.
463 2264 568 2312 Καί
607 2261 630 2312 ὁ
667 2262 760 2327 μὲν
797 2264 848 2312 ἐν
886 2262 1086 2317 τούτοις
1122 2262 1197 2323 ἦν,
1236 2263 1288 2313 ἐν
1326 2261 1378 2312 δὲ
1406 2261 1579 2326 Ῥώμη
1616 2262 1690 2326 γί-

273 2352 481 2394 γνονται
528 2330 620 2396 μὲν
670 2333 858 2382 ὕπατοι
914 2329 1139 2385 Λικίνιός
1193 2351 1249 2381 τε
1313 2331 1559 2397 Κράσσος
1608 2330 1692 2381 καὶ

273 2398 512 2453 Πόπλιος
554 2396 785 2452 Σκιπίων
828 2398 852 2450 ὁ
892 2399 1078 2462 λαβὼν
1118 2398 1370 2464 Ἰβηρίαν,
1410 2399 1605 2449 τούτων
1643 2399 1693 2449 δὲ

267 2483 390 2558 388
