1747 2693
124 280 227 316 CAP.

145 320 203 356 IX

293 122 622 206 APPIAN'S
641 125 906 212 ROMAN
932 129 1267 209 HISTORY,
1277 135 1493 212 BOOK
1509 132 1622 216 VII

253 267 501 332 Κράσσος
541 267 633 332 μὲν
671 267 1244 332 ἀντεστρατοπέδευσεν
1290 266 1512 338 Ἀννιβᾳ
1552 268 1669 335 περὶ

252 334 543 399 Ἰαπυγίαν,
595 332 827 388 Σκιπίων
876 336 928 385 δὲ
972 339 1059 386 τὸν
1104 335 1262 399 δῆμον
1301 335 1568 387 ἐδίδασκεν
1611 337 1668 386 οὔ

249 426 377 454 ποτε
417 403 804 471 Καρχηδονίους
843 404 945 454 οὐδ᾽
986 402 1236 465 Ἀννίβαν
1269 405 1668 467 ἀποστήσεσθαι

249 472 435 538 σφίσιν
484 474 830 540 ἐνοχλοῦντας
878 472 1011 538 ἀμφὶ
1060 472 1152 535 τὴν
1200 471 1447 530 Ἰταλίαν,
1498 474 1542 523 εἰ
1599 474 1668 538 μὴ

246 540 515 602 Ῥωμαίων
540 540 764 606 στρατὸς
790 542 838 595 ἐς
864 540 1069 603 Λιβύην
1106 540 1300 591 διέλθοι
1325 542 1412 591 καὶ
1438 540 1669 593 κίνδυνον

249 610 423 663 αὐτοῖς
462 610 793 671 ἐπιστήσειεν
833 609 1034 659 οἰκεῖον.
1095 610 1398 674 λιπαρήσας
1440 632 1495 660 τε
1531 611 1668 661 πάνυ

249 681 521 743 καρτερῶς,
549 679 635 727 καὶ
661 676 849 732 πείσας
880 677 1168 735 ὀκνοῦντας,
1195 678 1350 744 ᾑρέθη
1378 679 1669 743 στρατηγὸς

248 746 402 800 αὐτὸς
443 748 493 800 ἐς
535 746 754 809 Λιβύην,
781 747 869 796 καὶ
907 745 1215 796 διέπλευσεν
1256 746 1403 802 εὐθὺς
1442 749 1490 802 ἐς
1525 745 1667 798 Σικε-

246 813 384 864 λίαν.
459 815 583 865 ἔνθα
631 815 858 880 στρατὸν
907 814 1113 880 ἀγείρας
1161 836 1217 864 τε
1265 816 1352 865 καὶ
1400 817 1670 880 γυμνάσας

249 883 545 933 ἐπέπλευσε
587 886 807 947 Λοκροῖς
847 882 992 948 ἄφνω
1037 888 1142 938 τοῖς
1184 885 1236 934 ἐν
1271 883 1486 954 Ἰταλίᾳ,
1515 889 1667 951 φρου-

245 951 508 1018 ρουμένοις
546 951 647 1001 ὑπὸ
684 950 949 1012 Ἀννίβου·
992 953 1076 1002 καὶ
1117 951 1210 1014 τὴν
1248 951 1476 1018 φρουρὰν
1511 974 1667 1003 κατα-

247 1021 456 1085 σφάξας
503 1041 572 1077 τε,
611 1020 697 1070 καὶ
743 1020 1007 1087 παραδοὺς
1042 1019 1314 1085 Πλημινίῳ
1364 1020 1458 1083 τὴν
1494 1021 1665 1079 πόλιν,

247 1088 399 1142 αὐτὸς
471 1090 520 1142 ἐς
579 1088 785 1150 Λιβύην
845 1088 1163 1139 διέπλευσεν.
1271 1088 1557 1152 Πλημίνιος
1616 1090 1667 1141 δὲ

246 1156 486 1221 οὐδεμίαν
520 1157 673 1222 ὕβριν
714 1158 745 1220 ἢ
795 1157 1077 1220 ἀσέλγειαν
1114 1158 1142 1220 ἢ
1184 1157 1426 1221 ὠμότητα
1462 1160 1512 1213 ἐς
1548 1159 1665 1213 τοὺς

246 1225 477 1291 Λοκροὺς
536 1226 781 1283 ἐκλιπών,
832 1225 1061 1287 ἐσύλησε
1109 1227 1287 1289 λήγων
1335 1227 1422 1277 καὶ
1471 1226 1530 1277 τὸ
1579 1232 1668 1291 τῆς

250 1293 583 1361 Φερσεφόνης
621 1293 767 1359 ἱερόν.
806 1295 893 1344 καὶ
933 1293 1077 1344 τόνδε
1118 1294 1209 1359 μὲν
1246 1294 1490 1359 Ῥωμαῖοι
1536 1296 1666 1360 μετὰ

246 1365 347 1413 τῶν
420 1363 853 1429 συναμαρτόντων
925 1364 1063 1429 αὐτῷ
1135 1363 1303 1428 φίλων
1375 1364 1666 1431 διέφθειραν

245 1432 297 1481 ἐν
357 1434 429 1497 τῷ
477 1430 824 1497 δεσμωτηρίῳ,
874 1431 959 1481 καὶ
1010 1430 1102 1485 τὰς
1150 1431 1451 1497 περιουσίας
1498 1434 1666 1483 αὐτῶν

244 1499 431 1550 ἔδοσαν
457 1503 677 1566 Λοκροῖς
703 1501 751 1553 ἐς
789 1499 879 1550 τὸν
916 1499 1179 1565 θησαυρὸν
1217 1505 1308 1562 τῆς
1334 1502 1451 1550 θεοῦ
1478 1501 1663 1567 φέρειν·

245 1567 347 1617 ὅσα
396 1589 451 1617 τε
500 1568 644 1617 ἄλλα
692 1568 933 1618 ἐδύναντο
976 1571 1079 1618 τῶν
1125 1568 1484 1620 ἀπολωλότων
1523 1570 1663 1619 ἀνευ-

242 1635 431 1701 ρόντες,
483 1635 540 1685 τὸ
588 1641 774 1686 λεῖπον
817 1637 873 1686 ἐκ
912 1640 1002 1687 τοῦ
1040 1641 1211 1687 κοινοῦ
1248 1640 1398 1704 σφῶν
1434 1637 1665 1703 ταμιείου

241 1708 304 1771 τῇ
344 1705 440 1770 θεῷ
477 1704 820 1769 προσέθεσαν.

312 1779 391 1823 56.
429 1775 533 1822 Τοῦ
559 1773 610 1823 δὲ
635 1774 794 1824 αὐτοῦ
830 1772 1019 1842 χρόνου
1047 1773 1376 1824 Κωνσεντίαν
1413 1796 1483 1832 τε,
1508 1775 1663 1839 μεγά-

239 1848 341 1903 λην
388 1840 545 1891 πόλιν
604 1840 875 1908 Βρεττίων,
937 1842 1024 1892 καὶ
1073 1841 1241 1896 ἄλλας
1289 1842 1347 1906 ἓξ
1404 1843 1483 1893 ἐπ᾽
1533 1845 1661 1909 αὐτῇ

241 1909 596 1976 περιέσπασεν
622 1909 726 1960 ἀπὸ
764 1909 1009 1972 Ἀννίβου
1047 1911 1310 1975 Κράσσος.
1384 1911 1470 1961 καὶ
1493 1933 1662 1976 γιγνο-

240 1978 404 2041 μένων
430 1979 481 2028 ἐν
506 1977 677 2043 Ῥώμῃ
705 1978 930 2043 σημείων
968 1979 1024 2027 ἐκ
1061 1978 1181 2033 Διὸς
1220 1980 1473 2045 φοβερῶν,
1502 1979 1550 2029 οἱ
1571 1981 1663 2045 μὲν

242 2047 306 2095 τὰ
333 2043 628 2106 Σιβύλλεια
653 2046 1081 2108 ἐπισκεπτόμενοι
1109 2046 1230 2097 δέκα
1256 2047 1430 2112 ἄνδρες
1457 2049 1661 2114 ἔφασαν

241 2115 297 2178 ἐξ
338 2116 554 2179 οὐρανοῦ
596 2136 645 2164 τι
689 2116 737 2168 ἐς
771 2117 1099 2165 Πεσινοῦντα
1135 2120 1224 2178 τῆς
1263 2114 1508 2182 Φρυγίας,
1540 2117 1661 2167 ἔνθα

242 2182 496 2242 σέβουσιν
556 2183 603 2233 οἱ
663 2182 863 2247 Φρύγες
923 2184 1051 2233 θεῶν
1109 2183 1317 2249 μητέρα,
1378 2187 1660 2235 πεσεῖσθαι

242 2252 399 2301 τῶνδε
436 2255 537 2302 τῶν
574 2252 787 2316 ἡμερῶν,
829 2252 917 2302 καὶ
957 2252 1061 2301 δεῖν
1099 2252 1225 2301 αὐτὸ
1264 2253 1313 2306 ἐς
1341 2251 1434 2315 τὴν
1457 2252 1659 2316 Ῥώμην

222 2448 361 2535 390
