1747 2693
146 276 246 314 CAP.

169 318 227 352 IX

322 116 638 219 APPIAN'S
661 122 932 212 ROMAN
941 116 1283 222 HISTORY,
1303 129 1496 212 BOOK
1522 125 1648 200 VII

271 266 560 335 ἐνεχθῆναι.
619 264 741 322 μετ᾽
780 266 838 315 οὐ
879 266 1021 316 πολὺ
1063 265 1116 316 δὲ
1153 270 1337 316 πεσεῖν
1373 287 1428 316 τε
1454 287 1685 332 προσηγ-

268 336 433 398 γέλθη
471 334 559 384 καὶ
597 334 647 389 ἐς
684 334 886 396 Ῥώμην
925 334 1177 397 ἐκομίσθη
1216 332 1273 385 τὸ
1321 335 1526 399 βρέτας.
1600 338 1686 385 καὶ

269 402 363 465 τὴν
405 402 598 468 ἡμέραν
638 403 942 467 ἑορτάζουσι
991 403 1078 452 καὶ
1127 407 1215 454 νῦν
1264 403 1420 469 μητρὶ
1471 405 1613 461 θεῶν,
1655 404 1686 469 ᾗ

268 472 387 522 τότε
431 470 698 533 ἐκομίσθη.
769 471 982 535 λέγεται
1023 471 1075 522 δὲ
1114 471 1209 533 τὴν
1251 476 1390 529 ναῦν,
1429 471 1460 534 ἣ
1512 472 1688 537 ἔφερεν

270 539 412 596 αὐτό,
440 541 549 590 ἰλύι
576 544 666 591 τοῦ
693 543 933 603 ποταμοῦ
959 544 1051 589 τοῦ
1076 539 1315 605 Τιβέριος
1342 541 1687 608 ἐνσχεθεῖσαν

270 608 481 677 οὐδεμιᾷ
510 613 721 679 μηχανῇ
760 608 1099 666 σαλεύεσθαι,
1131 609 1300 677 μέχρι,
1328 612 1429 658 τῶν
1457 610 1688 672 μάντεων

270 677 627 742 προειπόντων
653 678 885 744 ἕψεσθαι
909 677 1073 740 μόνως
1101 676 1145 727 εἰ
1168 677 1296 741 γυνὴ
1325 677 1689 743 καθαρεύουσα

270 745 426 808 ξένων
475 746 668 810 ἀνδρῶν
704 745 953 805 ἑλκύσειε,
992 745 1265 795 Κλαυδίαν
1302 745 1542 805 Κόινταν,
1578 768 1686 810 μοι-

268 813 419 883 χείας
466 814 705 878 ἔγκλημα
764 815 993 884 ἔχουσαν
1055 815 1131 865 ἔτι
1191 814 1416 880 ἄκριτον,
1479 816 1566 865 καὶ
1626 815 1687 865 δι᾽

271 884 506 933 ἀσωτίαν
531 883 581 939 ἐς
617 882 743 935 αὐτὸ
775 883 1146 946 πιθανωτάτην
1183 883 1363 940 οὖσαν,
1390 883 1687 934 ἐπιθειάσαι

270 972 327 1001 τε
366 950 547 1003 πολλὰ
600 951 720 1016 περὶ
770 956 860 1015 τῆς
904 950 1313 1017 ἀναμαρτησίας,
1367 953 1453 1002 καὶ
1503 952 1687 1015 ἀναδή-

271 1021 473 1070 σασθαι
499 1025 561 1085 τῇ
598 1019 756 1090 μίτρᾳ
793 1020 851 1070 τὸ
877 1020 1096 1087 σκάφος.
1169 1021 1257 1071 καὶ
1282 1021 1312 1082 ἡ
1339 1020 1452 1075 θεὸς
1480 1024 1686 1071 ἕσπετο.

272 1087 513 1139 Κλαυδία
553 1090 645 1152 μὲν
688 1089 747 1151 δὴ
789 1089 846 1153 ἐξ
883 1088 1169 1156 αἰσχίστης
1207 1088 1355 1152 δόξης
1393 1091 1440 1143 ἐς
1467 1088 1687 1153 ἀρίστην

268 1157 545 1221 μετέβαλε,
588 1155 860 1222 Ῥωμαίοις
901 1158 951 1208 δὲ
1002 1158 1089 1207 καὶ
1138 1156 1239 1220 πρὸ
1289 1162 1380 1221 τῆς
1422 1157 1688 1213 Κλαυδίας

271 1225 474 1277 ἐκέλευε
535 1225 599 1276 τὰ
662 1225 955 1287 Σιβύλλεια
1013 1225 1097 1276 διὰ
1156 1230 1247 1278 τοῦ
1302 1226 1445 1291 παρὰ
1499 1226 1687 1292 σφίσιν

271 1295 491 1357 ἀρίστου
518 1293 577 1345 τὸ
618 1294 811 1361 βρέτας
855 1296 911 1345 ἐκ
954 1293 1185 1361 Φρυγίας
1231 1299 1562 1359 μεταγαγεῖν,
1600 1296 1687 1346 καὶ

270 1361 359 1413 τὸν
407 1362 624 1428 ἄριστον
673 1364 725 1414 ἐν
772 1367 842 1431 τῷ
889 1361 1005 1414 τότε
1048 1362 1208 1429 σφίσι
1249 1363 1499 1414 δοκοῦντα
1539 1362 1683 1421 εἶναι,

270 1427 541 1484 Σκιπίωνα
580 1431 670 1483 τὸν
718 1435 966 1482 Νασικᾶν
1010 1431 1247 1495 ἐπίκλην,
1298 1432 1687 1497 ἐπεπόμφεσαν,

268 1498 378 1551 υἱὸν
424 1500 517 1565 μὲν
565 1502 690 1551 ὄντα
739 1499 925 1551 Γναίου
980 1496 1270 1555 Σκιπίωνος
1321 1505 1412 1551 τοῦ
1463 1523 1685 1566 στρατη-

266 1567 527 1632 γήσαντος
547 1569 599 1619 ἐν
625 1567 830 1636 Ἰβηρίᾳ
850 1569 936 1620 καὶ
953 1570 1005 1619 ἐν
1025 1569 1154 1634 αὐτῇ
1176 1568 1444 1627 πεσόντος,
1465 1569 1686 1637 ἀνεψιὸν

269 1636 321 1686 δὲ
348 1633 636 1691 Σκιπίωνος
673 1642 764 1687 τοῦ
804 1637 1195 1706 Καρχηδονίους
1233 1637 1556 1705 ἀφελομένου
1595 1638 1687 1699 τὴν

269 1704 543 1768 ἡγεμονίαν
597 1706 683 1757 καὶ
742 1705 951 1772 πρώτου
1012 1705 1291 1768 κληθέντος
1349 1705 1683 1773 Ἀφρικανοῦ.

269 1773 364 1823 ὧδε
421 1774 513 1837 μὲν
571 1775 601 1837 ἡ
671 1774 783 1829 θεὸς
835 1776 884 1829 ἐς
946 1775 1151 1839 Ῥώμην
1213 1773 1273 1824 δι᾽
1337 1776 1531 1841 ἀνδρῶν
1601 1775 1687 1826 καὶ

266 1846 525 1908 γυναικῶν
550 1842 776 1908 ἀρίστων
801 1844 1085 1911 ἀφικνεῖτο.

339 1916 416 1962 57.
452 1910 541 1962 Ἐν
577 1912 631 1962 δὲ
666 1913 843 1977 Λιβύῃ
888 1911 1261 1981 Καρχηδονίων
1308 1914 1540 1979 συνεχῶς
1585 1912 1684 1963 ὑπὸ

267 1980 416 2031 τοῦδε
452 1984 543 2030 τοῦ
581 1976 870 2035 Σκιπίωνος
905 1980 1224 2044 ἡττωμένων,
1262 1980 1379 2030 ὅσοι
1427 1982 1685 2046 Βρεττίων

267 2048 413 2098 ταῦτ᾽
449 2049 781 2112 ἐγίγνωσκον,
821 2047 1115 2116 ἀφίσταντο
1158 2048 1264 2099 ἀπὸ
1297 2053 1389 2099 τοῦ
1425 2048 1683 2110 Ἀννίβου,

268 2116 355 2167 καὶ
374 2115 466 2171 τὰς
487 2117 711 2185 φρουρὰς
731 2117 779 2168 οἱ
795 2118 888 2181 μὲν
908 2117 1147 2176 ἔκτεινον,
1169 2118 1218 2168 οἱ
1236 2117 1276 2167 δ᾽
1297 2117 1601 2181 ἐξέβαλλον.
1639 2118 1684 2168 οἱ

268 2184 320 2235 δὲ
364 2184 603 2252 οὐδέτερα
644 2185 839 2236 τούτων
886 2186 1156 2248 δυνάμενοι
1202 2187 1375 2255 λάθρᾳ
1422 2185 1549 2251 πρὸς
1591 2185 1683 2250 τὴν

269 2252 570 2317 σύγκλητον
589 2253 927 2320 ἐπρέσβευον,
945 2256 1038 2316 τὴν
1055 2256 1147 2317 μὲν
1167 2254 1396 2316 ἀνάγκην
1414 2255 1582 2305 αὑτῶν
1597 2255 1684 2305 καὶ

265 2321 359 2383 τὴν
384 2321 687 2387 προαίρεσιν
707 2323 1141 2377 ὑποδεικνύοντες.
1185 2321 1433 2383 Ἀννίβας
1454 2323 1504 2372 δὲ
1525 2324 1574 2376 ἐς
1591 2323 1683 2386 μὲν

266 2391 533 2452 Πετηλίαν
576 2391 795 2445 ἔνοπλος
841 2393 1128 2455 παρῆλθεν,
1168 2390 1336 2441 οὐκέτι
1381 2390 1682 2454 Πετηλίνων

254 2474 380 2558 392
