1747 2693
140 340 242 380 CAP.

165 384 224 418 IX

316 177 635 290 APPIAN'S
654 187 909 280 ROMAN
935 183 1274 277 HISTORY,
1287 196 1503 267 BOOK
1509 196 1648 277 VII

264 329 490 397 ἐχόντων
539 330 715 393 αὐτήν·
777 328 1022 390 ἐκβαλὼν
1067 329 1169 395 γὰρ
1218 329 1403 383 αὐτοὺς
1449 330 1681 381 ἐδεδώκει

263 408 539 475 Βρεττίοις.
612 409 793 475 ᾐτιᾶτο
820 409 862 458 δ᾽
886 409 966 459 ὅτι
1003 409 1368 474 ἐπρέσβευσαν
1393 409 1441 463 ἐς
1465 408 1679 474 Ῥώμην,

263 487 585 551 ἀρνουμένων
654 488 694 537 δ᾽
756 486 958 537 ἐκείνων
1032 487 1329 553 ὑπεκρίνετο
1400 489 1680 540 πιστεύειν.

264 565 390 616 "ἵνα
451 566 539 623 δ᾽,"
602 566 716 631 ἔφη,
776 565 938 628 "μηδ᾽
1014 565 1354 628 ὑπονοῆσθε,"
1416 568 1533 621 τοὺς
1590 569 1681 630 μὲν

263 644 508 699 δυνατοὺς
549 645 815 709 παρέδωκε
864 649 969 698 τοῖς
1019 645 1248 707 Νομάσι,
1293 647 1683 712 κεχωρισμένως

264 728 436 791 τηρεῖν
472 724 643 773 αὐτῶν
681 724 918 780 ἕκαστον,
948 726 1038 773 τοῦ
1076 722 1129 773 δὲ
1166 723 1400 785 πλήθους
1438 724 1502 774 τὰ
1539 726 1682 776 ὅπλα

262 802 559 869 παρείλετο,
587 802 705 856 τοὺς
732 801 784 852 δὲ
811 801 1027 856 δούλους
1065 800 1398 856 καθοπλίσας
1423 803 1682 866 ἐπέστησε

263 884 325 946 τῇ
351 879 506 931 πόλει
533 881 789 947 φύλακας.
863 880 950 931 καὶ
986 881 1186 935 τούτοις
1211 881 1362 943 ὅμοια
1387 881 1479 936 τὰς
1514 882 1681 939 ἄλλας

262 959 444 1013 πόλεις
492 959 652 1010 ἐπιὼν
701 960 875 1009 ἐποίει.
972 958 1205 1025 Θουρίων
1255 959 1306 1009 δὲ
1355 960 1680 1029 τρισχιλίους

266 1036 641 1107 Καρχηδονίοις
700 1039 939 1099 μάλιστα
998 1037 1173 1092 εὔνους
1233 1038 1546 1103 ἐξελόμενος,
1597 1041 1682 1091 καὶ

267 1114 636 1171 πεντακοσίους
677 1115 874 1169 ἄλλους
912 1115 1017 1166 ἀπὸ
1055 1118 1156 1165 τῶν
1193 1116 1378 1181 ἀγρῶν,
1417 1116 1481 1166 τὰ
1517 1118 1680 1169 λοιπὰ

264 1197 322 1260 τῇ
362 1196 586 1261 στρατιᾷ
624 1193 924 1258 διαρπάζειν
961 1194 1158 1244 ἔδωκεν.
1232 1195 1319 1245 καὶ
1356 1199 1446 1258 τῆς
1482 1197 1682 1253 πόλεως

258 1272 485 1337 ἐγκρατῆ
538 1271 766 1339 φρουρὰν
813 1271 1139 1329 καταλιπών,
1179 1273 1229 1326 ἐς
1277 1273 1527 1337 Κρότωνα
1565 1276 1681 1331 τοὺς

261 1349 587 1418 τρισχιλίους
612 1352 699 1401 καὶ
724 1349 1099 1405 πεντακοσίους
1122 1352 1382 1418 μετῴκιζε,
1409 1352 1503 1417 τὴν
1527 1354 1682 1406 πόλιν

261 1430 497 1496 εὔκαιρον
545 1429 822 1494 ἡγούμενος
883 1429 1029 1487 εἶναι,
1091 1430 1179 1480 καὶ
1238 1435 1467 1493 ταμιεῖον
1522 1434 1681 1494 αὐτὴν

261 1508 425 1575 ἑαυτῷ
453 1507 541 1558 καὶ
568 1506 877 1573 ὁρμητήριον
901 1509 987 1559 ἐπὶ
1013 1507 1105 1562 τὰς
1131 1507 1300 1563 ἄλλας
1326 1510 1597 1575 τιθεμενος.

331 1592 410 1636 58.
450 1584 825 1653 Καρχηδονίων
897 1586 937 1635 δ᾽
1022 1585 1179 1636 αὐτὸν
1249 1589 1682 1649 μετακαλούντων

261 1664 395 1715 κατὰ
422 1664 657 1728 σπουδὴν
681 1666 971 1730 ἐπικουρεῖν
997 1665 1359 1730 κινδυνευούσῃ
1381 1670 1442 1730 τῇ
1469 1669 1680 1735 πατρίδι

262 1743 362 1793 ὑπὸ
414 1737 716 1800 Σκιπίωνος,
761 1743 848 1792 καὶ
903 1742 991 1793 τὸν
1042 1742 1305 1811 ναύαρχον
1347 1744 1681 1812 Ἀσδρούβαν

261 1821 341 1873 ἐπ᾽
379 1821 551 1879 αὐτόν,
580 1820 661 1871 ἵνα
697 1820 766 1886 μὴ
804 1820 1091 1886 βραδύνειε,
1119 1822 1461 1889 πεμψάντων,
1487 1824 1679 1891 ἤχθετο

258 1900 351 1964 μὲν
374 1905 465 1963 τῆς
504 1899 880 1969 Καρχηδονίων
916 1901 964 1954 ἐς
1000 1902 1118 1955 τοὺς
1145 1899 1403 1969 ἄρχοντας
1432 1903 1681 1958 ἀπιστίας

260 2001 315 2030 τε
340 1979 427 2030 καὶ
444 1977 759 2047 ἀχαριστίας
784 1980 831 2032 ἐς
857 1983 1043 2043 πεῖραν
1058 1977 1331 2045 ἐρχόμενος
1358 1979 1441 2030 διὰ
1464 1988 1677 2048 μακροῦ,

261 2058 347 2108 καὶ
397 2056 490 2121 τὴν
536 2056 709 2107 αἰτίαν
757 2055 995 2107 ἐδεδοίκει
1043 2061 1133 2106 τοῦ
1186 2057 1403 2107 τοσοῦδε
1447 2059 1679 2123 πολέμου

260 2139 464 2203 πρῶτος
535 2136 784 2199 ἐμβαλὼν
838 2136 891 2184 ἐν
958 2134 1180 2205 Ἰβηρίᾳ,
1224 2135 1433 2199 ἐγνώκει
1492 2137 1532 2186 δ᾽
1595 2139 1677 2189 ὑπ᾽

259 2215 487 2278 ἀνάγκης
523 2213 659 2275 ὅμως
696 2214 934 2270 ἕπεσθαι,
970 2214 1057 2263 καὶ
1095 2216 1215 2267 ναῦς
1253 2214 1511 2279 εἰργάζετο
1548 2224 1676 2267 πολ-

257 2289 370 2345 λάς,
422 2289 640 2354 εὐξύλου
688 2293 778 2350 τῆς
826 2287 1059 2342 Ἰταλίας
1117 2288 1289 2350 οὔσης.
1363 2294 1466 2340 τῶν
1513 2291 1553 2339 δ᾽
1602 2292 1676 2342 ἔτι

262 2362 502 2425 ὑπηκόων
517 2363 563 2413 οἱ
581 2361 789 2414 πόλεων
807 2366 870 2417 ὡς
881 2361 1174 2428 ἀλλοτρίων
1189 2368 1542 2430 καταφρονῶν,
1548 2366 1673 2430 ἔγνω

258 2438 548 2503 διαρπάσαι
593 2440 786 2495 πάσας,
826 2438 913 2487 καὶ
950 2442 1043 2502 τὴν
1078 2438 1332 2503 στρατιὰν
1367 2438 1672 2500 πλουτίσας,

245 2522 364 2600 394
