1747 2693
139 327 240 361 CAP.

152 366 214 401 IX

306 174 635 251 APPIAN'S
654 177 912 261 ROMAN
938 174 1274 280 HISTORY,
1290 177 1503 254 BOOK
1525 177 1645 261 VII

263 316 438 367 εὔνουν
463 317 512 370 ἐς
550 315 642 371 τὰς
680 317 731 366 ἐν
760 315 1060 383 Καρχηδόνι
1094 317 1449 383 συκοφαντίας
1486 319 1679 382 ἐπαγα-

261 391 464 457 γέσθαι.
538 391 834 453 αἰδούμενός
860 413 917 442 τε
942 390 1095 445 αὐτὸς
1118 393 1531 457 παρασπονδεῖν,
1558 393 1681 444 Ἀσ-

262 467 488 533 δρούβαν
524 467 612 517 τὸν
639 467 902 534 ναύαρχον
923 466 1009 517 ἐπὶ
1053 468 1316 533 προφάσει
1350 467 1684 534 περιέπεμπε,

261 542 378 597 τοὺς
406 546 755 609 φρουροῦντας
776 540 1049 608 ὀψόμενον.
1095 541 1119 592 ὁ
1143 541 1193 592 δὲ
1215 544 1264 597 ἐς
1284 542 1512 606 ἑκάστην
1532 543 1685 595 πόλιν

262 617 417 668 ἐσιὼν
465 617 708 668 ἐκέλευσε
757 621 863 671 τοῖς
912 619 1215 675 ἐνοικοῦσιν,
1267 619 1452 674 αὐτούς
1501 641 1556 670 τε
1598 621 1685 669 καὶ

262 693 476 748 δούλους
518 694 702 749 αὐτῶν,
747 692 849 743 ὅσα
901 691 1136 742 δύναιντο
1174 693 1457 753 λαβόντας,
1496 695 1552 745 ἐκ
1587 697 1687 745 τῶν

263 770 469 820 πόλεων
515 766 889 831 μεθίστασθαι,
940 767 1026 818 καὶ
1076 767 1142 818 τὰ
1179 768 1344 819 λοιπὰ
1395 769 1685 836 διήρπαζεν.

264 844 461 894 τούτων
498 844 622 894 ἔνιοι
660 842 1049 906 πυνθανόμενοι,
1079 843 1201 910 πρὶν
1238 843 1327 893 τὸν
1354 844 1687 911 Ἀσδρούβαν

262 921 418 985 ἥκειν,
463 924 571 974 τοῖς
611 923 855 986 φρουροῖς
894 917 1203 976 ἐπετίθεντο,
1249 919 1335 969 καὶ
1385 922 1688 983 συνέβαινεν

264 996 395 1047 ὅπου
454 995 545 1059 μὲν
605 999 814 1061 κρατεῖν
876 994 967 1049 τὰς
1038 993 1219 1049 πόλεις
1278 994 1411 1046 ὅπου
1461 995 1513 1047 δὲ
1574 996 1688 1051 τοὺς

265 1071 535 1138 φρουρούς,
570 1070 753 1138 σφαγή
796 1091 851 1120 τε
891 1069 1106 1132 ποικίλη
1132 1069 1220 1121 καὶ
1252 1073 1507 1133 γυναικῶν
1540 1072 1689 1137 ὕβρις

267 1147 352 1196 καὶ
381 1145 684 1214 παρθένων
746 1144 1042 1210 ἀπαγωγαί,
1104 1145 1191 1195 καὶ
1252 1146 1428 1197 πάντα
1476 1146 1579 1197 ὅσα
1639 1148 1689 1198 ἐν

265 1222 487 1273 πόλεσιν
520 1220 843 1279 ἑαλωκυίαις,
883 1220 1161 1285 ἐγίγνοντο.

335 1304 410 1347 59.
453 1296 620 1351 Αὐτὸς
646 1297 697 1347 δὲ
725 1296 749 1347 ὁ
774 1295 1022 1357 Ἀννίβας
1039 1296 1157 1351 τοὺς
1182 1297 1690 1364 συστρατευομένους

265 1374 313 1425 οἱ
351 1377 451 1424 τῶν
476 1373 697 1423 Ἰταλῶν
740 1372 882 1427 εἰδὼς
925 1372 979 1422 εὖ
1022 1372 1487 1437 γεγυμνασμένους,
1517 1373 1689 1424 ἔπειθε

264 1453 495 1503 πολλαῖς
521 1446 881 1517 ὑποσχέσεσιν
900 1448 950 1501 ἐς
969 1446 1061 1511 τὴν
1080 1446 1287 1510 Λιβύην
1304 1449 1441 1514 αὑτῷ
1464 1469 1689 1513 συστρα-

264 1530 464 1575 τεῦσαι.
528 1523 616 1573 καὶ
641 1523 837 1574 τούτων
863 1522 912 1573 οἱ
934 1522 1027 1586 μὲν
1053 1522 1118 1573 τὰ
1144 1524 1477 1589 ἡμαρτημένα
1503 1522 1690 1590 σφίσιν

264 1602 313 1655 ἐς
339 1600 431 1653 τὰς
474 1597 729 1664 πατρίδας
773 1597 990 1652 δεδιότες
1033 1597 1255 1656 εἵποντο,
1285 1599 1561 1665 φεύγοντες
1596 1599 1689 1663 τὴν

265 1673 459 1726 οἰκείαν
509 1672 719 1731 ἑκόντες,
765 1673 812 1723 οἱ
851 1674 900 1723 δὲ
944 1673 1088 1724 οὐδὲν
1124 1672 1439 1740 ἁμαρτόντες
1478 1674 1687 1725 ὤκνουν.

265 1749 513 1817 ἀθροίσας
540 1750 628 1800 οὖν
655 1749 841 1800 τούσδε
875 1748 991 1803 τοὺς
1029 1748 1301 1815 ὑπομένειν
1327 1750 1599 1813 ἀξιοῦντας
1625 1752 1689 1805 ὡς

264 1827 326 1890 δή
352 1848 402 1877 τι
425 1825 592 1889 λέξων
625 1826 799 1879 αὐτοῖς
833 1824 865 1888 ἢ
904 1824 1240 1893 χαριούμενος
1272 1828 1373 1876 τῶν
1405 1824 1689 1890 γεγονότων

263 1903 295 1967 ἢ
323 1902 441 1967 περὶ
479 1905 570 1951 τοῦ
606 1900 890 1964 μέλλοντος
907 1900 1240 1967 ἐπισκήψων,
1268 1900 1581 1966 περιέστησε
1597 1901 1689 1964 τὴν

266 1975 519 2043 στρατιὰν
556 1975 894 2039 ὡπλισμένην
932 1975 1093 2042 ἄφνω,
1134 1975 1220 2026 καὶ
1257 1975 1547 2042 προσέταξε
1583 1981 1689 2031 τοῖς

265 2053 410 2107 ἰδίοις
438 2051 738 2118 ἀνδράποδα
769 2053 826 2116 ἐξ
857 2051 1026 2101 αὐτῶν
1051 2051 1154 2101 ὅσα
1180 2050 1423 2101 θέλουσιν
1448 2051 1687 2116 ἐπιλέξα-

265 2130 408 2179 σθαι.
473 2129 537 2183 ὡς
562 2126 615 2177 δὲ
642 2127 690 2177 οἱ
713 2126 804 2187 μὲν
831 2125 1162 2191 ἐπελέξαντο,
1190 2124 1236 2175 οἱ
1263 2125 1314 2175 δὲ
1340 2126 1558 2192 ᾐδοῦντο
1597 2148 1685 2176 συ-

267 2202 594 2269 στρατιώτας
610 2201 791 2252 πολλὰ
813 2200 1279 2266 συνειργασμένους
1298 2199 1486 2268 σφίσιν
1506 2201 1686 2266 ἀνδρα-

265 2276 607 2334 ποδίσασθαι,
634 2276 751 2331 τοὺς
773 2275 992 2331 λοιποὺς
1029 2273 1399 2337 κατηκόντισεν
1434 2275 1683 2335 ἅπαντας,

267 2358 357 2404 τοῦ
390 2353 459 2415 μὴ
501 2351 736 2402 τοιούσδε
775 2351 961 2415 ἄνδρας
999 2350 1124 2401 ποτὲ
1149 2348 1420 2415 Ῥωμαίοις
1444 2350 1684 2414 γενέσθαι

264 2426 569 2497 χρησίμους.
643 2426 1031 2492 ἐπικατέσφαξε
1071 2424 1110 2474 δ᾽
1150 2425 1325 2479 αὐτοῖς
1361 2426 1449 2476 καὶ
1494 2425 1683 2482 ἵππους

258 2509 364 2590 396
