1747 2693
134 312 236 353 CAP.

164 356 223 390 IX

319 151 641 248 APPIAN'S
651 161 919 248 ROMAN
932 161 1280 251 HISTORY,
1293 158 1483 248 BOOK
1506 145 1629 248 VII

258 304 306 357 ἐς
353 300 807 371 τετρακισχιλίους
862 304 949 354 καὶ
1006 305 1211 367 πλῆθος
1268 305 1571 372 ὑποζυγίων,
1620 309 1678 358 οὐ

259 371 534 436 δυνάμενος
560 373 608 425 ἐς
633 371 838 434 Λιβύην
863 372 1173 437 ἐπάγεσθαι.

330 446 405 489 60.
448 438 601 490 Μετὰ
627 440 677 489 δὲ
704 444 857 490 τοῦτο
883 442 931 495 ἐς
957 440 1048 496 τὰς
1073 446 1193 496 ναῦς
1219 442 1276 492 τὸ
1304 443 1508 506 πλῆθος
1532 446 1678 509 ἐμβι-

257 508 438 569 βάσας
476 507 534 558 τὸ
578 512 780 573 πνεῦμα
819 508 1068 572 ἀνέμενεν,
1109 509 1315 575 ὀλίγους
1352 513 1401 566 ἐς
1438 513 1680 579 φυλακὴν

258 578 345 627 ἐπὶ
395 581 485 639 τῆς
531 581 626 640 γῆς
676 577 1001 628 καταλιπών.
1075 578 1122 628 οἱ
1166 579 1218 628 δὲ
1268 582 1550 643 Πετηλῖνοι
1593 583 1681 633 καὶ

258 645 355 695 σὺν
416 646 590 699 αὐτοῖς
645 646 805 711 ἕτεροι
852 647 1049 697 Ἰταλοὶ
1095 647 1353 706 ἐπέθεντο,
1405 648 1494 700 καί
1539 672 1680 705 τινας

259 715 427 764 αὐτῶν
471 715 907 780 κατασφάξαντες
944 715 1262 779 ἀπέδρασαν.
1351 715 1598 779 Ἀννίβας
1638 719 1679 769 δ᾽

257 783 345 832 ἐπὶ
394 782 598 845 Λιβύης
648 783 881 847 ἀνήγετο,
933 782 1205 835 ἑκκαίδεκα
1258 785 1427 837 ἔτεσιν
1475 786 1681 851 ὁμαλῶς

259 850 530 915 πορθήσας
589 872 645 901 τε
700 851 794 913 τὴν
855 851 1106 911 Ἰταλίαν,
1169 853 1255 904 καὶ
1316 853 1434 908 τοὺς
1495 855 1681 923 ἄνδρας

257 919 535 981 ἐμπλήσας
561 923 734 970 κακῶν
757 919 952 988 μυρίων
987 921 1073 971 καὶ
1109 923 1159 975 ἐς
1197 920 1427 974 κίνδυνον
1452 924 1681 991 ἔσχατον

257 988 520 1042 πολλάκις
546 988 872 1053 συναγαγών,
902 994 1007 1044 τοῖς
1043 1011 1099 1040 τε
1136 989 1383 1053 ὑπηκόοις
1408 994 1567 1042 αὑτοῦ
1593 994 1680 1043 καὶ

257 1056 559 1124 συμμάχοις
583 1057 864 1124 ἐνυβρίσας
904 1058 969 1112 ὡς
1004 1059 1291 1123 πολεμίοις·
1331 1061 1421 1111 ἅτε
1457 1061 1557 1127 γὰρ
1580 1063 1680 1112 καὶ

256 1124 381 1178 τέως
415 1126 589 1179 αὐτοῖς
627 1126 719 1175 οὐκ
758 1124 837 1176 ἐπ᾽
878 1125 1048 1195 εὐνοίᾳ
1082 1131 1288 1190 μᾶλλον
1312 1128 1343 1192 ἢ
1370 1128 1522 1197 χρείᾳ
1546 1131 1680 1198 χρώ-

253 1214 417 1257 μενος,
470 1194 613 1243 οὐδὲν
662 1193 798 1263 ἔχων
847 1195 921 1246 ἔτι
968 1195 1097 1263 πρὸς
1146 1197 1314 1247 αὐτῶν
1364 1199 1680 1265 ὠφελεῖσθαι

253 1260 640 1328 κατεφρόνησεν
666 1265 731 1317 ὡς
757 1262 1036 1329 πολεμίων.

328 1335 403 1379 61.
442 1329 691 1391 Ἀννίβου
734 1330 778 1380 δ᾽
821 1332 1257 1388 ἀποπλεύσαντος
1296 1337 1326 1398 ἡ
1368 1334 1543 1397 βουλὴ
1576 1340 1681 1390 τοῖς

253 1397 347 1462 μὲν
395 1398 577 1453 ἄλλοις
619 1400 790 1450 ἔθνεσι
830 1406 920 1463 τῆς
969 1401 1212 1459 Ἰταλίας,
1257 1402 1372 1453 ὅσοι
1410 1403 1680 1468 μετέθεντο

253 1466 385 1532 πρὸς
411 1469 618 1525 ἐκεῖνον,
646 1468 874 1533 συνέγνω
901 1473 1001 1520 τῶν
1041 1469 1324 1535 γεγονότων
1361 1472 1449 1522 καὶ
1485 1473 1679 1537 ἀμνησ-

255 1535 371 1585 τίαν
419 1534 744 1603 ἐψηφίσατο,
796 1537 1053 1603 Βρεττίων
1102 1540 1154 1589 δὲ
1201 1538 1381 1604 μόνων,
1433 1540 1481 1590 οἳ
1526 1540 1680 1609 μέχρι

256 1603 437 1658 τέλους
475 1605 613 1671 αὐτῷ
650 1605 1037 1671 προθυμότατοι
1074 1607 1387 1672 ἐγεγένηντο,
1415 1608 1592 1677 χώραν
1626 1631 1681 1660 τε

256 1673 465 1735 πολλὴν
504 1672 749 1740 ἀφείλετο
789 1675 873 1725 καὶ
913 1676 1070 1733 ὅπλα,
1099 1678 1145 1727 εἴ
1178 1698 1293 1727 τινα
1327 1677 1390 1739 ἦν
1424 1678 1498 1728 ἔτι
1522 1679 1681 1745 χωρὶς

255 1741 324 1791 ὧν
355 1740 602 1802 Ἀννίβας
647 1742 900 1810 ἀφῄρητο·
940 1743 990 1798 ἔς
1032 1766 1088 1795 τε
1129 1744 1187 1795 τὸ
1229 1744 1425 1807 μέλλον
1461 1747 1679 1797 ἀπεῖπεν

255 1811 431 1864 αὐτοῖς
456 1810 526 1875 μὴ
555 1811 939 1875 στρατεύεσθαι
972 1814 1036 1867 ὡς
1075 1814 1177 1864 οὐδ᾽
1204 1813 1487 1880 ἐλευθέροις
1515 1815 1677 1872 οὖσιν,

255 1877 514 1944 ὑπηρέτας
540 1879 592 1929 δὲ
620 1884 725 1934 τοῖς
762 1901 817 1930 τε
856 1881 1073 1935 ὑπάτοις
1109 1883 1198 1932 καὶ
1236 1887 1550 1949 στρατηγοῖς
1575 1888 1680 1938 τοῖς

252 1947 301 2000 ἐς
360 1945 452 2000 τὰς
500 1951 602 1997 τῶν
651 1948 809 1999 ἐθνῶν
858 1948 1131 2014 ἡγεμονίας
1179 1951 1428 2002 ἀπιοῦσιν
1480 1953 1529 2005 ἐς
1589 1951 1679 2007 τὰς

252 2013 501 2079 δημοσίας
530 2016 827 2081 ὑπηρεσίας,
856 2018 938 2068 οἷα
976 2019 1316 2084 θεράποντας,
1357 2020 1676 2071 ἀκολουθεῖν.

252 2088 403 2133 τοῦτο
442 2083 500 2134 τὸ
541 2084 689 2140 τέλος
727 2086 790 2148 ἦν
827 2084 1076 2149 Ἀννίβου
1113 2093 1204 2151 τῆς
1238 2088 1287 2143 ἐς
1312 2087 1406 2151 τὴν
1443 2087 1677 2139 Ἰταλίαν

251 2151 521 2215 γενομένης
545 2154 791 2218 ἐσβολῆς.

248 2493 364 2577 398
