1747 2693
951 590 1038 700 Θ

815 751 1161 799 ΛΙΒΥΚΗ

951 887 1019 974 Ι

354 1016 395 1060 1.
437 1009 753 1079 Καρχηδόνα
794 1009 888 1073 τὴν
923 1012 975 1062 ἐν
1012 1009 1187 1079 Λιβύῃ
1224 1009 1457 1068 Φοίνικες
1501 1012 1694 1080 ᾤκισαν

281 1079 421 1130 ἔτεσι
447 1079 770 1143 πεντήκοντα
795 1078 896 1145 πρὸ
922 1080 1169 1135 ἁλώσεως
1193 1079 1369 1138 Ἰλίου,
1399 1081 1627 1133 οἰκισταὶ
1654 1083 1695 1133 δ᾽

281 1150 438 1211 αὐτῆς
480 1147 712 1213 ἐγένοντο
756 1147 927 1215 Ζῶρός
966 1170 1021 1199 τε
1064 1150 1151 1199 καὶ
1196 1150 1501 1219 Καρχηδών,
1539 1153 1603 1205 ὡς
1643 1152 1694 1202 δὲ

278 1215 524 1281 Ῥωμαῖοι
554 1217 642 1267 καὶ
680 1218 828 1268 αὐτοὶ
868 1216 1216 1285 Καρχηδόνιοι
1252 1220 1529 1282 νομίζουσι,
1557 1219 1694 1270 Διδὼ

280 1285 408 1348 γυνὴ
437 1283 617 1351 Τυρία,
646 1286 704 1348 ἧς
732 1284 821 1337 τὸν
847 1285 1007 1353 ἄνδρα
1033 1286 1334 1338 κατακαίνει
1372 1286 1695 1353 Πυγμαλίων

280 1352 449 1421 Τύρου
483 1353 815 1419 τυραννεύων,
845 1355 931 1405 καὶ
971 1354 1028 1405 τὸ
1067 1355 1216 1419 ἔργον
1257 1355 1591 1423 ἐπέκρυπτεν.
1663 1358 1693 1419 ἡ

281 1421 333 1473 δὲ
359 1424 415 1486 ἐξ
441 1421 680 1473 ἐνυπνίου
714 1428 802 1473 τὸν
842 1422 998 1489 φόνον
1041 1424 1255 1488 ἐπέγνω,
1293 1425 1381 1475 καὶ
1413 1424 1543 1490 μετὰ
1569 1447 1694 1495 χρη-

280 1490 459 1554 μάτων
501 1495 719 1542 πολλῶν
763 1492 851 1542 καὶ
902 1493 1111 1557 ἀνδρῶν,
1152 1493 1267 1543 ὅσοι
1315 1493 1694 1559 Πυγμαλίωνος

280 1558 557 1625 τυραννίδα
598 1560 827 1626 ἔφευγον,
874 1561 1172 1626 ἀφικνεῖται
1213 1561 1455 1612 πλέουσα
1492 1562 1695 1625 Λιβύης

279 1627 404 1678 ἔνθα
446 1632 535 1679 νῦν
577 1628 690 1678 ἔστι
732 1629 1040 1698 Καρχηδών.
1129 1630 1464 1695 ἐξωθούμενοι
1509 1629 1550 1680 δ᾽
1595 1630 1693 1681 ὑπὸ

277 1699 379 1746 τῶν
394 1696 607 1756 Λιβύων
632 1696 828 1748 ἐδέοντο
848 1696 1040 1765 χωρίον
1063 1699 1112 1752 ἐς
1137 1698 1473 1763 συνοικισμὸν
1488 1701 1692 1760 λαβεῖν,

278 1764 403 1814 ὅσον
441 1765 504 1815 ἂν
542 1764 723 1832 βύρσα
765 1766 957 1831 ταύρου
994 1767 1292 1833 περιλάβοι.
1366 1772 1472 1822 τοῖς
1510 1768 1562 1818 δὲ
1595 1767 1693 1819 ἐνέ-

279 1854 445 1883 πιπτε
477 1833 569 1897 μέν
608 1856 656 1884 τι
694 1834 783 1884 καὶ
819 1834 1045 1898 γέλωτος
1081 1836 1169 1885 ἐπὶ
1206 1840 1267 1902 τῇ
1307 1840 1407 1886 τῶν
1444 1836 1695 1887 Φοινίκων

277 1900 606 1972 μικρολογίᾳ,
669 1904 757 1953 καὶ
816 1903 1029 1969 ᾐδοῦντο
1089 1905 1348 1955 ἀντειπεῖν
1396 1905 1513 1968 περὶ
1563 1907 1693 1955 οὕτω

275 1971 633 2037 βραχυτάτου·
671 1972 910 2036 μάλιστα
949 1971 988 2021 δ᾽
1027 1972 1253 2038 ἠπόρουν
1289 1973 1428 2027 ὅπως
1453 1974 1516 2023 ἂν
1541 1972 1693 2027 πόλις

278 2038 329 2087 ἐν
355 2039 644 2105 τηλικούτῳ
688 2040 1001 2103 διαστήματι
1042 2040 1255 2105 γένοιτο,
1290 2042 1377 2091 καὶ
1416 2042 1693 2097 ποθοῦντες

279 2106 401 2156 ἰδεῖν
427 2107 455 2156 ὅ
479 2129 529 2156 τι
557 2108 698 2158 ἔστιν
725 2109 899 2162 αὐτοῖς
937 2112 1088 2159 τοῦτο
1115 2109 1171 2159 τὸ
1210 2108 1391 2176 σοφόν,
1422 2110 1693 2160 συνέθεντο

279 2174 463 2225 δώσειν
507 2175 593 2225 καὶ
636 2175 930 2240 ἐπώμοσαν.
1005 2178 1053 2227 οἱ
1096 2177 1149 2227 δὲ
1200 2177 1257 2228 τὸ
1297 2177 1457 2245 δέρμα
1497 2199 1691 2243 περιτε-

276 2242 455 2306 μόντες
480 2245 528 2298 ἐς
553 2244 745 2308 ἱμάντα
771 2246 858 2295 ἕνα
883 2244 1221 2302 στενώτατον,
1242 2246 1552 2313 περιέθηκαν
1572 2247 1693 2297 ἔνθα

277 2314 366 2360 νῦν
414 2311 559 2362 ἔστιν
606 2315 637 2375 ἡ
690 2313 1060 2380 Καρχηδονίων
1110 2313 1409 2382 ἀκρόπολις·
1460 2314 1546 2365 καὶ
1587 2314 1691 2365 ἀπὸ

276 2379 422 2428 τοῦδε
450 2382 632 2446 Βύρσα
658 2381 974 2445 ὀνομάζεται.

264 2480 393 2558 402

159 1019 258 1065 CAP.

193 1069 221 1107 I
