1747 2693
138 252 244 295 CAP.

177 300 208 334 I

316 100 638 193 APPIAN'S
648 109 896 183 ROMAN
919 116 1258 174 HISTORY,
1274 109 1470 174 BOOK
1487 103 1622 174 VIII

334 251 374 293 2.
416 242 596 309 Χρόνῳ
624 242 681 299 δ᾽,
710 243 941 293 ἐντεῦθεν
968 240 1250 308 ὁρμώμενοι
1289 240 1374 289 καὶ
1412 242 1513 289 τῶν
1537 259 1676 305 περι-

263 318 417 370 οίκων
459 317 693 381 ἀμείνους
730 319 868 371 ὄντες
906 318 954 371 ἐς
991 320 1170 383 χεῖρας
1208 315 1393 371 ἐλθεῖν,
1434 312 1589 365 ναυσί
1625 336 1677 364 τε

262 395 518 463 χρώμενοι
543 394 631 443 καὶ
657 393 749 456 τὴν
777 393 1062 442 θάλασσαν
1089 391 1173 440 οἷα
1211 388 1445 443 Φοίνικες
1473 388 1676 455 ἐργαζό-

262 491 416 535 μενοι,
444 469 537 532 τὴν
561 468 719 519 πόλιν
757 467 848 531 τὴν
885 467 982 530 ἔξω
1025 470 1087 532 τῇ
1128 464 1308 531 Βύρσῃ
1351 464 1676 531 περιέθηκαν.

264 546 352 596 καὶ
411 544 805 596 δυναστεύοντες
854 543 950 604 ἤδη
1012 540 1216 603 Λιβύης
1288 540 1536 607 ἐκράτουν
1595 540 1679 589 καὶ

264 626 472 683 πολλῆς
498 621 793 681 θαλάσσης,
835 617 1080 681 ἐκδήμους
1119 637 1174 666 τε
1212 615 1471 679 πολέμους
1497 616 1679 682 ἐστρά-

265 718 411 746 τευον
452 696 501 749 ἐς
538 691 784 747 Σικελίαν
820 693 905 742 καὶ
948 689 1130 759 Σαρδὼ
1172 691 1260 740 καὶ
1299 690 1484 753 νήσους
1510 689 1681 744 ἄλλας

264 772 388 822 ὅσαι
427 770 587 833 τῆσδε
626 774 716 832 τῆς
757 768 1036 830 θαλάσσης
1080 765 1194 823 εἰσί,
1224 767 1310 816 καὶ
1350 766 1398 820 ἐς
1432 764 1680 833 Ἰβηρίαν.

263 849 518 913 πολλαχῇ
547 845 599 895 δὲ
625 844 712 894 καὶ
748 841 990 897 ἀποικίας
1028 841 1335 906 ἐξέπεμπον.
1407 841 1438 903 ἥ
1465 862 1520 891 τε
1545 840 1680 907 ἀρχὴ

267 923 440 976 αὐτοῖς
470 920 670 985 ἐγένετο
709 920 915 981 δυνάμει
952 918 1043 983 μὲν
1081 916 1367 985 ἀξιόμαχος
1404 920 1465 981 τῇ
1490 916 1682 978 Ἑλλη-

266 994 399 1055 νικῇ,
449 987 724 1056 περιουσίᾳ
772 988 823 1038 δὲ
863 987 994 1052 μετὰ
1038 985 1131 1048 τὴν
1172 985 1452 1053 Περσικήν.
1528 986 1681 1034 ἑπτα-

267 1058 462 1112 κοσίοις
512 1058 553 1107 δ᾽
602 1056 787 1111 αὐτοὺς
837 1057 1003 1106 ἔτεσιν
1053 1055 1155 1105 ἀπὸ
1206 1058 1297 1104 τοῦ
1345 1056 1684 1116 συνοικισμοῦ

264 1127 510 1190 Ῥωμαῖοι
554 1122 799 1179 Σικελίαν
849 1123 1143 1191 ἀφείλοντο,
1187 1122 1275 1172 καὶ
1323 1122 1502 1187 Σαρδὼ
1550 1121 1683 1186 μετὰ

269 1195 527 1252 Σικελίαν,
556 1194 773 1260 δευτέρῳ
800 1192 853 1243 δὲ
880 1192 1092 1258 πολέμῳ
1120 1191 1205 1242 καὶ
1230 1191 1481 1257 Ἰβηρίαν.
1555 1185 1603 1244 ἔς
1629 1212 1683 1240 τε

268 1264 361 1327 τὴν
425 1264 677 1326 ἀλλήλων
737 1261 1057 1327 ἐμβαλόντες
1113 1260 1362 1323 μεγάλοις
1422 1263 1681 1326 στρατοῖς,

269 1334 316 1383 οἱ
363 1333 455 1397 μὲν
499 1329 748 1393 Ἀννίβου
792 1333 941 1397 σφῶν
990 1328 1274 1394 ἡγουμένου
1322 1328 1415 1391 τὴν
1449 1326 1684 1378 Ἰταλίαν

268 1402 521 1469 ἐπόρθουν
572 1398 845 1450 ἑκκαίδεκα
894 1399 1061 1449 ἔτεσιν
1112 1398 1239 1461 ἑξῆς,
1293 1396 1338 1446 οἱ
1388 1397 1439 1446 δὲ
1480 1396 1684 1458 Λιβύην

271 1469 562 1536 Κορνηλίου
621 1466 907 1521 Σκιπίωνος
966 1471 1057 1518 τοῦ
1116 1465 1477 1531 πρεσβυτέρου
1536 1468 1685 1531 σφῶν

269 1543 702 1604 στρατηγοῦντος,
723 1537 876 1605 μέχρι
896 1535 989 1598 τὴν
1006 1534 1280 1600 ἡγεμονίαν
1298 1532 1683 1601 Καρχηδονίους

268 1607 549 1674 ἀφείλοντο
587 1606 674 1656 καὶ
711 1609 833 1659 ναῦς
871 1605 958 1655 καὶ
995 1604 1300 1669 ἐλέφαντας,
1326 1602 1413 1652 καὶ
1438 1602 1683 1671 χρήματα

267 1675 456 1743 σφίσιν
495 1676 750 1739 ἐπέταξαν
789 1675 1073 1736 ἐσενεγκεῖν
1104 1673 1157 1721 ἐν
1195 1670 1380 1740 χρόνῳ.
1454 1670 1685 1735 δεύτεραί

267 1766 323 1795 τε
381 1744 606 1794 σπονδαὶ
663 1741 933 1807 Ῥωμαίοις
993 1741 1080 1791 καὶ
1141 1738 1515 1808 Καρχηδονίοις
1574 1738 1684 1789 αἵδε

268 1813 519 1877 διέμειναν
579 1813 626 1866 ἐς
686 1812 775 1873 ἔτη
834 1809 1172 1873 πεντήκοντα,
1222 1808 1375 1875 μέχρι
1427 1808 1683 1861 λύσαντες

270 1881 429 1937 αὐτὰς
470 1882 642 1945 τρίτον
685 1879 917 1941 πόλεμον
959 1878 1046 1928 καὶ
1094 1881 1391 1928 τελευταῖον
1430 1877 1684 1939 ἀλλήλοις

270 1950 622 2014 ἐπολέμησαν,
651 1950 703 1999 ἐν
729 1949 768 2015 ᾧ
806 1945 1122 2016 Καρχηδόνα
1156 1945 1401 2009 Ῥωμαῖοι
1429 1945 1682 1995 κατέσκα-

269 2025 385 2086 ψαν
403 2017 688 2071 Σκιπίωνος
708 2021 798 2067 τοῦ
819 2015 1063 2082 νεωτέρου
1085 2017 1233 2080 σφῶν
1252 2018 1679 2079 στρατηγοῦντος,

269 2088 356 2137 καὶ
397 2087 657 2152 ἐπάρατον
699 2085 947 2149 ἔγνωσαν.
1022 2083 1168 2138 αὖθις
1212 2082 1254 2132 δ᾽
1296 2083 1492 2149 ᾤκισαν
1539 2080 1683 2135 ἰδίοις

270 2155 533 2221 ἀνδράσιν,
573 2155 853 2223 ἀγχοτάτω
890 2154 1129 2215 μάλιστα
1176 2156 1267 2214 τῆς
1304 2150 1573 2216 προτέρας,
1619 2153 1682 2204 ὡς

271 2224 507 2281 εὔκαιρον
534 2223 620 2274 ἐπὶ
641 2223 817 2285 Λιβύῃ
843 2219 1049 2290 χωρίον.
1123 2219 1318 2270 τούτων
1343 2218 1409 2269 τὰ
1433 2219 1524 2283 μὲν
1551 2219 1683 2285 ἀμφὶ

272 2291 518 2343 Σικελίαν
542 2293 572 2353 ἡ
600 2290 845 2352 Σικελικὴ
873 2289 1048 2356 γραφὴ
1077 2288 1242 2350 δηλοῖ,
1261 2287 1325 2337 τὰ
1351 2287 1391 2337 δ᾽
1413 2290 1465 2338 ἐν
1478 2287 1682 2356 Ἰβηρίᾳ

269 2361 517 2423 γενόμενα
543 2361 572 2421 ἡ
601 2359 856 2425 Ἰβηρική,
877 2358 964 2408 καὶ
989 2358 1093 2407 ὅσα
1116 2355 1364 2416 Ἀννίβας
1389 2356 1437 2409 ἐς
1452 2355 1681 2405 Ἰταλίαν

261 2445 367 2519 404
