1747 2693
114 248 215 286 CAP.

152 290 188 325 I

287 87 606 183 APPIAN'S
622 93 883 170 ROMAN
896 90 1225 183 HISTORY,
1241 96 1445 180 BOOK
1461 96 1600 174 VIII

237 235 487 297 ἐσβαλών
522 235 758 301 ἔπραξεν,
796 237 827 299 ἡ
860 233 1184 297 Ἀννιβαϊκὴ·
1222 234 1287 285 τὰ
1324 235 1364 286 δ᾽
1399 237 1450 287 ἐν
1474 236 1650 302 Λιβύῃ

237 303 485 370 γενόμενα
511 304 599 353 ἀπ᾽
627 304 792 370 ἀρχῆς
816 303 903 367 ἥδε
929 304 1160 367 συνάγει.

309 379 351 422 3.
373 372 636 439 Ἤρξαντο
664 371 703 421 δ᾽
731 373 899 422 αὐτῶν
925 373 1059 439 ἀμφὶ
1086 371 1173 422 τὸν
1199 369 1471 424 Σικελικὸν
1495 374 1645 425 πόλε-

237 463 333 504 μον
359 440 405 491 οἱ
428 439 685 505 Ῥωμαῖοι,
704 440 855 490 ναυσὶ
874 441 1196 503 πεντήκοντα
1216 440 1302 490 καὶ
1328 442 1649 507 τριακοσίαις

238 508 653 562 ἐπιπλεύσαντες
713 510 762 562 ἐς
821 506 1041 570 Λιβύην,
1103 509 1191 558 καὶ
1261 508 1440 564 πόλεις
1511 511 1652 566 τινὰς

239 576 457 635 ἑλόντες,
494 576 581 627 καὶ
620 575 915 643 στρατηγὸν
961 577 1047 627 ἐπὶ
1091 581 1152 642 τῇ
1193 576 1399 640 δυνάμει
1437 587 1650 629 καταλι-

238 645 422 699 πόντες
470 645 702 696 Ἀτίλιον
748 645 985 709 Ῥῆγλον,
1037 645 1089 699 ὃς
1137 645 1307 700 ἄλλας
1355 668 1411 696 τε
1470 646 1651 703 πόλεις

239 713 510 767 διακοσίας
557 713 908 779 προσέλαβεν,
961 714 1015 763 αἳ
1077 714 1448 781 Καρχηδονίων
1507 716 1650 785 ἔχθει

235 783 364 848 πρὸς
412 781 567 833 αὐτὸν
613 781 952 845 μετετίθεντο,
996 782 1083 832 καὶ
1131 783 1224 844 τὴν
1270 784 1449 851 χώραν
1495 784 1651 835 ἐπιὼν

239 850 461 918 ἐπόρθει.
515 849 864 917 Καρχηδόνιοι
892 850 943 900 δὲ
970 850 1402 914 Λακεδαιμονίους
1428 874 1649 919 στρατη-

237 919 331 984 γὸν
355 920 524 981 ἤτουν,
553 919 771 982 οἰόμενοι
798 919 860 968 δι᾽
882 918 1136 987 ἀναρχίαν
1162 925 1528 986 κακοπραγεῖν.
1602 923 1651 973 οἱ

237 989 329 1052 μὲν
354 987 414 1052 δὴ
453 988 768 1041 Ξάνθιππον
793 988 967 1041 αὐτοῖς
1006 988 1252 1049 ἔπεμπον,
1282 986 1306 1038 ὁ
1346 989 1397 1038 δὲ
1423 988 1649 1045 Ἀτίλιος

238 1056 373 1121 ἀμφὶ
406 1055 565 1121 λίμνῃ
605 1055 1031 1122 στρατοπεδεύων
1069 1056 1174 1125 ὥρᾳ
1211 1055 1472 1119 καύματος
1509 1080 1649 1123 περι-

238 1125 392 1175 ώδευε
429 1125 523 1189 τὴν
558 1123 745 1189 λίμνην
781 1124 866 1175 ἐπὶ
904 1124 1020 1178 τοὺς
1056 1126 1351 1186 πολεμίους,
1390 1126 1570 1177 ὅπλων
1595 1149 1650 1177 τε

236 1195 391 1259 βάρει
428 1193 515 1244 καὶ
551 1192 723 1256 πνίγει
757 1193 845 1242 καὶ
882 1192 1029 1260 δίψει
1064 1194 1152 1243 καὶ
1195 1192 1463 1264 ὁδοιπορίᾳ
1498 1205 1650 1246 κακο-

239 1264 438 1317 παθῶν,
483 1261 570 1311 καὶ
615 1260 944 1325 βαλλόμενος
993 1261 1097 1312 ἀπὸ
1158 1266 1393 1329 κρημνῶν
1440 1262 1648 1315 ἄνωθεν.

239 1332 305 1385 ὡς
331 1330 368 1379 δ᾽
391 1328 687 1390 ἐπλησίασε
711 1330 830 1396 περὶ
856 1329 1082 1393 ἑσπέραν
1107 1332 1194 1380 καὶ
1220 1330 1449 1395 ποταμὸς
1467 1333 1651 1388 αὐτοὺς

239 1399 469 1465 διεῖργεν,
498 1397 522 1448 ὁ
565 1398 656 1461 μὲν
699 1398 846 1452 εὐθὺς
882 1398 1040 1465 ἐπέρα
1079 1398 1167 1449 τὸν
1203 1398 1437 1464 ποταμὸν
1473 1402 1539 1455 ὡς
1563 1404 1651 1452 καὶ

240 1467 367 1533 τῷδε
406 1466 494 1517 τὸν
535 1467 848 1521 Ξάνθιππον
887 1467 1176 1530 ἐκπλήξων,
1207 1466 1231 1517 ὁ
1276 1468 1327 1518 δὲ
1370 1490 1649 1534 συντεταγ-

237 1535 393 1601 μένην
440 1537 534 1597 τὴν
582 1534 834 1601 στρατιὰν
881 1535 1137 1602 ἐπαφίησι
1186 1535 1269 1585 διὰ
1311 1540 1412 1586 τῶν
1450 1542 1647 1596 πυλῶν,

239 1603 465 1658 ἐλπίσας
514 1603 826 1666 κεκμηκότος
886 1603 972 1654 καὶ
1019 1606 1439 1659 κακοπαθοῦντος
1486 1606 1649 1671 περιέ-

239 1673 447 1729 σεσθαι,
467 1672 552 1721 καὶ
573 1673 665 1732 τὴν
686 1671 846 1722 νύκτα
871 1672 1000 1739 πρὸς
1026 1676 1127 1722 τῶν
1145 1674 1401 1723 νικώντων
1417 1673 1647 1725 ἔσεσθαι.

239 1741 398 1804 τῆσδε
445 1741 537 1805 μὲν
585 1741 672 1790 οὖν
719 1745 809 1803 τῆς
857 1740 1065 1795 ἐλπίδος
1115 1739 1139 1790 ὁ
1201 1742 1511 1797 Ξάνθιππος
1559 1744 1651 1794 οὐκ

241 1809 516 1876 ἀπέτυχεν·
577 1808 681 1859 ἀπὸ
730 1808 830 1874 γὰρ
878 1810 1193 1875 τρισμυρίων
1251 1809 1447 1875 ἀνδρῶν
1495 1812 1579 1866 οὓς
1626 1810 1650 1862 ὁ

237 1878 470 1931 Ἀτίλιος
510 1878 647 1940 ἦγεν,
701 1877 867 1942 ὀλίγοι
915 1878 1065 1939 μόλις
1104 1880 1273 1928 αὐτῶν
1320 1880 1368 1932 ἐς
1418 1879 1650 1930 Ἀσπίδα

239 1945 399 1996 πόλιν
419 1945 708 2012 διέδρασαν,
738 1945 783 1995 οἱ
811 1946 862 1995 δὲ
887 1947 1067 1996 λοιποὶ
1105 1948 1295 2000 πάντες
1320 1947 1367 1996 οἱ
1389 1948 1482 2010 μὲν
1508 1949 1649 1998 ἀπώ-

237 2022 393 2065 λοντο
454 2015 502 2064 οἱ
551 2014 592 2063 δ᾽
642 2014 1021 2081 ἐζωγρήθησαν.
1119 2016 1204 2064 καὶ
1252 2015 1360 2077 μετ᾽
1410 2017 1579 2067 αὐτῶν
1627 2015 1651 2066 ὁ

239 2081 531 2148 στρατηγὸς
566 2081 811 2139 Ἀτίλιος,
850 2083 1047 2135 ὕπατος
1093 2083 1329 2147 γεγονώς,
1381 2084 1650 2151 αἰχμάλω-

238 2172 323 2205 τος
347 2152 426 2213 ἦν.

309 2225 350 2268 4.
391 2218 547 2269 Τόνδε
592 2218 687 2283 μὲν
732 2218 791 2280 δὴ
838 2219 950 2283 μετ᾽
998 2219 1057 2268 οὐ
1093 2218 1232 2269 πολὺ
1280 2221 1559 2284 κάμνοντες
1606 2221 1651 2271 οἱ

240 2287 591 2354 Καρχηδόνιοι
629 2286 726 2337 σὺν
763 2287 965 2341 οἰκείοις
1001 2286 1296 2351 πρέσβεσιν
1333 2289 1580 2355 ἔπεμψαν
1604 2291 1651 2343 ἐς

234 2354 451 2417 Ῥώμην,
495 2356 841 2419 ἐργασόμενον
885 2354 1041 2423 σφίσι
1082 2355 1373 2421 διαλλαγὰς
1408 2358 1438 2421 ἢ
1465 2359 1647 2413 ἐπανή-

232 2429 338 2506 406
