<?xml version="1.0" encoding="UTF-8"?>
<PcGts xmlns:xsi="http://www.w3.org/2001/XMLSchema-instance" xmlns="http://schema.primaresearch.org/PAGE/gts/pagecontent/2013-07-15" xsi:schemaLocation="http://schema.primaresearch.org/PAGE/gts/pagecontent/2013-07-15 http://schema.primaresearch.org/PAGE/gts/pagecontent/2013-07-15/pagecontent.xsd">
	<Metadata>
		<Creator/>
		<Created>2014-06-12T04:17:53</Created>
		<LastChange>2014-06-12T04:17:53</LastChange>
	</Metadata>
	<Page imageFilename="0424.jpg" imageWidth="1747" imageHeight="2693">
		<TextRegion type="paragraph" id="r273">
			<Coords points="123,289 123,390 240,390 240,289"/>
			<TextLine id="r274">
				<Coords points="126,299 126,342 236,342 236,299"/>
				<Word id="r276">
					<Coords points="130,304 130,340 235,340 235,304"/>
					<TextEquiv>
						<Unicode>CAP.</Unicode>
					</TextEquiv>
				</Word>
				<TextEquiv>
					<Unicode>CAP.</Unicode>
				</TextEquiv>
			</TextLine>
			<TextLine id="r275">
				<Coords points="164,344 164,386 206,386 206,344"/>
				<Word id="r277">
					<Coords points="176,344 176,380 201,380 201,344"/>
					<TextEquiv>
						<Unicode>I</Unicode>
					</TextEquiv>
				</Word>
				<TextEquiv>
					<Unicode>I</Unicode>
				</TextEquiv>
			</TextLine>
		</TextRegion>
		<TextRegion type="paragraph" id="r1">
			<Coords points="251,255 287,100 1661,106 1712,265 1709,2530 200,2603 246,259"/>
			<TextLine id="r265">
				<Coords points="293,125 293,251 1619,251 1619,125"/>
				<Word id="r267">
					<Coords points="303,145 303,232 629,232 629,145"/>
					<TextEquiv>
						<Unicode>APPIAN&apos;S</Unicode>
					</TextEquiv>
				</Word>
				<Word id="r268">
					<Coords points="641,148 641,232 900,232 900,148"/>
					<TextEquiv>
						<Unicode>ROMAN</Unicode>
					</TextEquiv>
				</Word>
				<Word id="r269">
					<Coords points="919,141 919,238 1251,238 1251,141"/>
					<TextEquiv>
						<Unicode>HISTORY,</Unicode>
					</TextEquiv>
				</Word>
				<Word id="r270">
					<Coords points="1261,141 1261,245 1451,245 1451,141"/>
					<TextEquiv>
						<Unicode>BOOK</Unicode>
					</TextEquiv>
				</Word>
				<Word id="r271">
					<Coords points="1461,141 1461,235 1616,235 1616,141"/>
					<TextEquiv>
						<Unicode>VIII</Unicode>
					</TextEquiv>
				</Word>
				<TextEquiv>
					<Unicode>APPIAN&apos;S ROMAN HISTORY, BOOK VIII</Unicode>
				</TextEquiv>
			</TextLine>
			<TextLine id="r2">
				<Coords points="618,293 618,294 619,294 619,295 667,295 667,296 771,296 771,295 774,295 774,294 776,294 776,295 777,295 777,302 781,302 781,303 787,303 787,304 789,304 789,305 790,305 790,306 791,306 791,308 793,308 793,310 794,310 794,311 795,311 795,313 796,313 796,314 797,314 797,316 923,316 923,301 924,301 924,299 925,299 925,298 926,298 926,297 927,297 927,296 928,296 928,295 931,295 931,294 933,294 933,295 935,295 935,297 963,297 963,298 972,298 972,299 1003,299 1003,300 1006,300 1006,301 1007,301 1007,302 1008,302 1008,303 1060,303 1060,304 1062,304 1062,305 1063,305 1063,306 1064,306 1064,307 1066,307 1066,308 1067,308 1067,310 1068,310 1068,311 1069,311 1069,312 1070,312 1070,314 1071,314 1071,316 1191,316 1191,299 1192,299 1192,297 1194,297 1194,296 1285,296 1285,295 1289,295 1289,296 1291,296 1291,298 1292,298 1292,299 1293,299 1293,316 1458,316 1458,312 1459,312 1459,309 1460,309 1460,306 1461,306 1461,301 1462,301 1462,300 1463,300 1463,299 1464,299 1464,300 1466,300 1466,301 1467,301 1467,317 1632,317 1632,306 1633,306 1633,302 1634,302 1634,301 1635,301 1635,300 1637,300 1637,299 1643,299 1643,300 1645,300 1645,301 1647,301 1647,302 1648,302 1648,303 1649,303 1649,317 1662,317 1662,318 1667,318 1667,319 1669,319 1669,320 1671,320 1671,322 1672,322 1672,325 1671,325 1671,326 1668,326 1668,343 1667,343 1667,344 1666,344 1666,346 1665,346 1665,347 1664,347 1664,348 1661,348 1661,349 1659,349 1659,345 1524,345 1524,358 1523,358 1523,359 1521,359 1521,360 1519,360 1519,361 1516,361 1516,360 1515,360 1515,359 1514,359 1514,357 1411,357 1411,359 1410,359 1410,360 1409,360 1409,361 1375,361 1375,360 1374,360 1374,345 1310,345 1310,344 1207,344 1207,345 1136,345 1136,346 1135,346 1135,347 1134,347 1134,348 1131,348 1131,349 1037,349 1037,356 1036,356 1036,357 1035,357 1035,358 1034,358 1034,359 1030,359 1030,358 1029,358 1029,357 1000,357 1000,356 999,356 999,343 883,343 883,344 882,344 882,345 881,345 881,346 879,346 879,347 876,347 876,348 873,348 873,347 872,347 872,344 739,344 739,345 738,345 738,344 677,344 677,343 548,343 548,344 281,344 281,351 280,351 280,353 279,353 279,354 278,354 278,355 277,355 277,356 276,356 276,357 274,357 274,358 271,358 271,359 266,359 266,358 265,358 265,357 264,357 264,355 263,355 263,345 262,345 262,344 261,344 261,343 260,343 260,341 259,341 259,335 260,335 260,333 261,333 261,332 262,332 262,330 263,330 263,317 264,317 264,315 265,315 265,302 266,302 266,301 267,301 267,300 268,300 268,298 270,298 270,297 273,297 273,296 273,297 275,297 275,301 287,301 287,302 288,302 288,303 289,303 289,315 426,315 426,314 426,315 428,315 428,316 542,316 542,295 544,295 544,294 614,294 614,293"/>
				<Word id="r40">
					<Coords points="273,297 275,297 275,301 287,301 287,302 288,302 288,303 289,303 289,315 426,315 426,314 426,315 428,315 428,316 430,316 430,317 431,317 431,320 432,320 431,320 431,324 429,324 429,325 414,325 414,336 413,336 413,338 412,338 412,339 411,339 411,341 410,341 410,342 408,342 408,343 388,343 388,344 281,344 281,351 280,351 280,353 279,353 279,354 278,354 278,355 277,355 277,356 276,356 276,357 274,357 274,358 271,358 271,359 266,359 266,358 265,358 265,357 264,357 264,355 263,355 263,345 262,345 262,344 261,344 261,343 260,343 260,341 259,341 259,335 260,335 260,333 261,333 261,332 262,332 262,330 263,330 263,317 264,317 264,315 265,315 265,302 266,302 266,301 267,301 267,300 268,300 268,298 270,298 270,297 273,297 273,296"/>
					<TextEquiv>
						<Unicode>ξοντα·</Unicode>
					</TextEquiv>
				</Word>
				<Word id="r41">
					<Coords points="546,294 546,295 547,295 547,296 548,296 548,297 549,297 549,300 550,300 550,301 551,301 551,304 552,304 552,306 553,306 553,309 554,309 554,315 555,315 555,331 556,331 556,332 558,332 558,335 557,335 557,337 556,337 556,338 555,338 555,340 554,340 554,342 553,342 553,343 548,343 548,344 472,344 472,343 471,343 471,341 472,341 472,337 473,337 473,334 474,334 474,332 475,332 475,327 476,327 476,324 477,324 477,320 478,320 478,318 479,318 479,317 496,317 496,316 542,316 542,295 544,295 544,294"/>
					<TextEquiv>
						<Unicode>καί</Unicode>
					</TextEquiv>
				</Word>
				<Word id="r42">
					<Coords points="618,293 618,294 619,294 619,322 620,322 620,325 621,325 621,332 620,332 620,333 619,333 619,335 618,335 618,338 617,338 617,339 616,339 616,340 615,340 615,341 614,341 614,342 611,342 611,343 604,343 604,342 602,342 602,341 600,341 600,340 599,340 599,339 598,339 598,337 597,337 597,327 598,327 598,324 599,324 599,322 600,322 600,320 601,320 601,319 602,319 602,318 603,318 603,317 605,317 605,316 609,316 609,296 610,296 610,295 611,295 611,294 614,294 614,293"/>
					<TextEquiv>
						<Unicode>ὁ</Unicode>
					</TextEquiv>
				</Word>
				<Word id="r43">
					<Coords points="776,294 776,295 777,295 777,302 781,302 781,303 787,303 787,304 789,304 789,305 790,305 790,306 791,306 791,308 793,308 793,310 794,310 794,311 795,311 795,313 796,313 796,314 797,314 797,316 882,316 882,317 884,317 884,318 885,318 885,319 886,319 886,320 887,320 887,322 888,322 888,325 887,325 887,326 885,326 885,327 884,327 884,342 883,342 883,344 882,344 882,345 881,345 881,346 879,346 879,347 876,347 876,348 873,348 873,347 872,347 872,344 739,344 739,345 738,345 738,344 677,344 677,343 675,343 675,342 674,342 674,312 662,312 662,302 661,302 661,301 660,301 660,300 659,300 659,298 660,298 660,297 661,297 661,296 662,296 662,295 667,295 667,296 771,296 771,295 774,295 774,294"/>
					<TextEquiv>
						<Unicode>Ἀτίλιος</Unicode>
					</TextEquiv>
				</Word>
				<Word id="r44">
					<Coords points="933,294 933,295 935,295 935,297 963,297 963,298 972,298 972,299 1003,299 1003,300 1006,300 1006,301 1007,301 1007,302 1008,302 1008,303 1060,303 1060,304 1062,304 1062,305 1063,305 1063,306 1064,306 1064,307 1066,307 1066,308 1067,308 1067,310 1068,310 1068,311 1069,311 1069,312 1070,312 1070,314 1071,314 1071,316 1133,316 1133,317 1138,317 1138,318 1139,318 1139,319 1140,319 1140,320 1141,320 1141,321 1142,321 1142,325 1141,325 1141,326 1138,326 1138,343 1137,343 1137,345 1136,345 1136,346 1135,346 1135,347 1134,347 1134,348 1131,348 1131,349 1037,349 1037,356 1036,356 1036,357 1035,357 1035,358 1034,358 1034,359 1030,359 1030,358 1029,358 1029,357 1000,357 1000,356 999,356 999,343 941,343 941,311 928,311 928,310 927,310 927,309 926,309 926,308 925,308 925,306 924,306 924,302 923,302 923,301 924,301 924,299 925,299 925,298 926,298 926,297 927,297 927,296 928,296 928,295 931,295 931,294"/>
					<TextEquiv>
						<Unicode>Ῥῆγλος</Unicode>
					</TextEquiv>
				</Word>
				<Word id="r45">
					<Coords points="1198,296 1198,297 1200,297 1200,298 1201,298 1201,317 1228,317 1228,318 1230,318 1230,324 1229,324 1229,327 1228,327 1228,330 1227,330 1227,331 1226,331 1226,332 1225,332 1225,333 1224,333 1224,335 1223,335 1223,336 1222,336 1222,337 1220,337 1220,338 1219,338 1219,339 1218,339 1218,340 1217,340 1217,341 1215,341 1215,342 1213,342 1213,343 1210,343 1210,344 1207,344 1207,345 1187,345 1187,344 1186,344 1186,343 1184,343 1184,342 1183,342 1183,341 1182,341 1182,340 1181,340 1181,338 1180,338 1180,335 1179,335 1179,331 1180,331 1180,327 1181,327 1181,325 1182,325 1182,324 1183,324 1183,323 1184,323 1184,321 1186,321 1186,319 1188,319 1188,318 1190,318 1190,317 1191,317 1191,299 1192,299 1192,297 1194,297 1194,296"/>
					<TextEquiv>
						<Unicode>ἐν</Unicode>
					</TextEquiv>
				</Word>
				<Word id="r46">
					<Coords points="1289,295 1289,296 1291,296 1291,298 1292,298 1292,299 1293,299 1293,316 1458,316 1458,312 1459,312 1459,309 1460,309 1460,306 1461,306 1461,301 1462,301 1462,300 1463,300 1463,299 1464,299 1464,300 1466,300 1466,301 1467,301 1467,317 1537,317 1537,318 1538,318 1538,319 1539,319 1539,320 1540,320 1540,322 1541,322 1541,324 1542,324 1542,332 1541,332 1541,335 1540,335 1540,338 1539,338 1539,339 1538,339 1538,341 1536,341 1536,342 1535,342 1535,343 1524,343 1524,358 1523,358 1523,359 1521,359 1521,360 1519,360 1519,361 1516,361 1516,360 1515,360 1515,359 1514,359 1514,357 1411,357 1411,359 1410,359 1410,360 1409,360 1409,361 1375,361 1375,360 1374,360 1374,345 1310,345 1310,344 1274,344 1274,343 1271,343 1271,341 1270,341 1270,339 1268,339 1268,335 1267,335 1267,333 1268,333 1268,331 1269,331 1269,328 1270,328 1270,326 1271,326 1271,325 1272,325 1272,324 1273,324 1273,322 1274,322 1274,321 1276,321 1276,320 1277,320 1277,319 1279,319 1279,318 1282,318 1282,317 1283,317 1283,297 1284,297 1284,296 1285,296 1285,295"/>
					<TextEquiv>
						<Unicode>ἀπορρήτῳ</Unicode>
					</TextEquiv>
				</Word>
				<Word id="r47">
					<Coords points="1643,299 1643,300 1645,300 1645,301 1647,301 1647,302 1648,302 1648,303 1649,303 1649,317 1662,317 1662,318 1667,318 1667,319 1669,319 1669,320 1671,320 1671,322 1672,322 1672,325 1671,325 1671,326 1668,326 1668,343 1667,343 1667,344 1666,344 1666,346 1665,346 1665,347 1664,347 1664,348 1661,348 1661,349 1659,349 1659,345 1581,345 1581,344 1579,344 1579,342 1578,342 1578,329 1571,329 1571,328 1570,328 1570,321 1571,321 1571,320 1572,320 1572,319 1574,319 1574,318 1614,318 1614,317 1632,317 1632,306 1633,306 1633,302 1634,302 1634,301 1635,301 1635,300 1637,300 1637,299"/>
					<TextEquiv>
						<Unicode>τοῖς</Unicode>
					</TextEquiv>
				</Word>
				<TextEquiv>
					<Unicode>ξοντα· καί ὁ Ἀτίλιος Ῥῆγλος ἐν ἀπορρήτῳ τοῖς</Unicode>
				</TextEquiv>
			</TextLine>
			<TextLine id="r3">
				<Coords points="677,368 677,369 678,369 678,370 679,370 679,391 695,391 695,392 809,392 809,374 810,374 810,373 812,373 812,372 816,372 816,373 817,373 817,374 818,374 818,376 819,376 819,391 976,391 976,384 977,384 977,382 978,382 978,380 979,380 979,377 980,377 980,375 981,375 981,374 982,374 982,372 984,372 984,371 986,371 986,370 988,370 988,372 989,372 989,375 1022,375 1022,376 1023,376 1023,378 1024,378 1024,392 1165,392 1165,374 1166,374 1166,373 1167,373 1167,372 1168,372 1168,371 1172,371 1172,372 1175,372 1175,374 1176,374 1176,376 1177,376 1177,391 1357,391 1357,381 1358,381 1358,378 1359,378 1359,376 1360,376 1360,374 1466,374 1466,373 1478,373 1478,372 1480,372 1480,371 1483,371 1483,372 1484,372 1484,392 1593,392 1593,390 1594,390 1594,388 1595,388 1595,386 1596,386 1596,385 1597,385 1597,383 1598,383 1598,381 1599,381 1599,380 1600,380 1600,379 1601,379 1601,378 1602,378 1602,377 1603,377 1603,376 1604,376 1604,375 1605,375 1605,374 1606,374 1606,373 1608,373 1608,372 1613,372 1613,373 1614,373 1614,374 1615,374 1615,376 1617,376 1617,380 1618,380 1618,393 1668,393 1668,394 1669,394 1669,409 1673,409 1673,413 1672,413 1672,414 1671,414 1671,416 1670,416 1670,417 1669,417 1669,418 1668,418 1668,419 1666,419 1666,420 1645,420 1645,421 1521,421 1521,431 1520,431 1520,433 1519,433 1519,435 1518,435 1518,436 1516,436 1516,437 1515,437 1515,438 1514,438 1514,439 1483,439 1483,438 1482,438 1482,424 1396,424 1396,421 1252,421 1252,423 1251,423 1251,431 1250,431 1250,434 1248,434 1248,435 1246,435 1246,434 1191,434 1191,433 1190,433 1190,431 1189,431 1189,424 1016,424 1016,433 1015,433 1015,435 1014,435 1014,436 1013,436 1013,437 1010,437 1010,436 1009,436 1009,434 1008,434 1008,433 974,433 974,432 973,432 973,420 592,420 592,421 591,421 591,427 590,427 590,430 589,430 589,432 588,432 588,433 587,433 587,434 584,434 584,433 583,433 583,419 307,419 307,420 269,420 269,419 268,419 268,418 267,418 267,402 259,402 259,396 260,396 260,394 261,394 261,393 264,393 264,392 303,392 303,384 304,384 304,381 305,381 305,376 306,376 306,374 307,374 307,372 308,372 308,371 309,371 309,370 310,370 310,369 313,369 313,370 314,370 314,372 315,372 315,378 322,378 322,379 325,379 325,380 327,380 327,381 328,381 328,382 329,382 329,383 330,383 330,384 331,384 331,386 332,386 332,388 333,388 333,390 334,390 334,391 483,391 483,376 484,376 484,374 485,374 485,373 486,373 486,372 487,372 487,371 489,371 489,370 493,370 493,371 495,371 495,372 530,372 530,373 533,373 533,374 534,374 534,375 535,375 535,376 536,376 536,377 537,377 537,379 538,379 538,380 539,380 539,392 665,392 665,382 666,382 666,380 667,380 667,378 668,378 668,375 669,375 669,373 670,373 670,371 671,371 671,370 672,370 672,369 673,369 673,368"/>
				<Word id="r48">
					<Coords points="313,369 313,370 314,370 314,372 315,372 315,378 322,378 322,379 325,379 325,380 327,380 327,381 328,381 328,382 329,382 329,383 330,383 330,384 331,384 331,386 332,386 332,388 333,388 333,390 334,390 334,391 431,391 431,393 432,393 432,407 435,407 435,411 434,411 434,413 433,413 433,414 432,414 432,415 431,415 431,416 430,416 430,417 429,417 429,418 427,418 427,419 307,419 307,420 269,420 269,419 268,419 268,418 267,418 267,402 259,402 259,396 260,396 260,394 261,394 261,393 264,393 264,392 303,392 303,384 304,384 304,381 305,381 305,376 306,376 306,374 307,374 307,372 308,372 308,371 309,371 309,370 310,370 310,369"/>
					<TextEquiv>
						<Unicode>τέλεσι</Unicode>
					</TextEquiv>
				</Word>
				<Word id="r49">
					<Coords points="677,368 677,369 678,369 678,370 679,370 679,391 695,391 695,392 747,392 747,393 748,393 748,396 749,396 749,397 748,397 748,399 747,399 747,403 746,403 746,405 745,405 745,406 744,406 744,407 743,407 743,408 742,408 742,409 741,409 741,411 740,411 740,412 739,412 739,413 738,413 738,414 736,414 736,415 734,415 734,416 733,416 733,417 732,417 732,418 730,418 730,419 725,419 725,420 592,420 592,421 591,421 591,427 590,427 590,430 589,430 589,432 588,432 588,433 587,433 587,434 584,434 584,433 583,433 583,419 502,419 502,418 500,418 500,387 488,387 488,386 487,386 487,385 486,385 486,384 485,384 485,383 484,383 484,381 483,381 483,376 484,376 484,374 485,374 485,373 486,373 486,372 487,372 487,371 489,371 489,370 493,370 493,371 495,371 495,372 530,372 530,373 533,373 533,374 534,374 534,375 535,375 535,376 536,376 536,377 537,377 537,379 538,379 538,380 539,380 539,392 665,392 665,382 666,382 666,380 667,380 667,378 668,378 668,375 669,375 669,373 670,373 670,371 671,371 671,370 672,370 672,369 673,369 673,368"/>
					<TextEquiv>
						<Unicode>Ῥωμαίων</Unicode>
					</TextEquiv>
				</Word>
				<Word id="r50">
					<Coords points="988,370 988,372 989,372 989,375 1022,375 1022,376 1023,376 1023,378 1024,378 1024,392 1099,392 1099,393 1102,393 1102,394 1104,394 1104,395 1105,395 1105,397 1106,397 1106,401 1105,401 1105,402 1101,402 1101,418 1100,418 1100,420 1099,420 1099,421 1098,421 1098,423 1095,423 1095,424 1016,424 1016,433 1015,433 1015,435 1014,435 1014,436 1013,436 1013,437 1010,437 1010,436 1009,436 1009,434 1008,434 1008,433 974,433 974,432 973,432 973,420 807,420 807,419 803,419 803,418 801,418 801,417 800,417 800,415 798,415 798,413 797,413 797,403 798,403 798,401 799,401 799,400 800,400 800,398 801,398 801,397 802,397 802,396 804,396 804,395 805,395 805,394 807,394 807,393 809,393 809,374 810,374 810,373 812,373 812,372 816,372 816,373 817,373 817,374 818,374 818,376 819,376 819,391 976,391 976,384 977,384 977,382 978,382 978,380 979,380 979,377 980,377 980,375 981,375 981,374 982,374 982,372 984,372 984,371 986,371 986,370"/>
					<TextEquiv>
						<Unicode>ἐπισκήψας</Unicode>
					</TextEquiv>
				</Word>
				<Word id="r51">
					<Coords points="1172,371 1172,372 1175,372 1175,374 1176,374 1176,376 1177,376 1177,391 1357,391 1357,381 1358,381 1358,378 1359,378 1359,376 1360,376 1360,374 1371,374 1371,375 1373,375 1373,376 1374,376 1374,377 1375,377 1375,378 1376,378 1376,380 1377,380 1377,392 1404,392 1404,393 1406,393 1406,394 1408,394 1408,395 1410,395 1410,396 1411,396 1411,397 1412,397 1412,398 1413,398 1413,400 1412,400 1412,401 1411,401 1411,402 1407,402 1407,420 1406,420 1406,421 1405,421 1405,422 1404,422 1404,423 1401,423 1401,424 1396,424 1396,421 1252,421 1252,423 1251,423 1251,431 1250,431 1250,434 1248,434 1248,435 1246,435 1246,434 1191,434 1191,433 1190,433 1190,431 1189,431 1189,420 1162,420 1162,419 1160,419 1160,418 1158,418 1158,417 1157,417 1157,416 1156,416 1156,415 1155,415 1155,413 1154,413 1154,403 1155,403 1155,400 1156,400 1156,399 1157,399 1157,398 1158,398 1158,397 1159,397 1159,396 1160,396 1160,395 1162,395 1162,394 1164,394 1164,393 1165,393 1165,374 1166,374 1166,373 1167,373 1167,372 1168,372 1168,371"/>
					<TextEquiv>
						<Unicode>ἐγκρατῶς</Unicode>
					</TextEquiv>
				</Word>
				<Word id="r52">
					<Coords points="1483,371 1483,372 1484,372 1484,392 1593,392 1593,390 1594,390 1594,388 1595,388 1595,386 1596,386 1596,385 1597,385 1597,383 1598,383 1598,381 1599,381 1599,380 1600,380 1600,379 1601,379 1601,378 1602,378 1602,377 1603,377 1603,376 1604,376 1604,375 1605,375 1605,374 1606,374 1606,373 1608,373 1608,372 1613,372 1613,373 1614,373 1614,374 1615,374 1615,376 1617,376 1617,380 1618,380 1618,393 1668,393 1668,394 1669,394 1669,409 1673,409 1673,413 1672,413 1672,414 1671,414 1671,416 1670,416 1670,417 1669,417 1669,418 1668,418 1668,419 1666,419 1666,420 1645,420 1645,421 1521,421 1521,431 1520,431 1520,433 1519,433 1519,435 1518,435 1518,436 1516,436 1516,437 1515,437 1515,438 1514,438 1514,439 1483,439 1483,438 1482,438 1482,421 1469,421 1469,420 1466,420 1466,419 1464,419 1464,418 1463,418 1463,417 1462,417 1462,416 1461,416 1461,415 1460,415 1460,413 1459,413 1459,403 1460,403 1460,401 1461,401 1461,399 1462,399 1462,398 1464,398 1464,385 1465,385 1465,374 1466,374 1466,373 1478,373 1478,372 1480,372 1480,371"/>
					<TextEquiv>
						<Unicode>ἔχεσθαι</Unicode>
					</TextEquiv>
				</Word>
				<TextEquiv>
					<Unicode>τέλεσι Ῥωμαίων ἐπισκήψας ἐγκρατῶς ἔχεσθαι</Unicode>
				</TextEquiv>
			</TextLine>
			<TextLine id="r4">
				<Coords points="533,444 533,445 534,445 534,466 713,466 713,449 714,449 714,448 715,448 715,447 718,447 718,448 720,448 720,449 721,449 721,450 722,450 722,452 723,452 723,467 842,467 842,456 843,456 843,454 844,454 844,453 845,453 845,452 846,452 846,451 849,451 849,450 919,450 919,449 920,449 920,448 922,448 922,447 923,447 923,446 925,446 925,445 930,445 930,446 932,446 932,448 933,448 933,450 934,450 934,454 935,454 935,467 1047,467 1047,448 1048,448 1048,447 1055,447 1055,448 1056,448 1056,449 1057,449 1057,451 1058,451 1058,453 1184,453 1184,451 1185,451 1185,450 1186,450 1186,447 1187,447 1187,446 1189,446 1189,445 1192,445 1192,446 1193,446 1193,467 1340,467 1340,454 1341,454 1341,452 1342,452 1342,451 1343,451 1343,450 1346,450 1346,449 1356,449 1356,448 1357,448 1357,447 1361,447 1361,448 1362,448 1362,467 1493,467 1493,468 1659,468 1659,450 1660,450 1660,448 1661,448 1661,447 1663,447 1663,448 1664,448 1664,449 1665,449 1665,450 1666,450 1666,454 1667,454 1667,456 1668,456 1668,459 1669,459 1669,461 1670,461 1670,464 1671,464 1671,484 1674,484 1674,487 1673,487 1673,489 1672,489 1672,490 1671,490 1671,493 1670,493 1670,494 1669,494 1669,495 1667,495 1667,496 1545,496 1545,497 1544,497 1544,498 1543,498 1543,500 1541,500 1541,501 1540,501 1540,502 1538,502 1538,503 1443,503 1443,507 1442,507 1442,508 1441,508 1441,509 1438,509 1438,508 1437,508 1437,507 1436,507 1436,496 1258,496 1258,501 1257,501 1257,505 1256,505 1256,506 1255,506 1255,507 1253,507 1253,508 1199,508 1199,509 1198,509 1198,510 1195,510 1195,509 1194,509 1194,495 1077,495 1077,496 1075,496 1075,497 1074,497 1074,498 1071,498 1071,499 1068,499 1068,498 1067,498 1067,495 967,495 967,494 860,494 860,495 859,495 859,499 858,499 858,503 857,503 857,505 856,505 856,507 855,507 855,508 851,508 851,495 647,495 647,496 646,496 646,497 645,497 645,498 644,498 644,499 643,499 643,500 642,500 642,501 640,501 640,502 540,502 540,504 539,504 539,507 538,507 538,508 537,508 537,509 534,509 534,508 533,508 533,495 518,495 518,494 337,494 337,495 335,495 335,496 331,496 331,495 270,495 270,494 269,494 269,493 268,493 268,477 260,477 260,471 261,471 261,470 262,470 262,469 265,469 265,468 307,468 307,467 327,467 327,456 328,456 328,454 329,454 329,452 331,452 331,451 332,451 332,450 333,450 333,449 340,449 340,450 343,450 343,451 344,451 344,452 346,452 346,454 347,454 347,466 471,466 471,452 475,452 475,451 525,451 525,450 526,450 526,448 527,448 527,447 528,447 528,445 530,445 530,444"/>
				<Word id="r53">
					<Coords points="340,449 340,450 343,450 343,451 344,451 344,452 346,452 346,454 347,454 347,468 348,468 348,469 349,469 349,471 350,471 350,477 349,477 349,481 348,481 348,482 347,482 347,484 346,484 346,487 345,487 345,488 344,488 344,489 343,489 343,491 341,491 341,493 339,493 339,494 337,494 337,495 335,495 335,496 331,496 331,495 270,495 270,494 269,494 269,493 268,493 268,477 260,477 260,471 261,471 261,470 262,470 262,469 265,469 265,468 307,468 307,467 327,467 327,456 328,456 328,454 329,454 329,452 331,452 331,451 332,451 332,450 333,450 333,449"/>
					<TextEquiv>
						<Unicode>τοῦ</Unicode>
					</TextEquiv>
				</Word>
				<Word id="r54">
					<Coords points="533,444 533,445 534,445 534,466 613,466 613,467 631,467 631,468 632,468 632,469 633,469 633,484 643,484 643,485 645,485 645,486 647,486 647,496 646,496 646,497 645,497 645,498 644,498 644,499 643,499 643,500 642,500 642,501 640,501 640,502 540,502 540,504 539,504 539,507 538,507 538,508 537,508 537,509 534,509 534,508 533,508 533,495 518,495 518,494 407,494 407,492 406,492 406,480 401,480 401,479 399,479 399,471 400,471 400,470 401,470 401,469 402,469 402,468 406,468 406,467 434,467 434,466 471,466 471,452 475,452 475,451 525,451 525,450 526,450 526,448 527,448 527,447 528,447 528,445 530,445 530,444"/>
					<TextEquiv>
						<Unicode>πολέμου,</Unicode>
					</TextEquiv>
				</Word>
				<Word id="r55">
					<Coords points="930,445 930,446 932,446 932,448 933,448 933,450 934,450 934,454 935,454 935,467 989,467 989,468 990,468 990,469 991,469 991,476 990,476 990,477 989,477 989,479 988,479 988,481 987,481 987,483 986,483 986,484 984,484 984,485 982,485 982,488 981,488 981,489 979,489 979,490 978,490 978,491 976,491 976,492 974,492 974,493 973,493 973,494 970,494 970,495 967,495 967,494 860,494 860,495 859,495 859,499 858,499 858,503 857,503 857,505 856,505 856,507 855,507 855,508 851,508 851,495 710,495 710,494 707,494 707,493 705,493 705,492 704,492 704,490 702,490 702,488 701,488 701,485 700,485 700,483 701,483 701,477 702,477 702,475 703,475 703,474 704,474 704,473 705,473 705,472 706,472 706,471 708,471 708,470 710,470 710,469 712,469 712,468 713,468 713,449 714,449 714,448 715,448 715,447 718,447 718,448 720,448 720,449 721,449 721,450 722,450 722,452 723,452 723,467 842,467 842,456 843,456 843,454 844,454 844,453 845,453 845,452 846,452 846,451 849,451 849,450 919,450 919,449 920,449 920,448 922,448 922,447 923,447 923,446 925,446 925,445"/>
					<TextEquiv>
						<Unicode>ἐπανῆλθεν</Unicode>
					</TextEquiv>
				</Word>
				<Word id="r56">
					<Coords points="1055,447 1055,448 1056,448 1056,449 1057,449 1057,451 1058,451 1058,467 1078,467 1078,468 1080,468 1080,469 1081,469 1081,470 1082,470 1082,471 1083,471 1083,473 1084,473 1084,475 1083,475 1083,476 1081,476 1081,477 1079,477 1079,494 1078,494 1078,495 1077,495 1077,496 1075,496 1075,497 1074,497 1074,498 1071,498 1071,499 1068,499 1068,498 1067,498 1067,495 1046,495 1046,494 1042,494 1042,493 1040,493 1040,492 1039,492 1039,491 1038,491 1038,490 1037,490 1037,489 1036,489 1036,485 1035,485 1035,480 1036,480 1036,477 1037,477 1037,475 1038,475 1038,473 1039,473 1039,472 1040,472 1040,471 1043,471 1043,470 1044,470 1044,469 1046,469 1046,468 1047,468 1047,448 1048,448 1048,447"/>
					<TextEquiv>
						<Unicode>ἐς</Unicode>
					</TextEquiv>
				</Word>
				<Word id="r57">
					<Coords points="1189,445 1192,445 1192,446 1193,446 1193,467 1293,467 1293,468 1294,468 1294,471 1295,471 1295,473 1294,473 1294,476 1293,476 1293,479 1292,479 1292,480 1291,480 1291,482 1290,482 1290,483 1289,483 1289,485 1288,485 1288,486 1287,486 1287,487 1285,487 1285,488 1284,488 1284,489 1283,489 1283,490 1281,490 1281,491 1280,491 1280,492 1278,492 1278,493 1276,493 1276,494 1273,494 1273,495 1258,495 1258,501 1257,501 1257,505 1256,505 1256,506 1255,506 1255,507 1253,507 1253,508 1199,508 1199,509 1198,509 1198,510 1195,510 1195,509 1194,509 1194,495 1173,495 1173,494 1128,494 1128,458 1126,458 1126,457 1125,457 1125,454 1126,454 1126,453 1184,453 1184,451 1185,451 1185,450 1186,450 1186,447 1187,447 1187,446 1189,446"/>
					<TextEquiv>
						<Unicode>λύμην</Unicode>
					</TextEquiv>
				</Word>
				<Word id="r59">
					<Coords points="1361,447 1361,448 1362,448 1362,467 1493,467 1493,468 1530,468 1530,469 1531,469 1531,470 1532,470 1532,471 1533,471 1533,486 1542,486 1542,487 1544,487 1544,488 1545,488 1545,490 1546,490 1546,495 1545,495 1545,497 1544,497 1544,498 1543,498 1543,500 1541,500 1541,501 1540,501 1540,502 1538,502 1538,503 1443,503 1443,507 1442,507 1442,508 1441,508 1441,509 1438,509 1438,508 1437,508 1437,507 1436,507 1436,496 1344,496 1344,495 1340,495 1340,494 1339,494 1339,493 1338,493 1338,492 1337,492 1337,491 1336,491 1336,490 1335,490 1335,488 1334,488 1334,480 1335,480 1335,478 1336,478 1336,477 1337,477 1337,475 1338,475 1338,474 1339,474 1339,473 1340,473 1340,454 1341,454 1341,452 1342,452 1342,451 1343,451 1343,450 1346,450 1346,449 1356,449 1356,448 1357,448 1357,447"/>
					<TextEquiv>
						<Unicode>ἕτοιμον,</Unicode>
					</TextEquiv>
				</Word>
				<Word id="r60">
					<Coords points="1663,447 1663,448 1664,448 1664,449 1665,449 1665,450 1666,450 1666,454 1667,454 1667,456 1668,456 1668,459 1669,459 1669,461 1670,461 1670,464 1671,464 1671,484 1674,484 1674,487 1673,487 1673,489 1672,489 1672,490 1671,490 1671,493 1670,493 1670,494 1669,494 1669,495 1667,495 1667,496 1628,496 1628,495 1587,495 1587,491 1588,491 1588,488 1589,488 1589,486 1590,486 1590,484 1591,484 1591,480 1592,480 1592,478 1593,478 1593,474 1594,474 1594,473 1595,473 1595,471 1596,471 1596,470 1597,470 1597,469 1613,469 1613,468 1659,468 1659,450 1660,450 1660,448 1661,448 1661,447"/>
					<TextEquiv>
						<Unicode>καὶ</Unicode>
					</TextEquiv>
				</Word>
				<TextEquiv>
					<Unicode>τοῦ πολέμου, ἐπανῆλθεν ἐς λύμην ἕτοιμον, καὶ</Unicode>
				</TextEquiv>
			</TextLine>
			<TextLine id="r5">
				<Coords points="371,519 371,520 373,520 373,521 374,521 374,523 375,523 375,526 376,526 376,528 377,528 377,531 378,531 378,533 379,533 379,536 380,536 380,542 492,542 492,524 493,524 493,523 494,523 494,522 496,522 496,521 498,521 498,520 500,520 500,521 502,521 502,522 503,522 503,523 591,523 591,524 592,524 592,542 747,542 747,524 748,524 748,522 750,522 750,521 789,521 789,520 792,520 792,519 793,519 793,520 795,520 795,542 893,542 893,543 1015,543 1015,542 1016,542 1016,540 1017,540 1017,537 1018,537 1018,535 1019,535 1019,534 1020,534 1020,532 1021,532 1021,531 1022,531 1022,530 1023,530 1023,528 1024,528 1024,527 1025,527 1025,526 1026,526 1026,525 1027,525 1027,524 1029,524 1029,523 1030,523 1030,522 1032,522 1032,521 1086,521 1086,520 1088,520 1088,519 1088,520 1090,520 1090,521 1091,521 1091,523 1143,523 1143,528 1154,528 1154,529 1155,529 1155,530 1156,530 1156,531 1157,531 1157,543 1270,543 1270,542 1341,542 1341,525 1342,525 1342,523 1344,523 1344,522 1345,522 1345,523 1349,523 1349,524 1350,524 1350,525 1351,525 1351,526 1352,526 1352,543 1475,543 1475,530 1476,530 1476,529 1478,529 1478,528 1564,528 1564,526 1565,526 1565,525 1566,525 1566,524 1567,524 1567,523 1568,523 1568,522 1570,522 1570,521 1570,522 1572,522 1572,543 1631,543 1631,544 1671,544 1671,545 1672,545 1672,560 1674,560 1674,561 1675,561 1675,564 1674,564 1674,565 1673,565 1673,566 1672,566 1672,567 1671,567 1671,569 1670,569 1670,570 1667,570 1667,571 1664,571 1664,587 1663,587 1663,589 1661,589 1661,590 1659,590 1659,591 1656,591 1656,590 1654,590 1654,589 1653,589 1653,587 1611,587 1611,586 1590,586 1590,585 1589,585 1589,584 1588,584 1588,570 1427,570 1427,575 1426,575 1426,578 1425,578 1425,582 1424,582 1424,583 1423,583 1423,584 1422,584 1422,585 1419,585 1419,584 1418,584 1418,571 1296,571 1296,572 1295,572 1295,573 1293,573 1293,574 1291,574 1291,575 1288,575 1288,574 1287,574 1287,571 1147,571 1147,579 1146,579 1146,581 1145,581 1145,582 1144,582 1144,583 1142,583 1142,584 1140,584 1140,585 1095,585 1095,586 1094,586 1094,587 1092,587 1092,586 1091,586 1091,585 1090,585 1090,571 983,571 983,570 783,570 783,571 731,571 731,575 730,575 730,579 729,579 729,582 728,582 728,583 702,583 702,585 701,585 701,586 700,586 700,587 698,587 698,588 696,588 696,589 693,589 693,588 668,588 668,587 634,587 634,586 633,586 633,569 493,569 493,570 491,570 491,571 489,571 489,570 311,570 311,571 304,571 304,570 264,570 264,569 263,569 263,567 262,567 262,566 261,566 261,564 260,564 260,562 261,562 261,557 262,557 262,554 263,554 263,552 264,552 264,551 265,551 265,549 266,549 266,548 267,548 267,547 269,547 269,546 270,546 270,545 273,545 273,544 276,544 276,543 307,543 307,525 308,525 308,524 309,524 309,523 313,523 313,522 367,522 367,520 368,520 368,519"/>
				<Word id="r61">
					<Coords points="371,519 371,520 373,520 373,521 374,521 374,523 375,523 375,526 376,526 376,528 377,528 377,531 378,531 378,533 379,533 379,536 380,536 380,543 415,543 415,544 416,544 416,551 415,551 415,553 414,553 414,555 413,555 413,556 412,556 412,558 411,558 411,559 410,559 410,561 409,561 409,562 407,562 407,563 406,563 406,564 405,564 405,565 404,565 404,566 403,566 403,567 401,567 401,568 399,568 399,569 396,569 396,570 311,570 311,571 304,571 304,570 264,570 264,569 263,569 263,567 262,567 262,566 261,566 261,564 260,564 260,562 261,562 261,557 262,557 262,554 263,554 263,552 264,552 264,551 265,551 265,549 266,549 266,548 267,548 267,547 269,547 269,546 270,546 270,545 273,545 273,544 276,544 276,543 307,543 307,525 308,525 308,524 309,524 309,523 313,523 313,522 367,522 367,520 368,520 368,519"/>
					<TextEquiv>
						<Unicode>αὐτὸν</Unicode>
					</TextEquiv>
				</Word>
				<Word id="r62">
					<Coords points="500,520 500,521 502,521 502,522 503,522 503,524 502,524 502,525 501,525 501,526 500,526 500,527 499,527 499,562 498,562 498,564 497,564 497,566 496,566 496,567 495,567 495,568 494,568 494,569 493,569 493,570 491,570 491,571 489,571 489,570 488,570 488,569 464,569 464,568 462,568 462,567 460,567 460,565 459,565 459,564 458,564 458,563 457,563 457,555 458,555 458,552 459,552 459,549 460,549 460,548 461,548 461,546 462,546 462,545 463,545 463,544 466,544 466,543 468,543 468,542 492,542 492,524 493,524 493,523 494,523 494,522 496,522 496,521 498,521 498,520"/>
					<TextEquiv>
						<Unicode>οἱ</Unicode>
					</TextEquiv>
				</Word>
				<Word id="r63">
					<Coords points="793,519 793,520 795,520 795,542 893,542 893,544 894,544 894,561 895,561 895,562 896,562 896,564 895,564 895,565 894,565 894,567 893,567 893,568 891,568 891,569 888,569 888,570 783,570 783,571 731,571 731,575 730,575 730,579 729,579 729,582 728,582 728,583 702,583 702,585 701,585 701,586 700,586 700,587 698,587 698,588 696,588 696,589 693,589 693,588 668,588 668,587 634,587 634,586 633,586 633,569 548,569 548,568 547,568 547,526 546,526 546,524 547,524 547,523 591,523 591,524 592,524 592,542 747,542 747,524 748,524 748,522 750,522 750,521 789,521 789,520 792,520 792,519"/>
					<TextEquiv>
						<Unicode>Καρχηδόνιοι</Unicode>
					</TextEquiv>
				</Word>
				<Word id="r64">
					<Coords points="1088,520 1090,520 1090,521 1091,521 1091,523 1143,523 1143,528 1154,528 1154,529 1155,529 1155,530 1156,530 1156,531 1157,531 1157,543 1270,543 1270,542 1293,542 1293,543 1297,543 1297,544 1299,544 1299,545 1301,545 1301,546 1302,546 1302,548 1303,548 1303,552 1301,552 1301,553 1299,553 1299,566 1298,566 1298,570 1297,570 1297,571 1296,571 1296,572 1295,572 1295,573 1293,573 1293,574 1291,574 1291,575 1288,575 1288,574 1287,574 1287,571 1147,571 1147,579 1146,579 1146,581 1145,581 1145,582 1144,582 1144,583 1142,583 1142,584 1140,584 1140,585 1095,585 1095,586 1094,586 1094,587 1092,587 1092,586 1091,586 1091,585 1090,585 1090,571 983,571 983,570 942,570 942,569 941,569 942,569 942,565 943,565 943,564 944,564 944,562 945,562 945,559 946,559 946,556 947,556 947,552 948,552 948,548 949,548 949,546 950,546 950,544 966,544 966,543 1015,543 1015,542 1016,542 1016,540 1017,540 1017,537 1018,537 1018,535 1019,535 1019,534 1020,534 1020,532 1021,532 1021,531 1022,531 1022,530 1023,530 1023,528 1024,528 1024,527 1025,527 1025,526 1026,526 1026,525 1027,525 1027,524 1029,524 1029,523 1030,523 1030,522 1032,522 1032,521 1086,521 1086,520 1088,520 1088,519"/>
					<TextEquiv>
						<Unicode>καθείρξαντες</Unicode>
					</TextEquiv>
				</Word>
				<Word id="r65">
					<Coords points="1345,522 1345,523 1349,523 1349,524 1350,524 1350,525 1351,525 1351,526 1352,526 1352,543 1379,543 1379,544 1380,544 1380,545 1381,545 1381,550 1380,550 1380,553 1379,553 1379,554 1378,554 1378,555 1377,555 1377,557 1376,557 1376,559 1375,559 1375,560 1374,560 1374,561 1373,561 1373,562 1372,562 1372,564 1371,564 1371,565 1370,565 1370,566 1369,566 1369,567 1367,567 1367,568 1364,568 1364,569 1362,569 1362,570 1361,570 1361,571 1340,571 1340,570 1336,570 1336,569 1333,569 1333,568 1332,568 1332,567 1331,567 1331,563 1330,563 1330,562 1329,562 1329,556 1330,556 1330,553 1331,553 1331,551 1332,551 1332,550 1333,550 1333,548 1335,548 1335,547 1336,547 1336,546 1337,546 1337,545 1339,545 1339,544 1341,544 1341,525 1342,525 1342,523 1344,523 1344,522"/>
					<TextEquiv>
						<Unicode>ἐν</Unicode>
					</TextEquiv>
				</Word>
				<Word id="r66">
					<Coords points="1570,522 1572,522 1572,543 1631,543 1631,544 1671,544 1671,545 1672,545 1672,560 1674,560 1674,561 1675,561 1675,564 1674,564 1674,565 1673,565 1673,566 1672,566 1672,567 1671,567 1671,569 1670,569 1670,570 1667,570 1667,571 1664,571 1664,587 1663,587 1663,589 1661,589 1661,590 1659,590 1659,591 1656,591 1656,590 1654,590 1654,589 1653,589 1653,587 1611,587 1611,586 1590,586 1590,585 1589,585 1589,584 1588,584 1588,570 1427,570 1427,575 1426,575 1426,578 1425,578 1425,582 1424,582 1424,583 1423,583 1423,584 1422,584 1422,585 1419,585 1419,584 1418,584 1418,562 1408,562 1408,561 1407,561 1407,559 1406,559 1406,555 1405,555 1405,551 1406,551 1406,549 1407,549 1407,548 1408,548 1408,547 1409,547 1409,546 1410,546 1410,545 1413,545 1413,544 1455,544 1455,543 1475,543 1475,530 1476,530 1476,529 1478,529 1478,528 1564,528 1564,526 1565,526 1565,525 1566,525 1566,524 1567,524 1567,523 1568,523 1568,522 1570,522 1570,521"/>
					<TextEquiv>
						<Unicode>γαλεάγρᾳ</Unicode>
					</TextEquiv>
				</Word>
				<TextEquiv>
					<Unicode>αὐτὸν οἱ Καρχηδόνιοι καθείρξαντες ἐν γαλεάγρᾳ</Unicode>
				</TextEquiv>
			</TextLine>
			<TextLine id="r6">
				<Coords points="1389,594 1389,596 1428,596 1428,597 1546,597 1546,596 1551,596 1551,620 1667,620 1667,619 1667,620 1671,620 1671,621 1672,621 1672,622 1674,622 1674,624 1675,624 1675,625 1676,625 1676,628 1677,628 1677,633 1676,633 1676,637 1675,637 1675,639 1674,639 1674,640 1673,640 1673,642 1672,642 1672,643 1671,643 1671,644 1670,644 1670,645 1668,645 1668,646 1665,646 1665,647 1660,647 1660,659 1659,659 1659,661 1658,661 1658,662 1657,662 1657,663 1655,663 1655,664 1650,664 1650,663 1649,663 1649,662 1648,662 1648,648 1601,648 1601,647 1558,647 1558,646 1425,646 1425,648 1424,648 1424,649 1383,649 1383,648 1382,648 1382,647 1204,647 1204,651 1203,651 1203,656 1202,656 1202,660 1201,660 1201,661 1199,661 1199,660 1198,660 1198,657 1197,657 1197,646 1094,646 1094,647 1093,647 1093,657 1092,657 1092,661 1091,661 1091,662 1088,662 1088,663 1088,662 1087,662 1087,646 1059,646 1059,645 957,645 957,647 956,647 956,649 955,649 955,650 954,650 954,656 953,656 953,657 943,657 943,660 942,660 942,661 940,661 940,662 938,662 938,663 937,663 937,662 935,662 935,661 934,661 934,660 933,660 933,646 828,646 828,657 827,657 827,658 826,658 826,659 825,659 825,660 824,660 824,661 823,661 823,662 821,662 821,663 792,663 792,662 790,662 790,661 789,661 789,646 704,646 704,645 480,645 480,646 385,646 385,648 384,648 384,652 383,652 383,659 381,659 381,660 380,660 380,659 378,659 378,658 377,658 377,646 264,646 264,645 261,645 261,640 262,640 262,637 263,637 263,635 264,635 264,631 265,631 265,627 266,627 266,624 267,624 267,621 268,621 268,620 269,620 269,619 284,619 284,618 303,618 303,612 304,612 304,609 305,609 305,606 306,606 306,603 307,603 307,599 308,599 308,598 309,598 309,596 310,596 310,595 314,595 314,596 315,596 315,597 316,597 316,616 397,616 397,617 533,617 533,610 534,610 534,608 535,608 535,607 536,607 536,604 537,604 537,603 538,603 538,600 539,600 539,598 540,598 540,597 541,597 541,596 542,596 542,595 546,595 546,596 547,596 547,614 649,614 649,612 650,612 650,609 651,609 651,608 652,608 652,607 653,607 653,606 654,606 654,604 655,604 655,603 656,603 656,602 657,602 657,600 659,600 659,599 660,599 660,598 661,598 661,597 664,597 664,596 668,596 668,597 670,597 670,598 671,598 671,600 672,600 672,602 673,602 673,617 777,617 777,600 778,600 778,598 779,598 779,597 780,597 780,596 782,596 782,597 884,597 884,596 887,596 887,595 888,595 888,596 889,596 889,597 890,597 890,619 1006,619 1006,598 1007,598 1007,597 1008,597 1008,596 1010,596 1010,595 1071,595 1071,596 1143,596 1143,597 1144,597 1144,598 1145,598 1145,599 1146,599 1146,600 1147,600 1147,603 1148,603 1148,617 1219,617 1219,618 1383,618 1383,606 1384,606 1384,605 1385,605 1385,600 1386,600 1386,597 1387,597 1387,595 1388,595 1388,594"/>
				<Word id="r67">
					<Coords points="314,595 314,596 315,596 315,597 316,597 316,616 397,616 397,617 438,617 438,618 440,618 440,632 442,632 442,633 444,633 444,636 443,636 443,638 442,638 442,639 441,639 441,641 439,641 439,642 438,642 438,643 435,643 435,644 385,644 385,648 384,648 384,652 383,652 383,659 381,659 381,660 380,660 380,659 378,659 378,658 377,658 377,646 264,646 264,645 261,645 261,640 262,640 262,637 263,637 263,635 264,635 264,631 265,631 265,627 266,627 266,624 267,624 267,621 268,621 268,620 269,620 269,619 284,619 284,618 303,618 303,612 304,612 304,609 305,609 305,606 306,606 306,603 307,603 307,599 308,599 308,598 309,598 309,596 310,596 310,595"/>
					<TextEquiv>
						<Unicode>κέντρα</Unicode>
					</TextEquiv>
				</Word>
				<Word id="r68">
					<Coords points="546,595 546,596 547,596 547,614 649,614 649,612 650,612 650,609 651,609 651,608 652,608 652,607 653,607 653,606 654,606 654,604 655,604 655,603 656,603 656,602 657,602 657,600 659,600 659,599 660,599 660,598 661,598 661,597 664,597 664,596 668,596 668,597 670,597 670,598 671,598 671,600 672,600 672,602 673,602 673,617 695,617 695,618 726,618 726,619 727,619 727,626 726,626 726,628 725,628 725,630 724,630 724,632 723,632 723,633 722,633 722,634 721,634 721,636 719,636 719,638 718,638 718,639 717,639 717,640 715,640 715,641 714,641 714,642 713,642 713,643 711,643 711,644 709,644 709,645 705,645 705,646 704,646 704,645 480,645 480,646 480,645 478,645 478,644 477,644 477,631 472,631 472,630 471,630 471,629 470,629 470,626 471,626 471,622 472,622 472,621 473,621 473,620 475,620 475,619 479,619 479,618 533,618 533,610 534,610 534,608 535,608 535,607 536,607 536,604 537,604 537,603 538,603 538,600 539,600 539,598 540,598 540,597 541,597 541,596 542,596 542,595"/>
					<TextEquiv>
						<Unicode>πάντοθεν</Unicode>
					</TextEquiv>
				</Word>
				<Word id="r69">
					<Coords points="888,595 888,596 889,596 889,597 890,597 890,619 940,619 940,620 959,620 959,621 960,621 960,622 961,622 961,625 962,625 962,629 961,629 961,633 960,633 960,636 959,636 959,639 958,639 958,643 957,643 957,647 956,647 956,649 955,649 955,650 954,650 954,656 953,656 953,657 943,657 943,660 942,660 942,661 940,661 940,662 938,662 938,663 937,663 937,662 935,662 935,661 934,661 934,660 933,660 933,646 828,646 828,657 827,657 827,658 826,658 826,659 825,659 825,660 824,660 824,661 823,661 823,662 821,662 821,663 792,663 792,662 790,662 790,661 789,661 789,645 774,645 774,644 772,644 772,643 770,643 770,642 769,642 769,641 768,641 768,640 767,640 767,639 766,639 766,636 765,636 765,630 766,630 766,628 767,628 767,627 768,627 768,625 769,625 769,623 770,623 770,622 771,622 771,621 772,621 772,620 773,620 773,619 775,619 775,618 777,618 777,600 778,600 778,598 779,598 779,597 780,597 780,596 782,596 782,597 884,597 884,596 887,596 887,595"/>
					<TextEquiv>
						<Unicode>ἐχούσῃ</Unicode>
					</TextEquiv>
				</Word>
				<Word id="r70">
					<Coords points="1071,595 1071,596 1143,596 1143,597 1144,597 1144,598 1145,598 1145,599 1146,599 1146,600 1147,600 1147,603 1148,603 1148,617 1219,617 1219,618 1290,618 1290,619 1291,619 1291,620 1292,620 1292,636 1305,636 1305,637 1306,637 1306,638 1307,638 1307,640 1308,640 1308,642 1307,642 1307,645 1306,645 1306,646 1305,646 1305,647 1204,647 1204,651 1203,651 1203,656 1202,656 1202,660 1201,660 1201,661 1199,661 1199,660 1198,660 1198,657 1197,657 1197,646 1094,646 1094,647 1093,647 1093,657 1092,657 1092,661 1091,661 1091,662 1088,662 1088,663 1088,662 1087,662 1087,646 1059,646 1059,645 1008,645 1008,644 1006,644 1006,643 1005,643 1005,642 1004,642 1004,641 1003,641 1003,640 1002,640 1002,637 1001,637 1001,630 1002,630 1002,627 1003,627 1003,625 1004,625 1004,624 1005,624 1005,623 1006,623 1006,598 1007,598 1007,597 1008,597 1008,596 1010,596 1010,595"/>
					<TextEquiv>
						<Unicode>διέφθειραν.</Unicode>
					</TextEquiv>
				</Word>
				<Word id="r71">
					<Coords points="1389,594 1389,596 1428,596 1428,597 1546,597 1546,596 1551,596 1551,620 1667,620 1667,619 1667,620 1671,620 1671,621 1672,621 1672,622 1674,622 1674,624 1675,624 1675,625 1676,625 1676,628 1677,628 1677,633 1676,633 1676,637 1675,637 1675,639 1674,639 1674,640 1673,640 1673,642 1672,642 1672,643 1671,643 1671,644 1670,644 1670,645 1668,645 1668,646 1665,646 1665,647 1660,647 1660,659 1659,659 1659,661 1658,661 1658,662 1657,662 1657,663 1655,663 1655,664 1650,664 1650,663 1649,663 1649,662 1648,662 1648,648 1601,648 1601,647 1558,647 1558,646 1425,646 1425,648 1424,648 1424,649 1383,649 1383,648 1382,648 1382,645 1383,645 1383,606 1384,606 1384,605 1385,605 1385,600 1386,600 1386,597 1387,597 1387,595 1388,595 1388,594"/>
					<TextEquiv>
						<Unicode>Ξανθίππῳ</Unicode>
					</TextEquiv>
				</Word>
				<TextEquiv>
					<Unicode>κέντρα πάντοθεν ἐχούσῃ διέφθειραν. Ξανθίππῳ</Unicode>
				</TextEquiv>
			</TextLine>
			<TextLine id="r7">
				<Coords points="402,669 402,670 403,670 403,671 575,671 575,670 579,670 579,671 580,671 580,691 620,691 620,692 715,692 715,693 826,693 826,692 908,692 908,691 909,691 909,690 910,690 910,678 911,678 911,676 912,676 912,675 914,675 914,674 1018,674 1018,675 1019,675 1019,676 1021,676 1021,678 1022,678 1022,679 1124,679 1124,678 1125,678 1125,676 1126,676 1126,674 1127,674 1127,673 1129,673 1129,672 1131,672 1131,671 1135,671 1135,672 1139,672 1139,673 1199,673 1199,674 1200,674 1200,678 1211,678 1211,679 1213,679 1213,692 1330,692 1330,674 1371,674 1371,673 1375,673 1375,674 1376,674 1376,693 1483,693 1483,692 1528,692 1528,677 1529,677 1529,674 1531,674 1531,673 1532,673 1532,672 1571,672 1571,671 1575,671 1575,693 1673,693 1673,694 1674,694 1674,695 1675,695 1675,710 1677,710 1677,711 1678,711 1678,712 1677,712 1677,714 1676,714 1676,717 1675,717 1675,718 1674,718 1674,719 1673,719 1673,720 1671,720 1671,721 1670,721 1670,722 1512,722 1512,723 1511,723 1511,727 1510,727 1510,731 1509,731 1509,733 1508,733 1508,734 1483,734 1483,735 1482,735 1482,736 1481,736 1481,737 1479,737 1479,738 1477,738 1477,739 1472,739 1472,738 1448,738 1448,737 1417,737 1417,736 1416,736 1416,735 1415,735 1415,721 1205,721 1205,728 1204,728 1204,729 1203,729 1203,730 1202,730 1202,731 1201,731 1201,732 1199,732 1199,734 1154,734 1154,735 1153,735 1153,736 1150,736 1150,735 1149,735 1149,734 1133,734 1133,733 1132,733 1132,732 1131,732 1131,721 966,721 966,726 965,726 965,733 964,733 964,735 963,735 963,736 905,736 905,737 904,737 904,738 902,738 902,737 901,737 901,736 852,736 852,735 850,735 850,734 849,734 849,720 788,720 788,719 665,719 665,723 664,723 664,727 663,727 663,731 662,731 662,733 660,733 660,734 618,734 618,735 616,735 616,736 615,736 615,737 583,737 583,736 582,736 582,720 307,720 307,721 299,721 299,720 268,720 268,719 266,719 266,718 264,718 264,717 263,717 263,715 262,715 262,713 261,713 261,704 262,704 262,702 263,702 263,701 264,701 264,699 265,699 265,677 266,677 266,674 267,674 267,673 269,673 269,672 298,672 298,671 399,671 399,670 400,670 400,669"/>
				<Word id="r72">
					<Coords points="301,671 301,672 302,672 302,673 303,673 303,675 304,675 304,677 305,677 305,680 306,680 306,681 307,681 307,684 308,684 308,687 309,687 309,694 310,694 310,695 311,695 311,696 312,696 312,699 310,699 310,718 309,718 309,719 308,719 308,720 307,720 307,721 299,721 299,720 268,720 268,719 266,719 266,718 264,718 264,717 263,717 263,715 262,715 262,713 261,713 261,704 262,704 262,702 263,702 263,701 264,701 264,699 265,699 265,677 266,677 266,674 267,674 267,673 269,673 269,672 298,672 298,671"/>
					<TextEquiv>
						<Unicode>δὲ</Unicode>
					</TextEquiv>
				</Word>
				<Word id="r73">
					<Coords points="402,669 402,670 403,670 403,671 404,671 404,673 405,673 405,674 406,674 406,676 407,676 407,677 408,677 408,678 409,678 409,681 410,681 410,684 411,684 411,694 413,694 413,695 414,695 414,696 415,696 415,697 416,697 416,698 417,698 417,700 418,700 418,708 417,708 417,711 416,711 416,713 415,713 415,714 414,714 414,716 413,716 413,717 411,717 411,718 410,718 410,719 409,719 409,720 372,720 372,719 370,719 370,718 369,718 369,703 362,703 362,702 361,702 361,700 360,700 360,699 361,699 361,696 362,696 362,694 364,694 364,693 398,693 398,671 399,671 399,670 400,670 400,669"/>
					<TextEquiv>
						<Unicode>τὸ</Unicode>
					</TextEquiv>
				</Word>
				<Word id="r74">
					<Coords points="579,670 579,671 580,671 580,691 620,691 620,692 715,692 715,693 726,693 726,694 727,694 727,708 730,708 730,712 729,712 729,714 728,714 728,715 727,715 727,717 725,717 725,718 724,718 724,719 665,719 665,723 664,723 664,727 663,727 663,731 662,731 662,733 660,733 660,734 618,734 618,735 616,735 616,736 615,736 615,737 583,737 583,736 582,736 582,720 472,720 472,719 469,719 469,718 467,718 467,717 466,717 466,716 465,716 465,715 464,715 464,713 463,713 463,704 464,704 464,702 465,702 465,700 466,700 466,699 467,699 467,698 468,698 468,696 470,696 470,694 472,694 472,693 477,693 477,692 499,692 499,675 500,675 500,672 501,672 501,671 575,671 575,670"/>
					<TextEquiv>
						<Unicode>εὐτύχημα</Unicode>
					</TextEquiv>
				</Word>
				<Word id="r75">
					<Coords points="1018,674 1018,675 1019,675 1019,676 1021,676 1021,678 1022,678 1022,679 1023,679 1023,693 1059,693 1059,694 1060,694 1060,695 1061,695 1061,700 1060,700 1060,703 1059,703 1059,705 1058,705 1058,706 1057,706 1057,708 1056,708 1056,709 1055,709 1055,710 1054,710 1054,711 1053,711 1053,713 1052,713 1052,714 1050,714 1050,715 1049,715 1049,716 1048,716 1048,717 1046,717 1046,718 1044,718 1044,719 1041,719 1041,720 1039,720 1039,721 966,721 966,726 965,726 965,733 964,733 964,735 963,735 963,736 905,736 905,737 904,737 904,738 902,738 902,737 901,737 901,736 852,736 852,735 850,735 850,734 849,734 849,720 788,720 788,719 785,719 785,718 784,718 784,717 783,717 783,716 782,716 782,715 781,715 781,713 780,713 780,706 781,706 781,704 782,704 782,701 783,701 783,700 785,700 785,698 786,698 786,697 788,697 788,696 791,696 791,695 794,695 794,694 823,694 823,693 826,693 826,692 908,692 908,691 909,691 909,690 910,690 910,678 911,678 911,676 912,676 912,675 914,675 914,674"/>
					<TextEquiv>
						<Unicode>συμφορῶν</Unicode>
					</TextEquiv>
				</Word>
				<Word id="r76">
					<Coords points="1135,671 1135,672 1139,672 1139,673 1199,673 1199,674 1200,674 1200,678 1211,678 1211,679 1213,679 1213,692 1250,692 1250,693 1252,693 1252,694 1253,694 1253,701 1252,701 1252,702 1251,702 1251,703 1235,703 1235,718 1234,718 1234,719 1233,719 1233,720 1232,720 1232,721 1205,721 1205,728 1204,728 1204,729 1203,729 1203,730 1202,730 1202,731 1201,731 1201,732 1199,732 1199,734 1154,734 1154,735 1153,735 1153,736 1150,736 1150,735 1149,735 1149,734 1133,734 1133,733 1132,733 1132,732 1131,732 1131,719 1119,719 1119,718 1118,718 1118,703 1115,703 1115,698 1116,698 1116,696 1118,696 1118,695 1120,695 1120,694 1122,694 1122,693 1124,693 1124,678 1125,678 1125,676 1126,676 1126,674 1127,674 1127,673 1129,673 1129,672 1131,672 1131,671"/>
					<TextEquiv>
						<Unicode>ἦρξε·</Unicode>
					</TextEquiv>
				</Word>
				<Word id="r77">
					<Coords points="1575,671 1575,693 1673,693 1673,694 1674,694 1674,695 1675,695 1675,710 1677,710 1677,711 1678,711 1678,712 1677,712 1677,714 1676,714 1676,717 1675,717 1675,718 1674,718 1674,719 1673,719 1673,720 1671,720 1671,721 1670,721 1670,722 1512,722 1512,723 1511,723 1511,727 1510,727 1510,731 1509,731 1509,733 1508,733 1508,734 1483,734 1483,735 1482,735 1482,736 1481,736 1481,737 1479,737 1479,738 1477,738 1477,739 1472,739 1472,738 1448,738 1448,737 1417,737 1417,736 1416,736 1416,735 1415,735 1415,721 1331,721 1331,720 1330,720 1330,718 1329,718 1330,718 1330,674 1371,674 1371,673 1375,673 1375,674 1376,674 1376,693 1483,693 1483,692 1528,692 1528,677 1529,677 1529,674 1531,674 1531,673 1532,673 1532,672 1571,672 1571,671"/>
					<TextEquiv>
						<Unicode>Καρχηδόνιοι</Unicode>
					</TextEquiv>
				</Word>
				<TextEquiv>
					<Unicode>δὲ τὸ εὐτύχημα συμφορῶν ἦρξε· Καρχηδόνιοι</Unicode>
				</TextEquiv>
			</TextLine>
			<TextLine id="r8">
				<Coords points="802,745 802,746 803,746 803,747 873,747 873,748 876,748 876,749 877,749 877,750 878,750 878,751 879,751 879,752 881,752 881,753 882,753 882,754 883,754 883,756 884,756 884,758 885,758 885,768 987,768 987,760 988,760 988,757 989,757 989,754 990,754 990,752 991,752 991,750 992,750 992,749 993,749 993,747 994,747 994,746 996,746 996,745 998,745 998,746 999,746 999,747 1000,747 1000,750 1097,750 1097,751 1098,751 1098,752 1099,752 1099,756 1100,756 1100,758 1101,758 1101,762 1102,762 1102,764 1103,764 1103,767 1104,767 1104,768 1224,768 1224,750 1225,750 1225,749 1226,749 1226,748 1227,748 1227,747 1229,747 1229,746 1231,746 1231,747 1234,747 1234,748 1236,748 1236,749 1237,749 1237,750 1239,750 1239,751 1240,751 1240,752 1241,752 1241,753 1242,753 1242,754 1243,754 1243,755 1244,755 1244,757 1245,757 1245,760 1246,760 1246,768 1407,768 1407,760 1408,760 1408,758 1409,758 1409,755 1410,755 1410,753 1411,753 1411,751 1412,751 1412,750 1413,750 1413,747 1414,747 1414,746 1416,746 1416,745 1418,745 1418,746 1419,746 1419,747 1420,747 1420,770 1537,770 1537,763 1538,763 1538,752 1539,752 1539,751 1540,751 1540,750 1552,750 1552,749 1554,749 1554,748 1556,748 1556,749 1558,749 1558,770 1576,770 1576,771 1677,771 1677,772 1678,772 1678,773 1679,773 1679,778 1678,778 1678,780 1677,780 1677,782 1676,782 1676,784 1675,784 1675,786 1674,786 1674,787 1673,787 1673,788 1672,788 1672,789 1671,789 1671,791 1668,791 1668,792 1667,792 1667,793 1666,793 1666,794 1665,794 1665,795 1663,795 1663,796 1661,796 1661,797 1658,797 1658,798 1610,798 1610,799 1609,799 1609,804 1608,804 1608,807 1607,807 1607,810 1606,810 1606,811 1605,811 1605,812 1604,812 1604,813 1560,813 1560,815 1556,815 1556,814 1555,814 1555,798 1468,798 1468,797 1311,797 1311,802 1310,802 1310,805 1309,805 1309,808 1308,808 1308,809 1307,809 1307,810 1304,810 1304,809 1303,809 1303,797 1160,797 1160,796 1026,796 1026,798 1025,798 1025,803 1024,803 1024,805 1023,805 1023,807 1022,807 1022,808 1018,808 1018,807 1017,807 1017,796 813,796 813,797 812,797 812,801 811,801 811,805 810,805 810,807 809,807 809,809 808,809 808,810 804,810 804,809 748,809 748,808 747,808 747,796 577,796 577,798 576,798 576,799 575,799 575,801 574,801 574,802 572,802 572,803 569,803 569,804 567,804 567,803 566,803 566,797 486,797 486,796 335,796 335,805 334,805 334,809 333,809 333,811 271,811 271,810 270,810 270,788 260,788 260,786 259,786 259,782 258,782 258,777 259,777 259,775 260,775 260,773 261,773 261,772 262,772 262,771 267,771 267,770 305,770 305,748 306,748 306,747 307,747 307,746 309,746 309,747 311,747 311,749 312,749 312,751 313,751 313,753 314,753 314,755 315,755 315,759 316,759 316,760 317,760 317,764 318,764 318,766 319,766 319,769 433,769 433,768 456,768 456,748 458,748 458,747 528,747 528,746 530,746 530,747 643,747 643,746 645,746 645,747 646,747 646,768 796,768 796,747 797,747 797,746 798,746 798,745"/>
				<Word id="r78">
					<Coords points="309,746 309,747 311,747 311,749 312,749 312,751 313,751 313,753 314,753 314,755 315,755 315,759 316,759 316,760 317,760 317,764 318,764 318,766 319,766 319,769 346,769 346,770 352,770 352,771 355,771 355,772 356,772 356,774 357,774 357,777 358,777 358,783 357,783 357,785 356,785 356,788 355,788 355,789 354,789 354,791 353,791 353,792 352,792 352,793 351,793 351,794 349,794 349,795 348,795 348,796 335,796 335,805 334,805 334,809 333,809 333,811 271,811 271,810 270,810 270,788 260,788 260,786 259,786 259,782 258,782 258,777 259,777 259,775 260,775 260,773 261,773 261,772 262,772 262,771 267,771 267,770 305,770 305,748 306,748 306,747 307,747 307,746"/>
					<TextEquiv>
						<Unicode>γὰρ</Unicode>
					</TextEquiv>
				</Word>
				<Word id="r79">
					<Coords points="530,746 530,747 531,747 531,768 562,768 562,769 563,769 563,770 564,770 564,786 575,786 575,787 576,787 576,788 577,788 577,789 578,789 578,796 577,796 577,798 576,798 576,799 575,799 575,801 574,801 574,802 572,802 572,803 569,803 569,804 567,804 567,803 566,803 566,797 486,797 486,796 413,796 413,795 412,795 412,794 410,794 410,793 409,793 409,791 408,791 408,785 409,785 409,782 410,782 410,779 411,779 411,778 412,778 412,776 413,776 413,775 414,775 414,774 415,774 415,773 416,773 416,772 417,772 417,771 418,771 418,770 420,770 420,769 433,769 433,768 456,768 456,748 458,748 458,747 528,747 528,746"/>
					<TextEquiv>
						<Unicode>αὐτόν,</Unicode>
					</TextEquiv>
				</Word>
				<Word id="r80">
					<Coords points="645,746 645,747 646,747 646,768 701,768 701,769 702,769 702,770 703,770 703,784 706,784 706,789 705,789 705,790 704,790 704,791 703,791 703,793 701,793 701,795 698,795 698,796 625,796 625,795 624,795 624,794 623,794 623,792 622,792 622,758 621,758 621,756 622,756 622,753 623,753 623,752 624,752 624,750 625,750 625,749 626,749 626,748 628,748 628,747 643,747 643,746"/>
					<TextEquiv>
						<Unicode>ἵνα</Unicode>
					</TextEquiv>
				</Word>
				<Word id="r81">
					<Coords points="802,745 802,746 803,746 803,748 804,748 804,750 805,750 805,755 806,755 806,756 807,756 807,757 808,757 808,760 809,760 809,764 810,764 810,770 814,770 814,771 816,771 816,772 817,772 817,775 818,775 818,781 817,781 817,785 816,785 816,789 815,789 815,792 814,792 814,794 813,794 813,797 812,797 812,801 811,801 811,805 810,805 810,807 809,807 809,809 808,809 808,810 804,810 804,809 748,809 748,808 747,808 747,805 748,805 748,802 749,802 749,798 750,798 750,795 751,795 751,792 752,792 752,790 753,790 753,786 754,786 754,782 755,782 755,778 756,778 756,776 757,776 757,771 758,771 758,769 760,769 760,768 796,768 796,747 797,747 797,746 798,746 798,745"/>
					<TextEquiv>
						<Unicode>μὴ</Unicode>
					</TextEquiv>
				</Word>
				<Word id="r82">
					<Coords points="998,745 998,746 999,746 999,747 1000,747 1000,768 1027,768 1027,769 1029,769 1029,771 1030,771 1030,772 1031,772 1031,781 1030,781 1030,784 1029,784 1029,786 1028,786 1028,789 1027,789 1027,794 1026,794 1026,798 1025,798 1025,803 1024,803 1024,805 1023,805 1023,807 1022,807 1022,808 1018,808 1018,807 1017,807 1017,796 868,796 868,795 865,795 865,794 864,794 864,793 862,793 862,792 861,792 861,791 860,791 860,789 859,789 859,780 860,780 860,778 861,778 861,776 862,776 862,775 863,775 863,774 864,774 864,750 865,750 865,748 867,748 867,747 873,747 873,748 876,748 876,749 877,749 877,750 878,750 878,751 879,751 879,752 881,752 881,753 882,753 882,754 883,754 883,756 884,756 884,758 885,758 885,768 987,768 987,760 988,760 988,757 989,757 989,754 990,754 990,752 991,752 991,750 992,750 992,749 993,749 993,747 994,747 994,746 996,746 996,745"/>
					<TextEquiv>
						<Unicode>δοκοίη</Unicode>
					</TextEquiv>
				</Word>
				<Word id="r83">
					<Coords points="1416,745 1418,745 1418,746 1419,746 1419,747 1420,747 1420,770 1455,770 1455,771 1491,771 1491,772 1492,772 1492,778 1491,778 1491,780 1490,780 1490,783 1489,783 1489,784 1488,784 1488,785 1487,785 1487,787 1486,787 1486,788 1485,788 1485,789 1483,789 1483,791 1481,791 1481,792 1480,792 1480,793 1479,793 1479,794 1477,794 1477,795 1475,795 1475,796 1473,796 1473,797 1471,797 1471,798 1468,798 1468,797 1311,797 1311,802 1310,802 1310,805 1309,805 1309,808 1308,808 1308,809 1307,809 1307,810 1304,810 1304,809 1303,809 1303,797 1160,797 1160,796 1115,796 1115,795 1073,795 1073,794 1072,794 1072,793 1073,793 1073,792 1074,792 1074,791 1078,791 1078,790 1079,790 1079,789 1080,789 1080,787 1081,787 1081,784 1082,784 1082,781 1083,781 1083,778 1084,778 1084,774 1085,774 1085,772 1086,772 1086,770 1087,770 1087,766 1088,766 1088,765 1089,765 1089,762 1090,762 1090,760 1091,760 1091,758 1092,758 1092,756 1093,756 1093,752 1094,752 1094,750 1097,750 1097,751 1098,751 1098,752 1099,752 1099,756 1100,756 1100,758 1101,758 1101,762 1102,762 1102,764 1103,764 1103,767 1104,767 1104,768 1224,768 1224,750 1225,750 1225,749 1226,749 1226,748 1227,748 1227,747 1229,747 1229,746 1231,746 1231,747 1234,747 1234,748 1236,748 1236,749 1237,749 1237,750 1239,750 1239,751 1240,751 1240,752 1241,752 1241,753 1242,753 1242,754 1243,754 1243,755 1244,755 1244,757 1245,757 1245,760 1246,760 1246,768 1407,768 1407,760 1408,760 1408,758 1409,758 1409,755 1410,755 1410,753 1411,753 1411,751 1412,751 1412,750 1413,750 1413,747 1414,747 1414,746 1416,746"/>
					<TextEquiv>
						<Unicode>Λακεδαιμονίων</Unicode>
					</TextEquiv>
				</Word>
				<Word id="r85">
					<Coords points="1556,748 1556,749 1558,749 1558,770 1576,770 1576,771 1677,771 1677,772 1678,772 1678,773 1679,773 1679,778 1678,778 1678,780 1677,780 1677,782 1676,782 1676,784 1675,784 1675,786 1674,786 1674,787 1673,787 1673,788 1672,788 1672,789 1671,789 1671,791 1668,791 1668,792 1667,792 1667,793 1666,793 1666,794 1665,794 1665,795 1663,795 1663,796 1661,796 1661,797 1658,797 1658,798 1610,798 1610,799 1609,799 1609,804 1608,804 1608,807 1607,807 1607,810 1606,810 1606,811 1605,811 1605,812 1604,812 1604,813 1560,813 1560,815 1556,815 1556,814 1555,814 1555,798 1542,798 1542,797 1538,797 1538,796 1537,796 1537,795 1536,795 1536,794 1535,794 1535,793 1534,793 1534,791 1533,791 1533,789 1532,789 1532,782 1533,782 1533,780 1534,780 1534,778 1535,778 1535,777 1536,777 1536,776 1537,776 1537,763 1538,763 1538,752 1539,752 1539,751 1540,751 1540,750 1552,750 1552,749 1554,749 1554,748"/>
					<TextEquiv>
						<Unicode>ἔργον</Unicode>
					</TextEquiv>
				</Word>
				<TextEquiv>
					<Unicode>γὰρ αὐτόν, ἵνα μὴ δοκοίη Λακεδαιμονίων ἔργον</Unicode>
				</TextEquiv>
			</TextLine>
			<TextLine id="r9">
				<Coords points="295,822 295,823 298,823 298,824 300,824 300,825 301,825 301,826 302,826 302,829 303,829 303,843 381,843 381,844 509,844 509,843 599,843 599,832 600,832 600,830 601,830 601,829 602,829 602,828 604,828 604,827 605,827 605,826 615,826 615,827 616,827 616,828 617,828 617,829 618,829 618,830 619,830 619,832 620,832 620,843 675,843 675,844 806,844 806,829 807,829 807,827 808,827 808,826 809,826 809,824 811,824 811,823 817,823 817,824 818,824 818,826 819,826 819,844 977,844 977,843 1039,843 1039,834 1040,834 1040,833 1041,833 1041,830 1042,830 1042,829 1043,829 1043,827 1044,827 1044,825 1045,825 1045,824 1047,824 1047,823 1049,823 1049,824 1050,824 1050,843 1110,843 1110,844 1191,844 1191,845 1297,845 1297,844 1356,844 1356,831 1357,831 1357,830 1358,830 1358,829 1359,829 1359,828 1360,828 1360,827 1362,827 1362,826 1370,826 1370,827 1371,827 1371,828 1373,828 1373,830 1374,830 1374,831 1476,831 1476,829 1477,829 1477,825 1478,825 1478,824 1479,824 1479,823 1484,823 1484,824 1488,824 1488,825 1490,825 1490,826 1491,826 1491,827 1492,827 1492,828 1493,828 1493,829 1494,829 1494,830 1495,830 1495,832 1497,832 1497,844 1637,844 1637,832 1638,832 1638,831 1639,831 1639,830 1640,830 1640,829 1642,829 1642,828 1651,828 1651,829 1652,829 1652,830 1654,830 1654,831 1655,831 1655,846 1674,846 1674,847 1676,847 1676,848 1677,848 1677,849 1679,849 1679,851 1680,851 1680,853 1679,853 1679,855 1678,855 1678,856 1675,856 1675,872 1674,872 1674,874 1673,874 1673,875 1672,875 1672,876 1670,876 1670,877 1665,877 1665,873 1548,873 1548,875 1547,875 1547,882 1546,882 1546,887 1545,887 1545,888 1543,888 1543,889 1543,888 1541,888 1541,886 1540,886 1540,873 1480,873 1480,872 1316,872 1316,874 1315,874 1315,880 1314,880 1314,883 1313,883 1313,885 1312,885 1312,887 1307,887 1307,873 1267,873 1267,872 1266,872 1266,871 1123,871 1123,872 1061,872 1061,875 1060,875 1060,881 1059,881 1059,885 1058,885 1058,886 1057,886 1057,887 1054,887 1054,886 1053,886 1053,871 952,871 952,872 942,872 942,876 941,876 941,883 940,883 940,888 939,888 939,889 937,889 937,890 936,890 936,889 934,889 934,872 727,872 727,873 726,873 726,875 725,875 725,876 724,876 724,877 722,877 722,878 721,878 721,879 719,879 719,880 717,880 717,879 715,879 715,872 606,872 606,873 604,873 604,872 473,872 473,871 360,871 360,872 269,872 269,871 265,871 265,870 264,870 264,869 262,869 262,867 261,867 261,866 260,866 260,865 259,865 259,858 260,858 260,854 261,854 261,853 262,853 262,851 263,851 263,850 264,850 264,848 266,848 266,847 267,847 267,846 269,846 269,845 271,845 271,844 283,844 283,829 284,829 284,826 285,826 285,825 286,825 286,824 287,824 287,823 292,823 292,822"/>
				<Word id="r86">
					<Coords points="295,822 295,823 298,823 298,824 300,824 300,825 301,825 301,826 302,826 302,829 303,829 303,843 381,843 381,844 384,844 384,860 388,860 388,862 387,862 387,864 386,864 386,866 385,866 385,867 384,867 384,868 383,868 383,869 381,869 381,870 379,870 379,871 360,871 360,872 269,872 269,871 265,871 265,870 264,870 264,869 262,869 262,867 261,867 261,866 260,866 260,865 259,865 259,858 260,858 260,854 261,854 261,853 262,853 262,851 263,851 263,850 264,850 264,848 266,848 266,847 267,847 267,846 269,846 269,845 271,845 271,844 283,844 283,829 284,829 284,826 285,826 285,825 286,825 286,824 287,824 287,823 292,823 292,822"/>
					<TextEquiv>
						<Unicode>εἶναι</Unicode>
					</TextEquiv>
				</Word>
				<Word id="r87">
					<Coords points="615,826 615,827 616,827 616,828 617,828 617,829 618,829 618,830 619,830 619,832 620,832 620,843 675,843 675,844 713,844 713,845 714,845 714,846 715,846 715,862 724,862 724,863 725,863 725,864 726,864 726,865 727,865 727,873 726,873 726,875 725,875 725,876 724,876 724,877 722,877 722,878 721,878 721,879 719,879 719,880 717,880 717,879 715,879 715,872 606,872 606,873 604,873 604,872 473,872 473,871 471,871 471,856 464,856 464,855 463,855 463,853 462,853 462,850 463,850 463,848 464,848 464,847 465,847 465,846 466,846 466,845 468,845 468,844 509,844 509,843 599,843 599,832 600,832 600,830 601,830 601,829 602,829 602,828 604,828 604,827 605,827 605,826"/>
					<TextEquiv>
						<Unicode>τοσοῦτον,</Unicode>
					</TextEquiv>
				</Word>
				<Word id="r88">
					<Coords points="817,823 817,824 818,824 818,826 819,826 819,844 977,844 977,843 1039,843 1039,834 1040,834 1040,833 1041,833 1041,830 1042,830 1042,829 1043,829 1043,827 1044,827 1044,825 1045,825 1045,824 1047,824 1047,823 1049,823 1049,824 1050,824 1050,843 1110,843 1110,844 1191,844 1191,859 1194,859 1194,860 1195,860 1195,863 1194,863 1194,865 1193,865 1193,866 1192,866 1192,867 1191,867 1191,869 1190,869 1190,870 1188,870 1188,871 1123,871 1123,872 1061,872 1061,875 1060,875 1060,881 1059,881 1059,885 1058,885 1058,886 1057,886 1057,887 1054,887 1054,886 1053,886 1053,871 952,871 952,872 942,872 942,876 941,876 941,883 940,883 940,888 939,888 939,889 937,889 937,890 936,890 936,889 934,889 934,872 806,872 806,871 803,871 803,870 802,870 802,869 801,869 801,868 800,868 800,866 799,866 799,850 797,850 797,848 798,848 798,846 800,846 800,845 806,845 806,829 807,829 807,827 808,827 808,826 809,826 809,824 811,824 811,823"/>
					<TextEquiv>
						<Unicode>ὑποκρινάμενοι</Unicode>
					</TextEquiv>
				</Word>
				<Word id="r89">
					<Coords points="1370,826 1370,827 1371,827 1371,828 1373,828 1373,830 1374,830 1374,831 1375,831 1375,834 1376,834 1376,845 1409,845 1409,846 1410,846 1410,848 1411,848 1411,849 1410,849 1410,853 1409,853 1409,856 1408,856 1408,857 1407,857 1407,859 1405,859 1405,861 1404,861 1404,862 1403,862 1403,863 1402,863 1402,864 1401,864 1401,866 1399,866 1399,867 1397,867 1397,868 1396,868 1396,869 1395,869 1395,870 1393,870 1393,871 1390,871 1390,872 1316,872 1316,874 1315,874 1315,880 1314,880 1314,883 1313,883 1313,885 1312,885 1312,887 1307,887 1307,873 1267,873 1267,872 1266,872 1266,871 1265,871 1265,869 1264,869 1264,856 1257,856 1257,855 1256,855 1256,852 1255,852 1255,851 1256,851 1256,848 1257,848 1257,846 1258,846 1258,845 1297,845 1297,844 1356,844 1356,831 1357,831 1357,830 1358,830 1358,829 1359,829 1359,828 1360,828 1360,827 1362,827 1362,826"/>
					<TextEquiv>
						<Unicode>τιμᾶν</Unicode>
					</TextEquiv>
				</Word>
				<Word id="r90">
					<Coords points="1484,823 1484,824 1488,824 1488,825 1490,825 1490,826 1491,826 1491,827 1492,827 1492,828 1493,828 1493,829 1494,829 1494,830 1495,830 1495,832 1497,832 1497,844 1637,844 1637,832 1638,832 1638,831 1639,831 1639,830 1640,830 1640,829 1642,829 1642,828 1651,828 1651,829 1652,829 1652,830 1654,830 1654,831 1655,831 1655,846 1674,846 1674,847 1676,847 1676,848 1677,848 1677,849 1679,849 1679,851 1680,851 1680,853 1679,853 1679,855 1678,855 1678,856 1675,856 1675,872 1674,872 1674,874 1673,874 1673,875 1672,875 1672,876 1670,876 1670,877 1665,877 1665,873 1548,873 1548,875 1547,875 1547,882 1546,882 1546,887 1545,887 1545,888 1543,888 1543,889 1543,888 1541,888 1541,886 1540,886 1540,873 1480,873 1480,872 1478,872 1478,871 1476,871 1476,870 1475,870 1475,869 1474,869 1474,868 1473,868 1473,867 1472,867 1472,865 1471,865 1471,856 1472,856 1472,855 1473,855 1473,853 1474,853 1474,852 1475,852 1475,851 1476,851 1476,829 1477,829 1477,825 1478,825 1478,824 1479,824 1479,823"/>
					<TextEquiv>
						<Unicode>δωρεαῖς</Unicode>
					</TextEquiv>
				</Word>
				<TextEquiv>
					<Unicode>εἶναι τοσοῦτον, ὑποκρινάμενοι τιμᾶν δωρεαῖς</Unicode>
				</TextEquiv>
			</TextLine>
			<TextLine id="r10">
				<Coords points="589,897 589,898 590,898 590,899 591,899 591,901 592,901 592,902 593,902 593,907 594,907 594,909 595,909 595,911 596,911 596,913 597,913 597,919 785,919 785,909 786,909 786,908 787,908 787,904 788,904 788,902 789,902 789,900 790,900 790,899 791,899 791,898 792,898 792,897 795,897 795,898 796,898 796,899 797,899 797,919 1003,919 1003,900 1005,900 1005,899 1008,899 1008,898 1065,898 1065,899 1066,899 1066,900 1067,900 1067,901 1068,901 1068,904 1069,904 1069,907 1070,907 1070,909 1071,909 1071,912 1072,912 1072,914 1073,914 1073,919 1211,919 1211,910 1212,910 1212,908 1213,908 1213,906 1214,906 1214,904 1215,904 1215,902 1216,902 1216,901 1217,901 1217,900 1219,900 1219,902 1220,902 1220,919 1245,919 1245,920 1364,920 1364,902 1365,902 1365,901 1366,901 1366,900 1372,900 1372,901 1452,901 1452,902 1453,902 1453,906 1454,906 1454,908 1455,908 1455,912 1456,912 1456,916 1457,916 1457,919 1458,919 1458,920 1579,920 1579,902 1580,902 1580,900 1582,900 1582,899 1656,899 1656,898 1659,898 1659,899 1660,899 1660,900 1661,900 1661,929 1677,929 1677,930 1678,930 1678,931 1679,931 1679,933 1678,933 1678,934 1677,934 1677,935 1658,935 1658,940 1657,940 1657,942 1656,942 1656,943 1655,943 1655,945 1654,945 1654,946 1653,946 1653,947 1652,947 1652,948 1650,948 1650,949 1514,949 1514,948 1394,948 1394,949 1393,949 1393,950 1392,950 1392,951 1385,951 1385,950 1384,950 1384,949 1362,949 1362,948 1231,948 1231,956 1230,956 1230,962 1228,962 1228,963 1227,963 1227,962 1139,962 1139,961 1138,961 1138,948 1118,948 1118,947 1004,947 1004,948 848,948 848,949 805,949 805,952 804,952 804,955 803,955 803,960 800,960 800,959 798,959 798,948 783,948 783,947 677,947 677,948 676,948 676,953 675,953 675,959 674,959 674,963 673,963 673,964 669,964 669,963 668,963 668,947 556,947 556,948 481,948 481,949 480,949 480,950 478,950 478,951 477,951 477,952 472,952 472,951 471,951 471,947 270,947 270,948 269,948 269,947 266,947 266,946 265,946 265,932 260,932 260,931 259,931 259,924 260,924 260,923 261,923 261,922 262,922 262,921 264,921 264,920 292,920 292,919 332,919 332,906 333,906 333,905 447,905 447,904 449,904 449,903 450,903 450,902 453,902 453,901 459,901 459,902 461,902 461,903 462,903 462,904 463,904 463,907 464,907 464,919 584,919 584,898 585,898 585,897"/>
				<Word id="r91">
					<Coords points="459,901 459,902 461,902 461,903 462,903 462,904 463,904 463,907 464,907 464,920 481,920 481,921 484,921 484,922 485,922 485,923 486,923 486,924 487,924 487,927 488,927 488,928 487,928 487,930 485,930 485,931 483,931 483,945 482,945 482,948 481,948 481,949 480,949 480,950 478,950 478,951 477,951 477,952 472,952 472,951 471,951 471,947 270,947 270,948 269,948 269,947 266,947 266,946 265,946 265,932 260,932 260,931 259,931 259,924 260,924 260,923 261,923 261,922 262,922 262,921 264,921 264,920 292,920 292,919 332,919 332,906 333,906 333,905 447,905 447,904 449,904 449,903 450,903 450,902 453,902 453,901"/>
					<TextEquiv>
						<Unicode>πολλαῖς</Unicode>
					</TextEquiv>
				</Word>
				<Word id="r92">
					<Coords points="589,897 589,898 590,898 590,899 591,899 591,901 592,901 592,902 593,902 593,907 594,907 594,909 595,909 595,911 596,911 596,913 597,913 597,934 600,934 600,936 601,936 601,938 600,938 600,939 599,939 599,942 598,942 598,943 597,943 597,944 596,944 596,945 595,945 595,946 594,946 594,947 556,947 556,948 516,948 516,947 515,947 515,944 516,944 516,942 517,942 517,938 518,938 518,935 519,935 519,933 520,933 520,930 521,930 521,926 522,926 522,923 523,923 523,922 524,922 524,921 558,921 558,920 562,920 562,919 584,919 584,898 585,898 585,897"/>
					<TextEquiv>
						<Unicode>καὶ</Unicode>
					</TextEquiv>
				</Word>
				<Word id="r93">
					<Coords points="795,897 795,898 796,898 796,899 797,899 797,919 921,919 921,920 955,920 955,922 956,922 956,926 955,926 955,929 954,929 954,932 953,932 953,934 952,934 952,935 951,935 951,937 950,937 950,938 949,938 949,939 948,939 948,940 947,940 947,941 945,941 945,942 944,942 944,943 943,943 943,944 941,944 941,945 940,945 940,946 938,946 938,947 935,947 935,948 848,948 848,949 805,949 805,952 804,952 804,955 803,955 803,960 800,960 800,959 798,959 798,948 783,948 783,947 677,947 677,948 676,948 676,953 675,953 675,959 674,959 674,963 673,963 673,964 669,964 669,963 668,963 668,947 632,947 632,946 631,946 631,932 626,932 626,930 625,930 625,926 626,926 626,924 627,924 627,922 628,922 628,921 634,921 634,920 685,920 685,919 785,919 785,909 786,909 786,908 787,908 787,904 788,904 788,902 789,902 789,900 790,900 790,899 791,899 791,898 792,898 792,897"/>
					<TextEquiv>
						<Unicode>προπέμπειν</Unicode>
					</TextEquiv>
				</Word>
				<Word id="r94">
					<Coords points="1065,898 1065,899 1066,899 1066,900 1067,900 1067,901 1068,901 1068,904 1069,904 1069,907 1070,907 1070,909 1071,909 1071,912 1072,912 1072,914 1073,914 1073,936 1077,936 1077,938 1076,938 1076,940 1075,940 1075,942 1074,942 1074,943 1073,943 1073,944 1072,944 1072,945 1071,945 1071,946 1069,946 1069,947 1004,947 1004,948 1002,948 1002,947 997,947 997,946 996,946 996,945 994,945 994,944 993,944 993,943 992,943 992,941 991,941 991,939 990,939 990,933 991,933 991,931 992,931 992,928 993,928 993,927 994,927 994,926 995,926 995,925 996,925 996,923 998,923 998,922 1001,922 1001,921 1003,921 1003,900 1005,900 1005,899 1008,899 1008,898"/>
					<TextEquiv>
						<Unicode>ἐπὶ</Unicode>
					</TextEquiv>
				</Word>
				<Word id="r95">
					<Coords points="1219,900 1219,902 1220,902 1220,919 1245,919 1245,920 1326,920 1326,921 1327,921 1327,926 1326,926 1326,928 1325,928 1325,930 1324,930 1324,932 1323,932 1323,935 1322,935 1322,936 1321,936 1321,937 1320,937 1320,938 1319,938 1319,939 1318,939 1318,940 1317,940 1317,941 1315,941 1315,942 1314,942 1314,943 1313,943 1313,944 1312,944 1312,945 1310,945 1310,946 1308,946 1308,947 1305,947 1305,948 1231,948 1231,956 1230,956 1230,962 1228,962 1228,963 1227,963 1227,962 1139,962 1139,961 1138,961 1138,948 1118,948 1118,947 1117,947 1117,946 1116,946 1116,932 1110,932 1110,931 1108,931 1108,930 1107,930 1107,926 1108,926 1108,924 1109,924 1109,922 1111,922 1111,921 1114,921 1114,920 1157,920 1157,919 1211,919 1211,910 1212,910 1212,908 1213,908 1213,906 1214,906 1214,904 1215,904 1215,902 1216,902 1216,901 1217,901 1217,900"/>
					<TextEquiv>
						<Unicode>τριήρων</Unicode>
					</TextEquiv>
				</Word>
				<Word id="r96">
					<Coords points="1372,900 1372,901 1373,901 1373,902 1374,902 1374,903 1375,903 1375,904 1376,904 1376,920 1392,920 1392,921 1395,921 1395,922 1398,922 1398,923 1399,923 1399,925 1400,925 1400,927 1401,927 1401,928 1400,928 1400,930 1396,930 1396,946 1395,946 1395,947 1394,947 1394,949 1393,949 1393,950 1392,950 1392,951 1385,951 1385,950 1384,950 1384,949 1362,949 1362,948 1360,948 1360,947 1359,947 1359,946 1357,946 1357,945 1355,945 1355,943 1354,943 1354,942 1353,942 1353,939 1352,939 1352,936 1353,936 1353,932 1354,932 1354,930 1355,930 1355,928 1356,928 1356,926 1358,926 1358,924 1360,924 1360,923 1361,923 1361,922 1364,922 1364,902 1365,902 1365,901 1366,901 1366,900"/>
					<TextEquiv>
						<Unicode>ἐς</Unicode>
					</TextEquiv>
				</Word>
				<Word id="r97">
					<Coords points="1659,898 1659,899 1660,899 1660,900 1661,900 1661,929 1677,929 1677,930 1678,930 1678,931 1679,931 1679,933 1678,933 1678,934 1677,934 1677,935 1658,935 1658,940 1657,940 1657,942 1656,942 1656,943 1655,943 1655,945 1654,945 1654,946 1653,946 1653,947 1652,947 1652,948 1650,948 1650,949 1514,949 1514,948 1468,948 1468,947 1427,947 1427,946 1426,946 1426,944 1429,944 1429,943 1432,943 1432,942 1434,942 1434,940 1435,940 1435,937 1436,937 1436,935 1437,935 1437,933 1439,933 1439,926 1440,926 1440,922 1441,922 1441,919 1442,919 1442,917 1443,917 1443,915 1444,915 1444,914 1445,914 1445,910 1446,910 1446,908 1447,908 1447,904 1448,904 1448,902 1450,902 1450,901 1452,901 1452,902 1453,902 1453,906 1454,906 1454,908 1455,908 1455,912 1456,912 1456,916 1457,916 1457,919 1458,919 1458,920 1579,920 1579,902 1580,902 1580,900 1582,900 1582,899 1656,899 1656,898"/>
					<TextEquiv>
						<Unicode>Λακεδαί-</Unicode>
					</TextEquiv>
				</Word>
				<TextEquiv>
					<Unicode>πολλαῖς καὶ προπέμπειν ἐπὶ τριήρων ἐς Λακεδαί-</Unicode>
				</TextEquiv>
			</TextLine>
			<TextLine id="r11">
				<Coords points="1163,972 1163,973 1164,973 1164,974 1165,974 1165,982 1173,982 1173,983 1176,983 1176,984 1178,984 1178,985 1179,985 1179,987 1180,987 1180,988 1181,988 1181,990 1182,990 1182,991 1183,991 1183,992 1184,992 1184,995 1321,995 1321,996 1444,996 1444,995 1498,995 1498,977 1499,977 1499,976 1500,976 1500,975 1503,975 1503,976 1504,976 1504,977 1505,977 1505,980 1506,980 1506,982 1507,982 1507,986 1508,986 1508,987 1509,987 1509,989 1510,989 1510,991 1511,991 1511,996 1515,996 1515,998 1622,998 1622,997 1625,997 1625,982 1626,982 1626,981 1627,981 1627,980 1628,980 1628,979 1629,979 1629,978 1635,978 1635,977 1636,977 1636,978 1638,978 1638,979 1639,979 1639,980 1641,980 1641,981 1642,981 1642,982 1643,982 1643,996 1679,996 1679,997 1680,997 1680,998 1681,998 1681,1002 1680,1002 1680,1004 1679,1004 1679,1007 1678,1007 1678,1009 1677,1009 1677,1011 1676,1011 1676,1012 1675,1012 1675,1013 1674,1013 1674,1015 1673,1015 1673,1016 1671,1016 1671,1017 1667,1017 1667,1020 1666,1020 1666,1021 1664,1021 1664,1022 1663,1022 1663,1023 1659,1023 1659,1024 1594,1024 1594,1025 1591,1025 1591,1024 1590,1024 1590,1023 1397,1023 1397,1026 1396,1026 1396,1031 1395,1031 1395,1034 1394,1034 1394,1036 1392,1036 1392,1037 1391,1037 1391,1036 1390,1036 1390,1022 1246,1022 1246,1023 941,1023 941,1025 940,1025 940,1026 939,1026 939,1027 870,1027 870,1034 869,1034 869,1036 868,1036 868,1037 867,1037 867,1039 865,1039 865,1040 863,1040 863,1041 834,1041 834,1040 731,1040 731,1039 644,1039 644,1027 549,1027 549,1026 548,1026 548,1023 405,1023 405,1025 404,1025 404,1027 403,1027 403,1028 402,1028 402,1029 401,1029 401,1030 398,1030 398,1031 394,1031 394,1024 267,1024 267,1025 266,1025 266,1028 265,1028 265,1033 264,1033 264,1035 263,1035 263,1036 261,1036 261,1037 260,1037 260,1036 258,1036 258,1032 259,1032 259,1027 260,1027 260,1024 261,1024 261,1021 262,1021 262,1019 263,1019 263,1015 264,1015 264,1012 265,1012 265,1007 266,1007 266,1003 267,1003 267,1000 268,1000 268,998 269,998 269,996 270,996 270,995 384,995 384,996 502,996 502,995 521,995 521,984 522,984 522,982 523,982 523,981 524,981 524,979 526,979 526,978 528,978 528,977 533,977 533,978 536,978 536,979 537,979 537,980 538,980 538,981 539,981 539,982 540,982 540,983 541,983 541,995 556,995 556,996 687,996 687,995 784,995 784,988 785,988 785,984 786,984 786,983 787,983 787,981 788,981 788,980 789,980 789,977 790,977 790,976 792,976 792,974 796,974 796,975 797,975 797,994 869,994 869,995 1020,995 1020,977 1021,977 1021,975 1022,975 1022,974 1025,974 1025,975 1027,975 1027,976 1028,976 1028,977 1029,977 1029,979 1030,979 1030,981 1031,981 1031,995 1152,995 1152,987 1153,987 1153,984 1154,984 1154,982 1155,982 1155,979 1156,979 1156,977 1157,977 1157,975 1158,975 1158,973 1160,973 1160,972"/>
				<Word id="r98">
					<Coords points="384,995 384,996 386,996 386,1012 390,1012 390,1014 403,1014 403,1015 404,1015 404,1016 405,1016 405,1018 406,1018 406,1023 405,1023 405,1025 404,1025 404,1027 403,1027 403,1028 402,1028 402,1029 401,1029 401,1030 398,1030 398,1031 394,1031 394,1024 267,1024 267,1025 266,1025 266,1028 265,1028 265,1033 264,1033 264,1035 263,1035 263,1036 261,1036 261,1037 260,1037 260,1036 258,1036 258,1032 259,1032 259,1027 260,1027 260,1024 261,1024 261,1021 262,1021 262,1019 263,1019 263,1015 264,1015 264,1012 265,1012 265,1007 266,1007 266,1003 267,1003 267,1000 268,1000 268,998 269,998 269,996 270,996 270,995"/>
					<TextEquiv>
						<Unicode>μονα,</Unicode>
					</TextEquiv>
				</Word>
				<Word id="r99">
					<Coords points="533,977 533,978 536,978 536,979 537,979 537,980 538,980 538,981 539,981 539,982 540,982 540,983 541,983 541,995 556,995 556,996 559,996 559,997 561,997 561,998 562,998 562,1000 563,1000 563,1002 564,1002 564,1003 563,1003 563,1004 562,1004 562,1005 561,1005 561,1006 559,1006 559,1021 558,1021 558,1023 557,1023 557,1025 555,1025 555,1026 553,1026 553,1027 549,1027 549,1026 548,1026 548,1023 467,1023 467,1022 466,1022 466,1019 465,1019 465,1007 458,1007 458,1004 457,1004 457,1000 458,1000 458,998 459,998 459,997 460,997 460,996 502,996 502,995 521,995 521,984 522,984 522,982 523,982 523,981 524,981 524,979 526,979 526,978 528,978 528,977"/>
					<TextEquiv>
						<Unicode>τοῖς</Unicode>
					</TextEquiv>
				</Word>
				<Word id="r100">
					<Coords points="796,974 796,975 797,975 797,994 869,994 869,995 939,995 939,996 943,996 943,997 945,997 945,998 946,998 946,1000 947,1000 947,1001 948,1001 948,1004 947,1004 947,1005 946,1005 946,1006 943,1006 943,1022 942,1022 942,1023 941,1023 941,1025 940,1025 940,1026 939,1026 939,1027 870,1027 870,1034 869,1034 869,1036 868,1036 868,1037 867,1037 867,1039 865,1039 865,1040 863,1040 863,1041 834,1041 834,1040 731,1040 731,1039 644,1039 644,1023 621,1023 621,1021 620,1021 620,1007 613,1007 613,1005 612,1005 612,1000 613,1000 613,998 615,998 615,997 616,997 616,996 687,996 687,995 784,995 784,988 785,988 785,984 786,984 786,983 787,983 787,981 788,981 788,980 789,980 789,977 790,977 790,976 792,976 792,974"/>
					<TextEquiv>
						<Unicode>τριηράρχοις</Unicode>
					</TextEquiv>
				</Word>
				<Word id="r101">
					<Coords points="1163,972 1163,973 1164,973 1164,974 1165,974 1165,982 1173,982 1173,983 1176,983 1176,984 1178,984 1178,985 1179,985 1179,987 1180,987 1180,988 1181,988 1181,990 1182,990 1182,991 1183,991 1183,992 1184,992 1184,995 1321,995 1321,996 1324,996 1324,997 1325,997 1325,998 1326,998 1326,999 1327,999 1327,1000 1328,1000 1328,1003 1329,1003 1329,1010 1328,1010 1328,1013 1327,1013 1327,1016 1325,1016 1325,1017 1324,1017 1324,1018 1323,1018 1323,1019 1322,1019 1322,1020 1320,1020 1320,1021 1318,1021 1318,1022 1246,1022 1246,1023 1015,1023 1015,1022 1013,1022 1013,1021 1011,1021 1011,1020 1010,1020 1010,1019 1009,1019 1009,1017 1008,1017 1008,1015 1007,1015 1007,1008 1008,1008 1008,1005 1009,1005 1009,1003 1010,1003 1010,1002 1011,1002 1011,1001 1012,1001 1012,1000 1013,1000 1013,999 1014,999 1014,998 1015,998 1015,997 1018,997 1018,996 1020,996 1020,977 1021,977 1021,975 1022,975 1022,974 1025,974 1025,975 1027,975 1027,976 1028,976 1028,977 1029,977 1029,979 1030,979 1030,981 1031,981 1031,995 1152,995 1152,987 1153,987 1153,984 1154,984 1154,982 1155,982 1155,979 1156,979 1156,977 1157,977 1157,975 1158,975 1158,973 1160,973 1160,972"/>
					<TextEquiv>
						<Unicode>ἐνετείλαντο</Unicode>
					</TextEquiv>
				</Word>
				<Word id="r102">
					<Coords points="1503,975 1503,976 1504,976 1504,977 1505,977 1505,980 1506,980 1506,982 1507,982 1507,986 1508,986 1508,987 1509,987 1509,989 1510,989 1510,991 1511,991 1511,996 1515,996 1515,1016 1517,1016 1517,1019 1516,1019 1516,1020 1515,1020 1515,1021 1514,1021 1514,1022 1512,1022 1512,1023 1397,1023 1397,1026 1396,1026 1396,1031 1395,1031 1395,1034 1394,1034 1394,1036 1392,1036 1392,1037 1391,1037 1391,1036 1390,1036 1390,1028 1391,1028 1391,1025 1392,1025 1392,1022 1393,1022 1393,1020 1394,1020 1394,1018 1395,1018 1395,1012 1396,1012 1396,1008 1397,1008 1397,1005 1398,1005 1398,1002 1399,1002 1399,1000 1400,1000 1400,997 1401,997 1401,996 1444,996 1444,995 1498,995 1498,977 1499,977 1499,976 1500,976 1500,975"/>
					<TextEquiv>
						<Unicode>μετὰ</Unicode>
					</TextEquiv>
				</Word>
				<Word id="r103">
					<Coords points="1636,977 1636,978 1638,978 1638,979 1639,979 1639,980 1641,980 1641,981 1642,981 1642,982 1643,982 1643,996 1679,996 1679,997 1680,997 1680,998 1681,998 1681,1002 1680,1002 1680,1004 1679,1004 1679,1007 1678,1007 1678,1009 1677,1009 1677,1011 1676,1011 1676,1012 1675,1012 1675,1013 1674,1013 1674,1015 1673,1015 1673,1016 1671,1016 1671,1017 1667,1017 1667,1020 1666,1020 1666,1021 1664,1021 1664,1022 1663,1022 1663,1023 1659,1023 1659,1024 1594,1024 1594,1025 1591,1025 1591,1024 1590,1024 1590,1023 1589,1023 1589,1008 1581,1008 1581,1006 1580,1006 1580,1002 1581,1002 1581,1000 1582,1000 1582,999 1584,999 1584,998 1622,998 1622,997 1625,997 1625,982 1626,982 1626,981 1627,981 1627,980 1628,980 1628,979 1629,979 1629,978 1635,978 1635,977"/>
					<TextEquiv>
						<Unicode>τῶν</Unicode>
					</TextEquiv>
				</Word>
				<TextEquiv>
					<Unicode>μονα, τοῖς τριηράρχοις ἐνετείλαντο μετὰ τῶν</Unicode>
				</TextEquiv>
			</TextLine>
			<TextLine id="r12">
				<Coords points="1266,1047 1266,1048 1267,1048 1267,1049 1268,1049 1268,1069 1358,1069 1358,1070 1359,1070 1359,1073 1462,1073 1462,1072 1464,1072 1464,1071 1466,1071 1466,1051 1467,1051 1467,1049 1468,1049 1468,1048 1469,1048 1469,1047 1475,1047 1475,1048 1476,1048 1476,1049 1629,1049 1629,1048 1634,1048 1634,1049 1664,1049 1664,1050 1665,1050 1665,1052 1666,1052 1666,1054 1667,1054 1667,1058 1668,1058 1668,1060 1669,1060 1669,1062 1670,1062 1670,1065 1671,1065 1671,1073 1675,1073 1675,1074 1677,1074 1677,1075 1678,1075 1678,1076 1679,1076 1679,1080 1680,1080 1680,1084 1679,1084 1679,1088 1678,1088 1678,1090 1677,1090 1677,1093 1676,1093 1676,1097 1675,1097 1675,1101 1674,1101 1674,1104 1673,1104 1673,1109 1672,1109 1672,1110 1671,1110 1671,1112 1667,1112 1667,1099 1510,1099 1510,1100 1509,1100 1509,1104 1508,1104 1508,1106 1507,1106 1507,1109 1506,1109 1506,1110 1505,1110 1505,1111 1503,1111 1503,1110 1502,1110 1502,1099 1464,1099 1464,1098 1015,1098 1015,1097 911,1097 911,1098 837,1098 837,1099 835,1099 835,1098 729,1098 729,1099 728,1099 728,1098 511,1098 511,1099 509,1099 509,1098 396,1098 396,1099 395,1099 395,1100 337,1100 337,1105 336,1105 336,1107 335,1107 335,1110 334,1110 334,1111 331,1111 331,1110 330,1110 330,1098 268,1098 268,1097 266,1097 266,1096 264,1096 264,1095 263,1095 263,1094 262,1094 262,1092 261,1092 261,1089 260,1089 260,1086 261,1086 261,1082 262,1082 262,1081 263,1081 263,1080 264,1080 264,1078 265,1078 265,1077 266,1077 266,1076 268,1076 268,1075 269,1075 269,1074 271,1074 271,1073 275,1073 275,1072 282,1072 282,1071 306,1071 306,1070 412,1070 412,1058 413,1058 413,1057 414,1057 414,1056 493,1056 493,1054 494,1054 494,1051 495,1051 495,1050 496,1050 496,1049 500,1049 500,1050 501,1050 501,1070 686,1070 686,1068 687,1068 687,1065 688,1065 688,1063 689,1063 689,1060 690,1060 690,1057 691,1057 691,1054 692,1054 692,1052 693,1052 693,1051 695,1051 695,1053 697,1053 697,1056 698,1056 698,1060 699,1060 699,1064 700,1064 700,1066 701,1066 701,1069 702,1069 702,1071 811,1071 811,1062 812,1062 812,1059 813,1059 813,1057 814,1057 814,1055 815,1055 815,1053 816,1053 816,1051 817,1051 817,1050 818,1050 818,1049 819,1049 819,1048 821,1048 821,1049 822,1049 822,1051 823,1051 823,1070 986,1070 986,1069 988,1069 988,1070 1256,1070 1256,1061 1257,1061 1257,1060 1258,1060 1258,1059 1259,1059 1259,1056 1260,1056 1260,1054 1261,1054 1261,1051 1262,1051 1262,1048 1264,1048 1264,1047"/>
				<Word id="r104">
					<Coords points="500,1049 500,1050 501,1050 501,1070 636,1070 636,1072 637,1072 637,1079 636,1079 636,1081 635,1081 635,1082 634,1082 634,1084 633,1084 633,1086 632,1086 632,1087 631,1087 631,1088 630,1088 630,1089 629,1089 629,1090 628,1090 628,1091 626,1091 626,1092 625,1092 625,1093 624,1093 624,1094 623,1094 623,1095 621,1095 621,1096 618,1096 618,1097 616,1097 616,1098 511,1098 511,1099 509,1099 509,1098 396,1098 396,1099 395,1099 395,1100 337,1100 337,1105 336,1105 336,1107 335,1107 335,1110 334,1110 334,1111 331,1111 331,1110 330,1110 330,1098 268,1098 268,1097 266,1097 266,1096 264,1096 264,1095 263,1095 263,1094 262,1094 262,1092 261,1092 261,1089 260,1089 260,1086 261,1086 261,1082 262,1082 262,1081 263,1081 263,1080 264,1080 264,1078 265,1078 265,1077 266,1077 266,1076 268,1076 268,1075 269,1075 269,1074 271,1074 271,1073 275,1073 275,1072 282,1072 282,1071 306,1071 306,1070 412,1070 412,1058 413,1058 413,1057 414,1057 414,1056 493,1056 493,1054 494,1054 494,1051 495,1051 495,1050 496,1050 496,1049"/>
					<TextEquiv>
						<Unicode>συμπλεόντων</Unicode>
					</TextEquiv>
				</Word>
				<Word id="r105">
					<Coords points="821,1048 821,1049 822,1049 822,1051 823,1051 823,1070 930,1070 930,1071 931,1071 931,1073 932,1073 932,1077 931,1077 931,1081 930,1081 930,1082 929,1082 929,1083 928,1083 928,1084 927,1084 927,1087 925,1087 925,1089 924,1089 924,1090 923,1090 923,1091 922,1091 922,1092 921,1092 921,1093 919,1093 919,1094 918,1094 918,1095 916,1095 916,1096 914,1096 914,1097 911,1097 911,1098 837,1098 837,1099 835,1099 835,1098 729,1098 729,1099 728,1099 728,1098 672,1098 672,1097 671,1097 671,1096 670,1096 670,1095 671,1095 671,1094 673,1094 673,1093 676,1093 676,1092 677,1092 677,1091 678,1091 678,1088 679,1088 679,1087 680,1087 680,1084 681,1084 681,1081 682,1081 682,1078 683,1078 683,1075 684,1075 684,1072 685,1072 685,1070 686,1070 686,1068 687,1068 687,1065 688,1065 688,1063 689,1063 689,1060 690,1060 690,1057 691,1057 691,1054 692,1054 692,1052 693,1052 693,1051 695,1051 695,1053 697,1053 697,1056 698,1056 698,1060 699,1060 699,1064 700,1064 700,1066 701,1066 701,1069 702,1069 702,1071 811,1071 811,1062 812,1062 812,1059 813,1059 813,1057 814,1057 814,1055 815,1055 815,1053 816,1053 816,1051 817,1051 817,1050 818,1050 818,1049 819,1049 819,1048"/>
					<TextEquiv>
						<Unicode>Λακώνων</Unicode>
					</TextEquiv>
				</Word>
				<Word id="r106">
					<Coords points="1266,1047 1266,1048 1267,1048 1267,1049 1268,1049 1268,1069 1358,1069 1358,1070 1359,1070 1359,1085 1360,1085 1360,1086 1362,1086 1362,1087 1374,1087 1374,1088 1376,1088 1376,1090 1377,1090 1377,1094 1376,1094 1376,1095 1375,1095 1375,1097 1374,1097 1374,1098 1015,1098 1015,1097 977,1097 977,1096 976,1096 976,1093 977,1093 977,1090 978,1090 978,1088 979,1088 979,1085 980,1085 980,1084 981,1084 981,1078 982,1078 982,1076 983,1076 983,1073 984,1073 984,1071 985,1071 985,1070 986,1070 986,1069 988,1069 988,1070 1256,1070 1256,1061 1257,1061 1257,1060 1258,1060 1258,1059 1259,1059 1259,1056 1260,1056 1260,1054 1261,1054 1261,1051 1262,1051 1262,1048 1264,1048 1264,1047"/>
					<TextEquiv>
						<Unicode>καταποντίσαι.</Unicode>
					</TextEquiv>
				</Word>
				<Word id="r107">
					<Coords points="1475,1047 1475,1048 1476,1048 1476,1050 1477,1050 1477,1089 1476,1089 1476,1091 1475,1091 1475,1093 1474,1093 1474,1094 1473,1094 1473,1095 1471,1095 1471,1097 1469,1097 1469,1098 1464,1098 1464,1099 1464,1098 1459,1098 1459,1097 1458,1097 1458,1096 1456,1096 1456,1094 1455,1094 1455,1092 1454,1092 1454,1090 1453,1090 1453,1084 1454,1084 1454,1081 1455,1081 1455,1078 1456,1078 1456,1077 1457,1077 1457,1076 1458,1076 1458,1075 1459,1075 1459,1074 1460,1074 1460,1073 1462,1073 1462,1072 1464,1072 1464,1071 1466,1071 1466,1051 1467,1051 1467,1049 1468,1049 1468,1048 1469,1048 1469,1047"/>
					<TextEquiv>
						<Unicode>ὁ</Unicode>
					</TextEquiv>
				</Word>
				<Word id="r108">
					<Coords points="1553,1049 1553,1050 1554,1050 1554,1051 1556,1051 1556,1052 1557,1052 1557,1056 1558,1056 1558,1060 1559,1060 1559,1062 1560,1062 1560,1063 1561,1063 1561,1072 1593,1072 1593,1073 1594,1073 1594,1074 1595,1074 1594,1074 1594,1079 1593,1079 1593,1082 1592,1082 1592,1084 1591,1084 1591,1086 1590,1086 1590,1087 1589,1087 1589,1089 1587,1089 1587,1091 1585,1091 1585,1092 1584,1092 1584,1093 1583,1093 1583,1094 1582,1094 1582,1095 1580,1095 1580,1096 1579,1096 1579,1097 1578,1097 1578,1098 1575,1098 1575,1099 1510,1099 1510,1100 1509,1100 1509,1104 1508,1104 1508,1106 1507,1106 1507,1109 1506,1109 1506,1110 1505,1110 1505,1111 1503,1111 1503,1110 1502,1110 1502,1105 1503,1105 1503,1102 1504,1102 1504,1100 1505,1100 1505,1097 1506,1097 1506,1094 1507,1094 1507,1090 1508,1090 1508,1087 1509,1087 1509,1084 1510,1084 1510,1081 1511,1081 1511,1078 1512,1078 1512,1075 1513,1075 1513,1072 1514,1072 1514,1071 1531,1071 1531,1070 1550,1070 1550,1050 1551,1050 1551,1049"/>
					<TextEquiv>
						<Unicode>μὲν</Unicode>
					</TextEquiv>
				</Word>
				<Word id="r109">
					<Coords points="1634,1048 1634,1049 1664,1049 1664,1050 1665,1050 1665,1052 1666,1052 1666,1054 1667,1054 1667,1058 1668,1058 1668,1060 1669,1060 1669,1062 1670,1062 1670,1065 1671,1065 1671,1073 1675,1073 1675,1074 1677,1074 1677,1075 1678,1075 1678,1076 1679,1076 1679,1080 1680,1080 1680,1084 1679,1084 1679,1088 1678,1088 1678,1090 1677,1090 1677,1093 1676,1093 1676,1097 1675,1097 1675,1101 1674,1101 1674,1104 1673,1104 1673,1109 1672,1109 1672,1110 1671,1110 1671,1112 1667,1112 1667,1098 1629,1098 1629,1097 1627,1097 1627,1096 1626,1096 1626,1095 1624,1095 1624,1093 1623,1093 1623,1092 1622,1092 1622,1089 1621,1089 1621,1081 1622,1081 1622,1079 1623,1079 1623,1078 1624,1078 1624,1077 1625,1077 1625,1076 1626,1076 1626,1052 1627,1052 1627,1050 1628,1050 1628,1049 1629,1049 1629,1048"/>
					<TextEquiv>
						<Unicode>δὴ</Unicode>
					</TextEquiv>
				</Word>
				<TextEquiv>
					<Unicode>συμπλεόντων Λακώνων καταποντίσαι. ὁ μὲν δὴ</Unicode>
				</TextEquiv>
			</TextLine>
			<TextLine id="r13">
				<Coords points="1060,1121 1060,1122 1061,1122 1061,1145 1251,1145 1251,1126 1252,1126 1252,1125 1253,1125 1253,1124 1255,1124 1255,1125 1257,1125 1257,1128 1258,1128 1258,1131 1259,1131 1259,1133 1260,1133 1260,1136 1261,1136 1261,1137 1262,1137 1262,1139 1263,1139 1263,1145 1365,1145 1365,1139 1366,1139 1366,1136 1367,1136 1367,1135 1368,1135 1368,1134 1369,1134 1369,1132 1370,1132 1370,1130 1371,1130 1371,1128 1373,1128 1373,1126 1374,1126 1374,1125 1376,1125 1376,1124 1398,1124 1398,1125 1501,1125 1501,1126 1504,1126 1504,1127 1506,1127 1506,1128 1507,1128 1507,1129 1508,1129 1508,1130 1509,1130 1509,1146 1657,1146 1657,1136 1658,1136 1658,1134 1659,1134 1659,1132 1660,1132 1660,1131 1662,1131 1662,1130 1664,1130 1664,1129 1671,1129 1671,1130 1673,1130 1673,1131 1675,1131 1675,1132 1676,1132 1676,1134 1677,1134 1677,1148 1679,1148 1679,1151 1680,1151 1680,1154 1679,1154 1679,1159 1678,1159 1678,1162 1677,1162 1677,1163 1676,1163 1676,1165 1675,1165 1675,1167 1674,1167 1674,1168 1673,1168 1673,1170 1672,1170 1672,1171 1671,1171 1671,1172 1669,1172 1669,1173 1667,1173 1667,1174 1666,1174 1666,1175 1506,1175 1506,1178 1505,1178 1505,1183 1504,1183 1504,1186 1503,1186 1503,1187 1501,1187 1501,1188 1499,1188 1499,1187 1497,1187 1497,1173 1135,1173 1135,1174 1134,1174 1134,1175 1133,1175 1133,1176 1132,1176 1132,1177 1131,1177 1131,1178 1130,1178 1130,1179 1128,1179 1128,1180 1030,1180 1030,1181 1029,1181 1029,1182 1028,1182 1028,1184 1026,1184 1026,1185 1023,1185 1023,1186 941,1186 941,1185 940,1185 940,1173 705,1173 705,1174 704,1174 704,1179 703,1179 703,1184 702,1184 702,1185 700,1185 700,1186 697,1186 697,1185 696,1185 696,1174 595,1174 595,1173 490,1173 490,1174 369,1174 369,1176 368,1176 368,1179 367,1179 367,1184 366,1184 366,1185 365,1185 365,1186 363,1186 363,1187 362,1187 362,1186 361,1186 361,1184 360,1184 360,1174 269,1174 269,1173 267,1173 267,1172 264,1172 264,1170 263,1170 263,1169 262,1169 262,1168 261,1168 261,1167 260,1167 260,1158 261,1158 261,1156 262,1156 262,1154 263,1154 263,1153 264,1153 264,1151 265,1151 265,1128 266,1128 266,1126 268,1126 268,1125 270,1125 270,1124 304,1124 304,1123 307,1123 307,1124 308,1124 308,1147 458,1147 458,1130 459,1130 459,1128 460,1128 460,1127 472,1127 472,1126 473,1126 473,1125 474,1125 474,1124 489,1124 489,1125 493,1125 493,1126 495,1126 495,1127 496,1127 496,1128 498,1128 498,1129 499,1129 499,1130 500,1130 500,1131 501,1131 501,1133 503,1133 503,1135 504,1135 504,1136 505,1136 505,1145 699,1145 699,1138 700,1138 700,1135 701,1135 701,1134 702,1134 702,1131 703,1131 703,1130 704,1130 704,1127 706,1127 706,1125 707,1125 707,1124 754,1124 754,1123 759,1123 759,1124 761,1124 761,1125 762,1125 762,1126 764,1126 764,1127 765,1127 765,1128 766,1128 766,1129 767,1129 767,1130 768,1130 768,1131 769,1131 769,1133 770,1133 770,1134 771,1134 771,1144 876,1144 876,1127 877,1127 877,1125 880,1125 880,1124 882,1124 882,1125 884,1125 884,1126 885,1126 885,1128 886,1128 886,1129 887,1129 887,1145 1017,1145 1017,1131 1018,1131 1018,1128 1019,1128 1019,1127 1021,1127 1021,1126 1054,1126 1054,1123 1055,1123 1055,1122 1056,1122 1056,1121"/>
				<Word id="r110">
					<Coords points="307,1123 307,1124 308,1124 308,1147 402,1147 402,1148 403,1148 403,1149 404,1149 404,1154 403,1154 403,1157 402,1157 402,1159 401,1159 401,1161 400,1161 400,1162 399,1162 399,1164 398,1164 398,1165 397,1165 397,1166 396,1166 396,1167 395,1167 395,1168 394,1168 394,1169 392,1169 392,1170 390,1170 390,1171 389,1171 389,1172 386,1172 386,1173 384,1173 384,1174 369,1174 369,1176 368,1176 368,1179 367,1179 367,1184 366,1184 366,1185 365,1185 365,1186 363,1186 363,1187 362,1187 362,1186 361,1186 361,1184 360,1184 360,1174 269,1174 269,1173 267,1173 267,1172 264,1172 264,1170 263,1170 263,1169 262,1169 262,1168 261,1168 261,1167 260,1167 260,1158 261,1158 261,1156 262,1156 262,1154 263,1154 263,1153 264,1153 264,1151 265,1151 265,1128 266,1128 266,1126 268,1126 268,1125 270,1125 270,1124 304,1124 304,1123"/>
					<TextEquiv>
						<Unicode>δίκην</Unicode>
					</TextEquiv>
				</Word>
				<Word id="r111">
					<Coords points="489,1124 489,1125 493,1125 493,1126 495,1126 495,1127 496,1127 496,1128 498,1128 498,1129 499,1129 499,1130 500,1130 500,1131 501,1131 501,1133 503,1133 503,1135 504,1135 504,1136 505,1136 505,1145 604,1145 604,1146 605,1146 605,1147 606,1147 606,1148 607,1148 607,1151 606,1151 606,1152 604,1152 604,1170 603,1170 603,1171 602,1171 602,1172 601,1172 601,1173 597,1173 597,1174 595,1174 595,1173 490,1173 490,1174 461,1174 461,1173 459,1173 459,1172 457,1172 457,1171 456,1171 456,1170 455,1170 455,1169 454,1169 454,1167 453,1167 453,1164 452,1164 452,1160 453,1160 453,1157 454,1157 454,1155 455,1155 455,1154 456,1154 456,1152 457,1152 457,1151 458,1151 458,1130 459,1130 459,1128 460,1128 460,1127 472,1127 472,1126 473,1126 473,1125 474,1125 474,1124"/>
					<TextEquiv>
						<Unicode>ἔδωκε</Unicode>
					</TextEquiv>
				</Word>
				<Word id="r112">
					<Coords points="759,1123 759,1124 761,1124 761,1125 762,1125 762,1126 764,1126 764,1127 765,1127 765,1128 766,1128 766,1129 767,1129 767,1130 768,1130 768,1131 769,1131 769,1133 770,1133 770,1134 771,1134 771,1144 794,1144 794,1145 796,1145 796,1146 797,1146 797,1150 796,1150 796,1151 795,1151 795,1169 794,1169 794,1171 793,1171 793,1172 789,1172 789,1173 705,1173 705,1174 704,1174 704,1179 703,1179 703,1184 702,1184 702,1185 700,1185 700,1186 697,1186 697,1185 696,1185 696,1173 658,1173 658,1172 657,1172 657,1156 650,1156 650,1155 649,1155 649,1154 648,1154 648,1151 649,1151 649,1148 650,1148 650,1147 651,1147 651,1146 654,1146 654,1145 699,1145 699,1138 700,1138 700,1135 701,1135 701,1134 702,1134 702,1131 703,1131 703,1130 704,1130 704,1127 706,1127 706,1125 707,1125 707,1124 754,1124 754,1123"/>
					<TextEquiv>
						<Unicode>τήνδε</Unicode>
					</TextEquiv>
				</Word>
				<Word id="r113">
					<Coords points="1060,1121 1060,1122 1061,1122 1061,1145 1113,1145 1113,1146 1117,1146 1117,1148 1118,1148 1118,1149 1119,1149 1119,1152 1120,1152 1120,1163 1133,1163 1133,1164 1134,1164 1134,1165 1135,1165 1135,1168 1136,1168 1136,1170 1135,1170 1135,1174 1134,1174 1134,1175 1133,1175 1133,1176 1132,1176 1132,1177 1131,1177 1131,1178 1130,1178 1130,1179 1128,1179 1128,1180 1030,1180 1030,1181 1029,1181 1029,1182 1028,1182 1028,1184 1026,1184 1026,1185 1023,1185 1023,1186 941,1186 941,1185 940,1185 940,1173 851,1173 851,1172 848,1172 848,1171 846,1171 846,1170 844,1170 844,1169 843,1169 843,1168 842,1168 842,1167 841,1167 841,1165 840,1165 840,1161 839,1161 839,1157 840,1157 840,1154 841,1154 841,1153 842,1153 842,1152 843,1152 843,1151 844,1151 844,1149 845,1149 845,1148 846,1148 846,1147 848,1147 848,1146 849,1146 849,1145 852,1145 852,1144 876,1144 876,1127 877,1127 877,1125 880,1125 880,1124 882,1124 882,1125 884,1125 884,1126 885,1126 885,1128 886,1128 886,1129 887,1129 887,1145 1017,1145 1017,1131 1018,1131 1018,1128 1019,1128 1019,1127 1021,1127 1021,1126 1054,1126 1054,1123 1055,1123 1055,1122 1056,1122 1056,1121"/>
					<TextEquiv>
						<Unicode>εὐπραξίας,</Unicode>
					</TextEquiv>
				</Word>
				<Word id="r114">
					<Coords points="1255,1124 1255,1125 1257,1125 1257,1128 1258,1128 1258,1131 1259,1131 1259,1133 1260,1133 1260,1136 1261,1136 1261,1137 1262,1137 1262,1139 1263,1139 1263,1161 1266,1161 1266,1164 1265,1164 1265,1167 1264,1167 1264,1168 1263,1168 1263,1170 1261,1170 1261,1171 1260,1171 1260,1172 1237,1172 1237,1173 1183,1173 1183,1172 1181,1172 1181,1166 1182,1166 1182,1164 1183,1164 1183,1162 1184,1162 1184,1160 1185,1160 1185,1156 1186,1156 1186,1153 1187,1153 1187,1151 1188,1151 1188,1148 1189,1148 1189,1147 1190,1147 1190,1146 1204,1146 1204,1145 1251,1145 1251,1126 1252,1126 1252,1125 1253,1125 1253,1124"/>
					<TextEquiv>
						<Unicode>καὶ</Unicode>
					</TextEquiv>
				</Word>
				<Word id="r115">
					<Coords points="1398,1124 1398,1125 1399,1125 1399,1126 1401,1126 1401,1127 1402,1127 1402,1128 1403,1128 1403,1129 1404,1129 1404,1130 1405,1130 1405,1131 1406,1131 1406,1132 1407,1132 1407,1133 1408,1133 1408,1145 1432,1145 1432,1146 1433,1146 1433,1147 1434,1147 1434,1148 1435,1148 1435,1150 1434,1150 1434,1151 1433,1151 1433,1152 1432,1152 1432,1169 1431,1169 1431,1171 1430,1171 1430,1172 1428,1172 1428,1173 1325,1173 1325,1172 1323,1172 1323,1157 1315,1157 1315,1156 1314,1156 1314,1150 1315,1150 1315,1148 1316,1148 1316,1147 1318,1147 1318,1146 1320,1146 1320,1145 1365,1145 1365,1139 1366,1139 1366,1136 1367,1136 1367,1135 1368,1135 1368,1134 1369,1134 1369,1132 1370,1132 1370,1130 1371,1130 1371,1128 1373,1128 1373,1126 1374,1126 1374,1125 1376,1125 1376,1124"/>
					<TextEquiv>
						<Unicode>τάδε</Unicode>
					</TextEquiv>
				</Word>
				<Word id="r116">
					<Coords points="1501,1125 1501,1126 1504,1126 1504,1127 1506,1127 1506,1128 1507,1128 1507,1129 1508,1129 1508,1130 1509,1130 1509,1146 1540,1146 1540,1147 1542,1147 1542,1148 1543,1148 1543,1153 1542,1153 1542,1156 1541,1156 1541,1158 1540,1158 1540,1160 1539,1160 1539,1161 1538,1161 1538,1162 1537,1162 1537,1163 1536,1163 1536,1164 1535,1164 1535,1166 1534,1166 1534,1167 1532,1167 1532,1168 1531,1168 1531,1169 1530,1169 1530,1170 1528,1170 1528,1171 1526,1171 1526,1172 1523,1172 1523,1173 1521,1173 1521,1174 1519,1174 1519,1175 1506,1175 1506,1178 1505,1178 1505,1183 1504,1183 1504,1186 1503,1186 1503,1187 1501,1187 1501,1188 1499,1188 1499,1187 1497,1187 1497,1172 1484,1172 1484,1157 1482,1157 1482,1156 1481,1156 1481,1153 1482,1153 1482,1152 1483,1152 1483,1150 1485,1150 1485,1148 1486,1148 1486,1147 1490,1147 1490,1131 1491,1131 1491,1130 1492,1130 1492,1128 1493,1128 1493,1127 1495,1127 1495,1126 1496,1126 1496,1125"/>
					<TextEquiv>
						<Unicode>ἦν</Unicode>
					</TextEquiv>
				</Word>
				<Word id="r117">
					<Coords points="1671,1129 1671,1130 1673,1130 1673,1131 1675,1131 1675,1132 1676,1132 1676,1134 1677,1134 1677,1148 1679,1148 1679,1151 1680,1151 1680,1154 1679,1154 1679,1159 1678,1159 1678,1162 1677,1162 1677,1163 1676,1163 1676,1165 1675,1165 1675,1167 1674,1167 1674,1168 1673,1168 1673,1170 1672,1170 1672,1171 1671,1171 1671,1172 1669,1172 1669,1173 1667,1173 1667,1174 1666,1174 1666,1175 1602,1175 1602,1174 1600,1174 1600,1172 1599,1172 1599,1157 1592,1157 1592,1156 1591,1156 1591,1155 1590,1155 1590,1152 1591,1152 1591,1149 1592,1149 1592,1148 1594,1148 1594,1147 1633,1147 1633,1146 1657,1146 1657,1136 1658,1136 1658,1134 1659,1134 1659,1132 1660,1132 1660,1131 1662,1131 1662,1130 1664,1130 1664,1129"/>
					<TextEquiv>
						<Unicode>τοῦ</Unicode>
					</TextEquiv>
				</Word>
				<TextEquiv>
					<Unicode>δίκην ἔδωκε τήνδε εὐπραξίας, καὶ τάδε ἦν τοῦ</Unicode>
				</TextEquiv>
			</TextLine>
			<TextLine id="r14">
				<Coords points="763,1196 763,1197 764,1197 764,1198 765,1198 765,1200 796,1200 796,1201 802,1201 802,1202 804,1202 804,1203 806,1203 806,1204 807,1204 807,1205 808,1205 808,1207 809,1207 809,1211 810,1211 810,1219 936,1219 936,1212 937,1212 937,1208 938,1208 938,1205 939,1205 939,1201 941,1201 941,1199 942,1199 942,1198 943,1198 943,1197 945,1197 945,1198 947,1198 947,1199 948,1199 948,1200 949,1200 949,1219 991,1219 991,1220 1107,1220 1107,1219 1151,1219 1151,1199 1152,1199 1152,1197 1155,1197 1155,1198 1156,1198 1156,1200 1157,1200 1157,1201 1285,1201 1285,1200 1288,1200 1288,1199 1331,1199 1331,1198 1335,1198 1335,1199 1336,1199 1336,1220 1461,1220 1461,1203 1462,1203 1462,1202 1463,1202 1463,1201 1468,1201 1468,1202 1469,1202 1469,1203 1470,1203 1470,1204 1471,1204 1471,1221 1646,1221 1646,1214 1647,1214 1647,1212 1648,1212 1648,1210 1649,1210 1649,1208 1650,1208 1650,1205 1651,1205 1651,1203 1652,1203 1652,1202 1653,1202 1653,1200 1658,1200 1658,1201 1659,1201 1659,1231 1677,1231 1677,1233 1678,1233 1678,1236 1676,1236 1676,1237 1655,1237 1655,1242 1654,1242 1654,1245 1653,1245 1653,1251 1652,1251 1652,1254 1651,1254 1651,1260 1650,1260 1650,1261 1649,1261 1649,1263 1608,1263 1608,1264 1526,1264 1526,1265 1525,1265 1525,1266 1523,1266 1523,1265 1522,1265 1522,1250 1362,1250 1362,1252 1361,1252 1361,1256 1360,1256 1360,1258 1359,1258 1359,1260 1355,1260 1355,1259 1263,1259 1263,1258 1262,1258 1262,1247 1123,1247 1123,1254 1122,1254 1122,1263 1120,1263 1120,1264 1117,1264 1117,1263 1116,1263 1116,1262 1115,1262 1115,1251 1012,1251 1012,1252 1007,1252 1007,1251 1006,1251 1006,1247 861,1247 861,1255 860,1255 860,1258 859,1258 859,1260 857,1260 857,1261 855,1261 855,1260 854,1260 854,1248 820,1248 820,1247 685,1247 685,1248 640,1248 640,1249 639,1249 639,1252 638,1252 638,1255 637,1255 637,1259 636,1259 636,1261 635,1261 635,1263 631,1263 631,1262 630,1262 630,1249 501,1249 501,1248 393,1248 393,1249 310,1249 310,1251 309,1251 309,1257 308,1257 308,1261 307,1261 307,1263 306,1263 306,1264 304,1264 304,1263 302,1263 302,1250 268,1250 268,1249 267,1249 267,1248 266,1248 266,1235 261,1235 261,1233 260,1233 260,1227 261,1227 261,1225 262,1225 262,1224 263,1224 263,1223 266,1223 266,1222 317,1222 317,1221 319,1221 319,1220 358,1220 358,1211 359,1211 359,1209 360,1209 360,1207 361,1207 361,1205 362,1205 362,1202 363,1202 363,1201 364,1201 364,1200 366,1200 366,1199 367,1199 367,1200 369,1200 369,1220 566,1220 566,1208 568,1208 568,1207 571,1207 571,1206 621,1206 621,1204 622,1204 622,1202 623,1202 623,1200 624,1200 624,1199 626,1199 626,1198 630,1198 630,1200 631,1200 631,1219 753,1219 753,1202 754,1202 754,1200 755,1200 755,1199 756,1199 756,1198 757,1198 757,1197 759,1197 759,1196"/>
				<Word id="r118">
					<Coords points="367,1199 367,1200 369,1200 369,1220 468,1220 468,1221 469,1221 469,1225 470,1225 470,1228 469,1228 469,1232 468,1232 468,1234 467,1234 467,1236 466,1236 466,1238 465,1238 465,1239 464,1239 464,1240 463,1240 463,1242 462,1242 462,1243 461,1243 461,1244 460,1244 460,1245 459,1245 459,1246 457,1246 457,1247 452,1247 452,1248 393,1248 393,1249 310,1249 310,1251 309,1251 309,1257 308,1257 308,1261 307,1261 307,1263 306,1263 306,1264 304,1264 304,1263 302,1263 302,1250 268,1250 268,1249 267,1249 267,1248 266,1248 266,1235 261,1235 261,1233 260,1233 260,1227 261,1227 261,1225 262,1225 262,1224 263,1224 263,1223 266,1223 266,1222 317,1222 317,1221 319,1221 319,1220 358,1220 358,1211 359,1211 359,1209 360,1209 360,1207 361,1207 361,1205 362,1205 362,1202 363,1202 363,1201 364,1201 364,1200 366,1200 366,1199"/>
					<TextEquiv>
						<Unicode>πρώτου</Unicode>
					</TextEquiv>
				</Word>
				<Word id="r119">
					<Coords points="630,1198 630,1200 631,1200 631,1219 727,1219 727,1220 728,1220 728,1221 729,1221 729,1230 728,1230 728,1231 727,1231 727,1235 726,1235 726,1237 725,1237 725,1238 724,1238 724,1240 723,1240 723,1241 722,1241 722,1242 721,1242 721,1243 720,1243 720,1244 719,1244 719,1245 717,1245 717,1246 714,1246 714,1247 685,1247 685,1248 640,1248 640,1249 639,1249 639,1252 638,1252 638,1255 637,1255 637,1259 636,1259 636,1261 635,1261 635,1263 631,1263 631,1262 630,1262 630,1249 501,1249 501,1235 496,1235 496,1233 495,1233 495,1227 496,1227 496,1225 497,1225 497,1224 498,1224 498,1223 500,1223 500,1222 550,1222 550,1221 552,1221 552,1220 566,1220 566,1208 568,1208 568,1207 571,1207 571,1206 621,1206 621,1204 622,1204 622,1202 623,1202 623,1200 624,1200 624,1199 626,1199 626,1198"/>
					<TextEquiv>
						<Unicode>πολέμου</Unicode>
					</TextEquiv>
				</Word>
				<Word id="r120">
					<Coords points="763,1196 763,1197 764,1197 764,1198 765,1198 765,1200 796,1200 796,1201 802,1201 802,1202 804,1202 804,1203 806,1203 806,1204 807,1204 807,1205 808,1205 808,1207 809,1207 809,1211 810,1211 810,1219 936,1219 936,1212 937,1212 937,1208 938,1208 938,1205 939,1205 939,1201 941,1201 941,1199 942,1199 942,1198 943,1198 943,1197 945,1197 945,1198 947,1198 947,1199 948,1199 948,1200 949,1200 949,1219 991,1219 991,1220 1015,1220 1015,1221 1019,1221 1019,1222 1021,1222 1021,1224 1023,1224 1023,1228 1022,1228 1022,1229 1021,1229 1021,1230 1018,1230 1018,1245 1017,1245 1017,1248 1016,1248 1016,1249 1015,1249 1015,1250 1014,1250 1014,1251 1012,1251 1012,1252 1007,1252 1007,1251 1006,1251 1006,1247 861,1247 861,1255 860,1255 860,1258 859,1258 859,1260 857,1260 857,1261 855,1261 855,1260 854,1260 854,1248 820,1248 820,1247 771,1247 771,1245 770,1245 770,1214 760,1214 760,1213 758,1213 758,1212 756,1212 756,1211 755,1211 755,1209 754,1209 754,1207 753,1207 753,1202 754,1202 754,1200 755,1200 755,1199 756,1199 756,1198 757,1198 757,1197 759,1197 759,1196"/>
					<TextEquiv>
						<Unicode>Ῥωμαίοις</Unicode>
					</TextEquiv>
				</Word>
				<Word id="r121">
					<Coords points="1155,1197 1155,1198 1156,1198 1156,1200 1157,1200 1157,1202 1158,1202 1158,1204 1159,1204 1159,1209 1160,1209 1160,1210 1161,1210 1161,1212 1162,1212 1162,1214 1163,1214 1163,1235 1165,1235 1165,1236 1167,1236 1167,1237 1166,1237 1166,1240 1165,1240 1165,1242 1164,1242 1164,1243 1163,1243 1163,1245 1162,1245 1162,1246 1161,1246 1161,1247 1123,1247 1123,1254 1122,1254 1122,1263 1120,1263 1120,1264 1117,1264 1117,1263 1116,1263 1116,1262 1115,1262 1115,1248 1056,1248 1056,1247 1055,1247 1055,1233 1050,1233 1050,1230 1049,1230 1049,1226 1050,1226 1050,1224 1051,1224 1051,1223 1052,1223 1052,1222 1054,1222 1054,1221 1059,1221 1059,1220 1107,1220 1107,1219 1151,1219 1151,1199 1152,1199 1152,1197"/>
					<TextEquiv>
						<Unicode>περὶ</Unicode>
					</TextEquiv>
				</Word>
				<Word id="r122">
					<Coords points="1331,1198 1335,1198 1335,1199 1336,1199 1336,1220 1398,1220 1398,1221 1399,1221 1399,1223 1400,1223 1400,1227 1399,1227 1399,1232 1398,1232 1398,1233 1397,1233 1397,1234 1396,1234 1396,1235 1395,1235 1395,1237 1394,1237 1394,1238 1393,1238 1393,1240 1391,1240 1391,1241 1390,1241 1390,1242 1388,1242 1388,1243 1387,1243 1387,1244 1386,1244 1386,1245 1383,1245 1383,1246 1381,1246 1381,1247 1379,1247 1379,1248 1362,1248 1362,1252 1361,1252 1361,1256 1360,1256 1360,1258 1359,1258 1359,1260 1355,1260 1355,1259 1263,1259 1263,1258 1262,1258 1262,1247 1197,1247 1197,1246 1193,1246 1193,1244 1192,1244 1194,1244 1194,1243 1199,1243 1199,1241 1200,1241 1200,1240 1201,1240 1201,1236 1202,1236 1202,1234 1203,1234 1203,1230 1204,1230 1204,1228 1205,1228 1205,1224 1206,1224 1206,1221 1207,1221 1207,1220 1208,1220 1208,1217 1209,1217 1209,1214 1210,1214 1210,1213 1211,1213 1211,1210 1212,1210 1212,1208 1213,1208 1213,1204 1214,1204 1214,1202 1215,1202 1215,1201 1285,1201 1285,1200 1288,1200 1288,1199 1331,1199"/>
					<TextEquiv>
						<Unicode>Λιβύην</Unicode>
					</TextEquiv>
				</Word>
				<Word id="r124">
					<Coords points="1658,1200 1658,1201 1659,1201 1659,1231 1677,1231 1677,1233 1678,1233 1678,1236 1676,1236 1676,1237 1655,1237 1655,1242 1654,1242 1654,1245 1653,1245 1653,1251 1652,1251 1652,1254 1651,1254 1651,1260 1650,1260 1650,1261 1649,1261 1649,1263 1608,1263 1608,1264 1526,1264 1526,1265 1525,1265 1525,1266 1523,1266 1523,1265 1522,1265 1522,1250 1458,1250 1458,1249 1456,1249 1456,1248 1434,1248 1434,1247 1431,1247 1431,1246 1430,1246 1430,1245 1428,1245 1428,1244 1427,1244 1427,1242 1426,1242 1426,1240 1425,1240 1425,1234 1426,1234 1426,1232 1427,1232 1427,1229 1428,1229 1428,1228 1429,1228 1429,1227 1430,1227 1430,1225 1431,1225 1431,1224 1433,1224 1433,1223 1435,1223 1435,1222 1437,1222 1437,1221 1461,1221 1461,1203 1462,1203 1462,1202 1463,1202 1463,1201 1468,1201 1468,1202 1469,1202 1469,1203 1470,1203 1470,1204 1471,1204 1471,1221 1646,1221 1646,1214 1647,1214 1647,1212 1648,1212 1648,1210 1649,1210 1649,1208 1650,1208 1650,1205 1651,1205 1651,1203 1652,1203 1652,1202 1653,1202 1653,1200"/>
					<TextEquiv>
						<Unicode>εὐπραγή-</Unicode>
					</TextEquiv>
				</Word>
				<TextEquiv>
					<Unicode>πρώτου πολέμου Ῥωμαίοις περὶ Λιβύην εὐπραγή-</Unicode>
				</TextEquiv>
			</TextLine>
			<TextLine id="r15">
				<Coords points="1169,1272 1169,1273 1171,1273 1171,1293 1212,1293 1212,1294 1213,1294 1213,1295 1334,1295 1334,1278 1336,1278 1336,1277 1370,1277 1370,1276 1371,1276 1371,1277 1377,1277 1377,1278 1378,1278 1378,1296 1532,1296 1532,1278 1533,1278 1533,1277 1534,1277 1534,1276 1537,1276 1537,1275 1579,1275 1579,1276 1580,1276 1580,1297 1675,1297 1675,1298 1676,1298 1676,1299 1677,1299 1677,1314 1680,1314 1680,1315 1681,1315 1681,1316 1680,1316 1680,1317 1679,1317 1679,1319 1678,1319 1678,1321 1676,1321 1676,1323 1675,1323 1675,1324 1673,1324 1673,1325 1624,1325 1624,1326 1622,1326 1622,1327 1621,1327 1621,1326 1516,1326 1516,1329 1515,1329 1515,1334 1514,1334 1514,1336 1513,1336 1513,1337 1487,1337 1487,1340 1486,1340 1486,1341 1484,1341 1484,1342 1482,1342 1482,1343 1452,1343 1452,1344 1452,1343 1450,1343 1450,1341 1420,1341 1420,1340 1418,1340 1418,1337 1417,1337 1417,1324 1371,1324 1371,1323 1221,1323 1221,1324 1220,1324 1220,1332 1219,1332 1219,1337 1208,1337 1208,1338 1207,1338 1207,1339 1205,1339 1205,1340 1177,1340 1177,1341 1176,1341 1176,1340 1174,1340 1174,1337 1110,1337 1110,1335 1109,1335 1109,1330 1036,1330 1036,1323 899,1323 899,1324 898,1324 898,1327 897,1327 897,1332 896,1332 896,1335 895,1335 895,1336 893,1336 893,1337 852,1337 852,1338 851,1338 851,1339 850,1339 850,1340 848,1340 848,1341 817,1341 817,1340 816,1340 816,1324 764,1324 764,1323 649,1323 649,1324 646,1324 646,1325 645,1325 645,1324 608,1324 608,1323 503,1323 503,1324 500,1324 500,1325 464,1325 464,1324 348,1324 348,1325 267,1325 267,1328 266,1328 266,1332 265,1332 265,1335 264,1335 264,1336 263,1336 263,1337 261,1337 261,1329 262,1329 262,1325 263,1325 263,1323 264,1323 264,1320 265,1320 265,1316 266,1316 266,1314 267,1314 267,1310 268,1310 268,1306 269,1306 269,1300 270,1300 270,1298 271,1298 271,1297 272,1297 272,1296 388,1296 388,1289 389,1289 389,1286 390,1286 390,1284 391,1284 391,1282 392,1282 392,1280 393,1280 393,1279 394,1279 394,1276 395,1276 395,1275 397,1275 397,1274 400,1274 400,1275 401,1275 401,1296 639,1296 639,1275 640,1275 640,1274 737,1274 737,1275 739,1275 739,1276 741,1276 741,1278 742,1278 742,1279 743,1279 743,1294 877,1294 877,1287 878,1287 878,1284 879,1284 879,1282 880,1282 880,1280 881,1280 881,1278 882,1278 882,1276 883,1276 883,1275 885,1275 885,1274 888,1274 888,1275 889,1275 889,1295 921,1295 921,1296 1159,1296 1159,1290 1160,1290 1160,1288 1161,1288 1161,1284 1162,1284 1162,1281 1163,1281 1163,1277 1164,1277 1164,1276 1165,1276 1165,1274 1166,1274 1166,1273 1168,1273 1168,1272"/>
				<Word id="r125">
					<Coords points="400,1274 400,1275 401,1275 401,1312 403,1312 403,1316 402,1316 402,1317 401,1317 401,1319 400,1319 400,1320 399,1320 399,1321 398,1321 398,1322 396,1322 396,1323 381,1323 381,1324 348,1324 348,1325 267,1325 267,1328 266,1328 266,1332 265,1332 265,1335 264,1335 264,1336 263,1336 263,1337 261,1337 261,1329 262,1329 262,1325 263,1325 263,1323 264,1323 264,1320 265,1320 265,1316 266,1316 266,1314 267,1314 267,1310 268,1310 268,1306 269,1306 269,1300 270,1300 270,1298 271,1298 271,1297 272,1297 272,1296 388,1296 388,1289 389,1289 389,1286 390,1286 390,1284 391,1284 391,1282 392,1282 392,1280 393,1280 393,1279 394,1279 394,1276 395,1276 395,1275 397,1275 397,1274"/>
					<TextEquiv>
						<Unicode>ματά</Unicode>
					</TextEquiv>
				</Word>
				<Word id="r126">
					<Coords points="505,1296 505,1297 507,1297 507,1298 508,1298 508,1301 507,1301 507,1302 506,1302 506,1309 505,1309 505,1322 504,1322 504,1323 503,1323 503,1324 500,1324 500,1325 464,1325 464,1324 461,1324 461,1323 460,1323 460,1309 453,1309 453,1308 452,1308 452,1304 451,1304 452,1304 452,1301 453,1301 453,1299 454,1299 454,1298 456,1298 456,1297 498,1297 498,1296"/>
					<TextEquiv>
						<Unicode>τε</Unicode>
					</TextEquiv>
				</Word>
				<Word id="r127">
					<Coords points="644,1274 644,1275 645,1275 645,1276 646,1276 646,1278 647,1278 647,1280 648,1280 648,1283 649,1283 649,1285 650,1285 650,1288 651,1288 651,1292 652,1292 652,1312 656,1312 656,1314 655,1314 655,1317 654,1317 654,1319 653,1319 653,1320 652,1320 652,1321 651,1321 651,1322 650,1322 650,1323 649,1323 649,1324 646,1324 646,1325 645,1325 645,1324 608,1324 608,1323 569,1323 569,1318 570,1318 570,1315 571,1315 571,1313 572,1313 572,1310 573,1310 573,1307 574,1307 574,1304 575,1304 575,1302 576,1302 576,1300 577,1300 577,1298 578,1298 578,1297 595,1297 595,1296 639,1296 639,1275 640,1275 640,1274"/>
					<TextEquiv>
						<Unicode>καὶ</Unicode>
					</TextEquiv>
				</Word>
				<Word id="r128">
					<Coords points="737,1274 737,1275 739,1275 739,1276 741,1276 741,1278 742,1278 742,1279 743,1279 743,1294 877,1294 877,1287 878,1287 878,1284 879,1284 879,1282 880,1282 880,1280 881,1280 881,1278 882,1278 882,1276 883,1276 883,1275 885,1275 885,1274 888,1274 888,1275 889,1275 889,1295 921,1295 921,1296 1028,1296 1028,1312 1031,1312 1031,1313 1044,1313 1044,1314 1046,1314 1046,1315 1047,1315 1047,1324 1046,1324 1046,1325 1045,1325 1045,1327 1044,1327 1044,1328 1043,1328 1043,1329 1041,1329 1041,1330 1036,1330 1036,1323 899,1323 899,1324 898,1324 898,1327 897,1327 897,1332 896,1332 896,1335 895,1335 895,1336 893,1336 893,1337 852,1337 852,1338 851,1338 851,1339 850,1339 850,1340 848,1340 848,1341 817,1341 817,1340 816,1340 816,1324 764,1324 764,1323 721,1323 721,1322 720,1322 720,1321 718,1321 718,1320 717,1320 717,1317 716,1317 716,1314 717,1314 717,1310 718,1310 718,1307 719,1307 719,1306 720,1306 720,1305 721,1305 721,1304 722,1304 722,1302 723,1302 723,1301 724,1301 724,1300 725,1300 725,1299 727,1299 727,1298 729,1298 729,1297 731,1297 731,1275 733,1275 733,1274"/>
					<TextEquiv>
						<Unicode>ἀτυχήματα,</Unicode>
					</TextEquiv>
				</Word>
				<Word id="r129">
					<Coords points="1169,1272 1169,1273 1171,1273 1171,1293 1212,1293 1212,1294 1213,1294 1213,1295 1260,1295 1260,1296 1261,1296 1261,1311 1264,1311 1264,1312 1265,1312 1264,1312 1264,1316 1263,1316 1263,1317 1262,1317 1262,1319 1261,1319 1261,1320 1260,1320 1260,1321 1259,1321 1259,1322 1257,1322 1257,1323 1221,1323 1221,1324 1220,1324 1220,1332 1219,1332 1219,1337 1208,1337 1208,1338 1207,1338 1207,1339 1205,1339 1205,1340 1177,1340 1177,1341 1176,1341 1176,1340 1174,1340 1174,1337 1110,1337 1110,1335 1109,1335 1109,1334 1110,1334 1110,1332 1111,1332 1111,1330 1112,1330 1112,1328 1113,1328 1113,1324 1114,1324 1114,1321 1115,1321 1115,1317 1116,1317 1116,1314 1117,1314 1117,1311 1118,1311 1118,1307 1119,1307 1119,1304 1120,1304 1120,1299 1121,1299 1121,1297 1123,1297 1123,1296 1159,1296 1159,1290 1160,1290 1160,1288 1161,1288 1161,1284 1162,1284 1162,1281 1163,1281 1163,1277 1164,1277 1164,1276 1165,1276 1165,1274 1166,1274 1166,1273 1168,1273 1168,1272"/>
					<TextEquiv>
						<Unicode>μέχρι</Unicode>
					</TextEquiv>
				</Word>
				<Word id="r130">
					<Coords points="1579,1275 1579,1276 1580,1276 1580,1297 1675,1297 1675,1298 1676,1298 1676,1299 1677,1299 1677,1314 1680,1314 1680,1315 1681,1315 1681,1316 1680,1316 1680,1317 1679,1317 1679,1319 1678,1319 1678,1321 1676,1321 1676,1323 1675,1323 1675,1324 1673,1324 1673,1325 1624,1325 1624,1326 1622,1326 1622,1327 1621,1327 1621,1326 1516,1326 1516,1329 1515,1329 1515,1334 1514,1334 1514,1336 1513,1336 1513,1337 1487,1337 1487,1340 1486,1340 1486,1341 1484,1341 1484,1342 1482,1342 1482,1343 1452,1343 1452,1344 1452,1343 1450,1343 1450,1341 1420,1341 1420,1340 1418,1340 1418,1337 1417,1337 1417,1324 1371,1324 1371,1323 1334,1323 1334,1322 1332,1322 1332,1320 1334,1320 1334,1278 1336,1278 1336,1277 1370,1277 1370,1276 1371,1276 1371,1277 1377,1277 1377,1278 1378,1278 1378,1296 1532,1296 1532,1278 1533,1278 1533,1277 1534,1277 1534,1276 1537,1276 1537,1275"/>
					<TextEquiv>
						<Unicode>Καρχηδόνιοι</Unicode>
					</TextEquiv>
				</Word>
				<TextEquiv>
					<Unicode>ματά τε καὶ ἀτυχήματα, μέχρι Καρχηδόνιοι</Unicode>
				</TextEquiv>
			</TextLine>
			<TextLine id="r16">
				<Coords points="295,1347 295,1350 296,1350 296,1353 297,1353 297,1356 298,1356 298,1357 439,1357 439,1355 440,1355 440,1354 441,1354 441,1352 442,1352 442,1351 547,1351 547,1350 552,1350 552,1351 553,1351 553,1352 585,1352 585,1353 591,1353 591,1354 594,1354 594,1355 596,1355 596,1356 597,1356 597,1357 598,1357 598,1358 599,1358 599,1360 600,1360 600,1371 732,1371 732,1364 733,1364 733,1361 734,1361 734,1358 735,1358 735,1356 736,1356 736,1354 737,1354 737,1352 738,1352 738,1351 740,1351 740,1350 740,1351 742,1351 742,1370 881,1370 881,1352 882,1352 882,1351 884,1351 884,1350 967,1350 967,1351 968,1351 968,1371 1174,1371 1174,1372 1175,1372 1175,1388 1282,1388 1282,1383 1283,1383 1283,1381 1284,1381 1284,1379 1285,1379 1285,1378 1286,1378 1286,1377 1288,1377 1288,1360 1289,1360 1289,1357 1290,1357 1290,1355 1291,1355 1291,1354 1293,1354 1293,1353 1303,1353 1303,1352 1304,1352 1304,1350 1309,1350 1309,1353 1310,1353 1310,1371 1351,1371 1351,1372 1467,1372 1467,1354 1468,1354 1468,1353 1469,1353 1469,1352 1471,1352 1471,1351 1502,1351 1502,1352 1654,1352 1654,1351 1659,1351 1659,1352 1660,1352 1660,1385 1678,1385 1678,1386 1679,1386 1679,1389 1678,1389 1678,1391 1656,1391 1656,1398 1655,1398 1655,1400 1653,1400 1653,1401 1649,1401 1649,1402 1648,1402 1648,1401 1414,1401 1414,1402 1413,1402 1413,1403 1411,1403 1411,1404 1406,1404 1406,1403 1405,1403 1405,1399 1295,1399 1295,1400 1292,1400 1292,1399 1288,1399 1288,1398 1152,1398 1152,1399 1065,1399 1065,1404 1064,1404 1064,1406 1063,1406 1063,1410 1061,1410 1061,1411 1058,1411 1058,1410 1057,1410 1057,1399 810,1399 810,1400 809,1400 809,1401 807,1401 807,1402 806,1402 806,1403 801,1403 801,1402 800,1402 800,1399 652,1399 652,1400 651,1400 651,1405 650,1405 650,1408 649,1408 649,1410 647,1410 647,1411 646,1411 646,1410 645,1410 645,1399 500,1399 500,1400 499,1400 499,1401 498,1401 498,1402 497,1402 497,1403 495,1403 495,1404 490,1404 490,1403 489,1403 489,1400 298,1400 298,1401 297,1401 297,1402 296,1402 296,1403 296,1402 294,1402 294,1399 287,1399 287,1398 263,1398 263,1356 262,1356 262,1354 264,1354 264,1353 284,1353 284,1352 290,1352 290,1351 292,1351 292,1347"/>
				<Word id="r131">
					<Coords points="295,1347 295,1350 296,1350 296,1353 297,1353 297,1356 298,1356 298,1357 439,1357 439,1355 440,1355 440,1354 441,1354 441,1352 442,1352 442,1351 445,1351 445,1352 446,1352 446,1355 447,1355 447,1371 496,1371 496,1372 499,1372 499,1373 501,1373 501,1374 502,1374 502,1375 503,1375 503,1376 505,1376 505,1378 506,1378 506,1381 505,1381 505,1382 501,1382 501,1397 500,1397 500,1400 499,1400 499,1401 498,1401 498,1402 497,1402 497,1403 495,1403 495,1404 490,1404 490,1403 489,1403 489,1400 298,1400 298,1401 297,1401 297,1402 296,1402 296,1403 296,1402 294,1402 294,1399 287,1399 287,1398 263,1398 263,1356 262,1356 262,1354 264,1354 264,1353 284,1353 284,1352 290,1352 290,1351 292,1351 292,1347"/>
					<TextEquiv>
						<Unicode>Σικελίας</Unicode>
					</TextEquiv>
				</Word>
				<Word id="r132">
					<Coords points="552,1350 552,1351 553,1351 553,1352 585,1352 585,1353 591,1353 591,1354 594,1354 594,1355 596,1355 596,1356 597,1356 597,1357 598,1357 598,1358 599,1358 599,1360 600,1360 600,1371 732,1371 732,1364 733,1364 733,1361 734,1361 734,1358 735,1358 735,1356 736,1356 736,1354 737,1354 737,1352 738,1352 738,1351 740,1351 740,1350 740,1351 742,1351 742,1370 784,1370 784,1371 810,1371 810,1372 812,1372 812,1373 814,1373 814,1374 815,1374 815,1375 816,1375 816,1376 817,1376 817,1379 816,1379 816,1381 815,1381 815,1382 812,1382 812,1397 811,1397 811,1399 810,1399 810,1400 809,1400 809,1401 807,1401 807,1402 806,1402 806,1403 801,1403 801,1402 800,1402 800,1399 652,1399 652,1400 651,1400 651,1405 650,1405 650,1408 649,1408 649,1410 647,1410 647,1411 646,1411 646,1410 645,1410 645,1399 562,1399 562,1398 561,1398 561,1366 546,1366 546,1365 545,1365 545,1364 544,1364 544,1363 543,1363 543,1359 542,1359 542,1354 543,1354 543,1352 545,1352 545,1351 547,1351 547,1350"/>
					<TextEquiv>
						<Unicode>Ῥωμαίοις</Unicode>
					</TextEquiv>
				</Word>
				<Word id="r133">
					<Coords points="967,1350 967,1351 968,1351 968,1371 1174,1371 1174,1372 1175,1372 1175,1388 1186,1388 1186,1389 1188,1389 1188,1391 1189,1391 1189,1392 1190,1392 1190,1393 1189,1393 1189,1396 1188,1396 1188,1397 1187,1397 1187,1398 1152,1398 1152,1399 1065,1399 1065,1404 1064,1404 1064,1406 1063,1406 1063,1410 1061,1410 1061,1411 1058,1411 1058,1410 1057,1410 1057,1399 907,1399 907,1398 906,1398 906,1397 870,1397 870,1396 868,1396 868,1395 867,1395 867,1394 866,1394 866,1385 867,1385 867,1384 868,1384 868,1382 869,1382 869,1380 870,1380 870,1378 871,1378 871,1377 872,1377 872,1376 873,1376 873,1375 874,1375 874,1374 875,1374 875,1373 878,1373 878,1372 881,1372 881,1352 882,1352 882,1351 884,1351 884,1350"/>
					<TextEquiv>
						<Unicode>ἀπέστησαν.</Unicode>
					</TextEquiv>
				</Word>
				<Word id="r134">
					<Coords points="1309,1350 1309,1353 1310,1353 1310,1371 1351,1371 1351,1372 1413,1372 1413,1373 1417,1373 1417,1374 1418,1374 1418,1375 1420,1375 1420,1377 1421,1377 1421,1380 1420,1380 1420,1381 1419,1381 1419,1382 1418,1382 1418,1383 1417,1383 1417,1397 1416,1397 1416,1399 1415,1399 1415,1401 1414,1401 1414,1402 1413,1402 1413,1403 1411,1403 1411,1404 1406,1404 1406,1403 1405,1403 1405,1399 1295,1399 1295,1400 1292,1400 1292,1399 1288,1399 1288,1398 1287,1398 1287,1397 1286,1397 1286,1396 1285,1396 1285,1395 1284,1395 1284,1394 1283,1394 1283,1391 1282,1391 1282,1383 1283,1383 1283,1381 1284,1381 1284,1379 1285,1379 1285,1378 1286,1378 1286,1377 1288,1377 1288,1360 1289,1360 1289,1357 1290,1357 1290,1355 1291,1355 1291,1354 1293,1354 1293,1353 1303,1353 1303,1352 1304,1352 1304,1350"/>
					<TextEquiv>
						<Unicode>ὅπως</Unicode>
					</TextEquiv>
				</Word>
				<Word id="r135">
					<Coords points="1502,1351 1502,1352 1503,1352 1503,1353 1504,1353 1504,1354 1505,1354 1505,1356 1506,1356 1506,1358 1507,1358 1507,1360 1508,1360 1508,1363 1509,1363 1509,1365 1510,1365 1510,1374 1511,1374 1511,1397 1510,1397 1510,1398 1509,1398 1509,1399 1507,1399 1507,1400 1505,1400 1505,1401 1504,1401 1504,1400 1471,1400 1471,1399 1468,1399 1468,1398 1466,1398 1466,1397 1465,1397 1465,1396 1464,1396 1464,1395 1463,1395 1463,1394 1462,1394 1462,1391 1461,1391 1461,1385 1462,1385 1462,1382 1463,1382 1463,1381 1464,1381 1464,1380 1465,1380 1465,1378 1466,1378 1466,1377 1467,1377 1467,1354 1468,1354 1468,1353 1469,1353 1469,1352 1471,1352 1471,1351"/>
					<TextEquiv>
						<Unicode>δὲ</Unicode>
					</TextEquiv>
				</Word>
				<Word id="r136">
					<Coords points="1659,1351 1659,1352 1660,1352 1660,1385 1678,1385 1678,1386 1679,1386 1679,1389 1678,1389 1678,1391 1656,1391 1656,1398 1655,1398 1655,1400 1653,1400 1653,1401 1649,1401 1649,1402 1648,1402 1648,1401 1562,1401 1562,1400 1561,1400 1561,1399 1560,1399 1560,1398 1559,1398 1559,1397 1558,1397 1558,1394 1557,1394 1557,1391 1558,1391 1558,1389 1559,1389 1559,1388 1560,1388 1560,1384 1561,1384 1561,1383 1562,1383 1562,1381 1563,1381 1563,1380 1564,1380 1564,1379 1565,1379 1565,1378 1566,1378 1566,1377 1569,1377 1569,1376 1571,1376 1571,1375 1573,1375 1573,1355 1574,1355 1574,1353 1575,1353 1575,1352 1654,1352 1654,1351"/>
					<TextEquiv>
						<Unicode>ἀπέ-</Unicode>
					</TextEquiv>
				</Word>
				<TextEquiv>
					<Unicode>Σικελίας Ῥωμαίοις ἀπέστησαν. ὅπως δὲ ἀπέ-</Unicode>
				</TextEquiv>
			</TextLine>
			<TextLine id="r17">
				<Coords points="712,1420 712,1421 713,1421 713,1424 714,1424 714,1426 715,1426 715,1429 716,1429 716,1431 909,1431 909,1430 910,1430 910,1429 912,1429 912,1428 919,1428 919,1429 921,1429 921,1430 922,1430 922,1431 923,1431 923,1432 924,1432 924,1435 925,1435 925,1445 1078,1445 1078,1440 1079,1440 1079,1432 1080,1432 1080,1430 1082,1430 1082,1429 1117,1429 1117,1428 1165,1428 1165,1426 1166,1426 1166,1425 1167,1425 1167,1424 1275,1424 1275,1425 1276,1425 1276,1427 1277,1427 1277,1433 1287,1433 1287,1434 1289,1434 1289,1435 1291,1435 1291,1436 1292,1436 1292,1438 1293,1438 1293,1439 1294,1439 1294,1440 1295,1440 1295,1442 1297,1442 1297,1445 1298,1445 1298,1447 1440,1447 1440,1448 1441,1448 1441,1463 1444,1463 1444,1464 1458,1464 1458,1465 1459,1465 1459,1469 1460,1469 1460,1471 1459,1471 1459,1474 1457,1474 1457,1475 1270,1475 1270,1477 1269,1477 1269,1480 1268,1480 1268,1485 1267,1485 1267,1487 1265,1487 1265,1488 1262,1488 1262,1487 1261,1487 1261,1474 1123,1474 1123,1477 1122,1477 1122,1482 1121,1482 1121,1483 1120,1483 1120,1484 1111,1484 1111,1486 1110,1486 1110,1487 1109,1487 1109,1488 1073,1488 1073,1489 1071,1489 1071,1490 990,1490 990,1489 989,1489 989,1488 901,1488 901,1486 900,1486 900,1485 899,1485 899,1474 716,1474 716,1476 715,1476 715,1478 645,1478 645,1481 644,1481 644,1482 643,1482 643,1483 642,1483 642,1484 634,1484 634,1485 633,1485 633,1487 632,1487 632,1488 630,1488 630,1489 627,1489 627,1488 626,1488 626,1487 625,1487 625,1475 481,1475 481,1476 480,1476 480,1479 479,1479 479,1480 477,1480 477,1481 476,1481 476,1482 471,1482 471,1481 470,1481 470,1476 356,1476 356,1479 355,1479 355,1481 354,1481 354,1485 353,1485 353,1486 352,1486 352,1487 348,1487 348,1486 347,1486 347,1475 271,1475 271,1474 267,1474 267,1473 265,1473 265,1472 264,1472 264,1471 263,1471 263,1470 262,1470 262,1469 261,1469 261,1468 260,1468 260,1466 259,1466 259,1461 260,1461 260,1459 261,1459 261,1457 262,1457 262,1455 263,1455 263,1454 264,1454 264,1453 265,1453 265,1452 266,1452 266,1451 268,1451 268,1450 270,1450 270,1449 275,1449 275,1448 280,1448 280,1447 357,1447 357,1448 464,1448 464,1447 524,1447 524,1428 525,1428 525,1427 526,1427 526,1426 528,1426 528,1425 529,1425 529,1426 532,1426 532,1427 533,1427 533,1428 534,1428 534,1429 535,1429 535,1431 637,1431 637,1430 640,1430 640,1429 681,1429 681,1428 683,1428 683,1427 708,1427 708,1426 709,1426 709,1422 710,1422 710,1420"/>
				<Word id="r137">
					<Coords points="357,1447 357,1448 464,1448 464,1447 467,1447 467,1448 468,1448 468,1449 469,1449 469,1465 479,1465 479,1466 481,1466 481,1468 482,1468 482,1473 481,1473 481,1476 480,1476 480,1479 479,1479 479,1480 477,1480 477,1481 476,1481 476,1482 471,1482 471,1481 470,1481 470,1476 356,1476 356,1479 355,1479 355,1481 354,1481 354,1485 353,1485 353,1486 352,1486 352,1487 348,1487 348,1486 347,1486 347,1475 271,1475 271,1474 267,1474 267,1473 265,1473 265,1472 264,1472 264,1471 263,1471 263,1470 262,1470 262,1469 261,1469 261,1468 260,1468 260,1466 259,1466 259,1461 260,1461 260,1459 261,1459 261,1457 262,1457 262,1455 263,1455 263,1454 264,1454 264,1453 265,1453 265,1452 266,1452 266,1451 268,1451 268,1450 270,1450 270,1449 275,1449 275,1448 280,1448 280,1447"/>
					<TextEquiv>
						<Unicode>στησαν,</Unicode>
					</TextEquiv>
				</Word>
				<Word id="r138">
					<Coords points="529,1425 529,1426 532,1426 532,1427 533,1427 533,1428 534,1428 534,1429 535,1429 535,1446 564,1446 564,1447 566,1447 566,1449 567,1449 567,1451 566,1451 566,1455 565,1455 565,1457 564,1457 564,1460 563,1460 563,1461 562,1461 562,1463 561,1463 561,1464 559,1464 559,1466 558,1466 558,1467 557,1467 557,1468 556,1468 556,1469 554,1469 554,1470 553,1470 553,1471 551,1471 551,1472 549,1472 549,1473 546,1473 546,1474 543,1474 543,1475 542,1475 542,1474 522,1474 522,1473 518,1473 518,1472 517,1472 517,1471 515,1471 515,1470 514,1470 514,1467 513,1467 513,1465 512,1465 512,1458 513,1458 513,1456 514,1456 514,1454 515,1454 515,1452 516,1452 516,1451 517,1451 517,1450 519,1450 519,1449 521,1449 521,1448 524,1448 524,1428 525,1428 525,1427 526,1427 526,1426 528,1426 528,1425"/>
					<TextEquiv>
						<Unicode>ἐν</Unicode>
					</TextEquiv>
				</Word>
				<Word id="r139">
					<Coords points="645,1429 645,1430 647,1430 647,1432 649,1432 649,1434 650,1434 650,1437 651,1437 651,1449 652,1449 652,1452 653,1452 653,1453 652,1453 652,1458 651,1458 651,1461 650,1461 650,1464 649,1464 649,1468 648,1468 648,1471 647,1471 647,1475 646,1475 646,1478 645,1478 645,1481 644,1481 644,1482 643,1482 643,1483 642,1483 642,1484 634,1484 634,1485 633,1485 633,1487 632,1487 632,1488 630,1488 630,1489 627,1489 627,1488 626,1488 626,1487 625,1487 625,1474 601,1474 601,1473 600,1473 600,1471 599,1471 599,1458 593,1458 593,1457 592,1457 592,1455 591,1455 591,1451 592,1451 592,1449 593,1449 593,1448 595,1448 595,1447 633,1447 633,1434 634,1434 634,1433 635,1433 635,1432 636,1432 636,1431 637,1431 637,1430 640,1430 640,1429"/>
					<TextEquiv>
						<Unicode>τῇ</Unicode>
					</TextEquiv>
				</Word>
				<Word id="r140">
					<Coords points="712,1420 712,1421 713,1421 713,1424 714,1424 714,1426 715,1426 715,1429 716,1429 716,1431 909,1431 909,1430 910,1430 910,1429 912,1429 912,1428 919,1428 919,1429 921,1429 921,1430 922,1430 922,1431 923,1431 923,1432 924,1432 924,1435 925,1435 925,1448 926,1448 926,1454 927,1454 927,1455 926,1455 926,1457 925,1457 925,1461 924,1461 924,1465 923,1465 923,1467 922,1467 922,1471 921,1471 921,1474 920,1474 920,1476 919,1476 919,1481 918,1481 918,1482 917,1482 917,1483 914,1483 914,1484 908,1484 908,1485 907,1485 907,1486 906,1486 906,1487 905,1487 905,1488 901,1488 901,1486 900,1486 900,1485 899,1485 899,1474 716,1474 716,1476 715,1476 715,1478 713,1478 713,1477 712,1477 712,1474 683,1474 683,1473 681,1473 681,1432 680,1432 680,1429 681,1429 681,1428 683,1428 683,1427 708,1427 708,1426 709,1426 709,1422 710,1422 710,1420"/>
					<TextEquiv>
						<Unicode>Σικελικῇ</Unicode>
					</TextEquiv>
				</Word>
				<Word id="r141">
					<Coords points="1120,1428 1120,1429 1124,1429 1124,1430 1125,1430 1125,1431 1126,1431 1126,1433 1127,1433 1127,1435 1128,1435 1128,1449 1129,1449 1129,1450 1130,1450 1130,1454 1129,1454 1129,1459 1128,1459 1128,1463 1127,1463 1127,1465 1126,1465 1126,1469 1125,1469 1125,1472 1124,1472 1124,1474 1123,1474 1123,1477 1122,1477 1122,1482 1121,1482 1121,1483 1120,1483 1120,1484 1111,1484 1111,1486 1110,1486 1110,1487 1109,1487 1109,1488 1073,1488 1073,1489 1071,1489 1071,1490 990,1490 990,1489 989,1489 989,1488 968,1488 968,1487 966,1487 966,1464 956,1464 956,1463 955,1463 955,1461 954,1461 954,1451 955,1451 955,1450 956,1450 956,1448 957,1448 957,1447 960,1447 960,1446 1004,1446 1004,1445 1078,1445 1078,1440 1079,1440 1079,1432 1080,1432 1080,1430 1082,1430 1082,1429 1117,1429 1117,1428"/>
					<TextEquiv>
						<Unicode>γραφῇ</Unicode>
					</TextEquiv>
				</Word>
				<Word id="r142">
					<Coords points="1275,1424 1275,1425 1276,1425 1276,1427 1277,1427 1277,1433 1287,1433 1287,1434 1289,1434 1289,1435 1291,1435 1291,1436 1292,1436 1292,1438 1293,1438 1293,1439 1294,1439 1294,1440 1295,1440 1295,1442 1297,1442 1297,1445 1298,1445 1298,1447 1440,1447 1440,1448 1441,1448 1441,1463 1444,1463 1444,1464 1458,1464 1458,1465 1459,1465 1459,1469 1460,1469 1460,1471 1459,1471 1459,1474 1457,1474 1457,1475 1270,1475 1270,1477 1269,1477 1269,1480 1268,1480 1268,1485 1267,1485 1267,1487 1265,1487 1265,1488 1262,1488 1262,1487 1261,1487 1261,1474 1224,1474 1224,1473 1166,1473 1166,1472 1165,1472 1165,1471 1162,1471 1162,1470 1161,1470 1161,1469 1160,1469 1160,1467 1159,1467 1159,1457 1160,1457 1160,1455 1161,1455 1161,1453 1162,1453 1162,1452 1163,1452 1163,1451 1164,1451 1164,1429 1165,1429 1165,1426 1166,1426 1166,1425 1167,1425 1167,1424"/>
					<TextEquiv>
						<Unicode>δεδήλωται.</Unicode>
					</TextEquiv>
				</Word>
				<TextEquiv>
					<Unicode>στησαν, ἐν τῇ Σικελικῇ γραφῇ δεδήλωται.</Unicode>
				</TextEquiv>
			</TextLine>
			<TextLine id="r18">
				<Coords points="551,1499 551,1500 647,1500 647,1501 648,1501 648,1502 649,1502 649,1504 650,1504 650,1506 651,1506 651,1508 652,1508 652,1510 653,1510 653,1512 654,1512 654,1515 655,1515 655,1521 765,1521 765,1509 766,1509 766,1507 767,1507 767,1506 768,1506 768,1505 769,1505 769,1504 772,1504 772,1503 777,1503 777,1504 780,1504 780,1505 781,1505 781,1506 782,1506 782,1507 783,1507 783,1509 784,1509 784,1521 896,1521 896,1504 897,1504 897,1502 898,1502 898,1501 899,1501 899,1500 901,1500 901,1499 907,1499 907,1501 937,1501 937,1502 943,1502 943,1503 948,1503 948,1504 949,1504 949,1505 950,1505 950,1506 951,1506 951,1507 952,1507 952,1509 953,1509 953,1520 1081,1520 1081,1513 1082,1513 1082,1510 1083,1510 1083,1507 1084,1507 1084,1505 1085,1505 1085,1503 1086,1503 1086,1501 1087,1501 1087,1500 1088,1500 1088,1499 1092,1499 1092,1500 1093,1500 1093,1521 1253,1521 1253,1501 1254,1501 1254,1500 1255,1500 1255,1499 1259,1499 1259,1500 1260,1500 1260,1501 1261,1501 1261,1503 1262,1503 1262,1505 1263,1505 1263,1508 1264,1508 1264,1512 1265,1512 1265,1514 1266,1514 1266,1522 1296,1522 1296,1523 1408,1523 1408,1501 1410,1501 1410,1500 1411,1500 1411,1501 1412,1501 1412,1502 1413,1502 1413,1504 1509,1504 1509,1506 1510,1506 1510,1523 1546,1523 1546,1524 1653,1524 1653,1525 1655,1525 1655,1527 1656,1527 1656,1529 1657,1529 1657,1533 1675,1533 1675,1534 1677,1534 1677,1535 1678,1535 1678,1536 1679,1536 1678,1536 1678,1537 1677,1537 1677,1538 1655,1538 1655,1541 1654,1541 1654,1543 1653,1543 1653,1548 1652,1548 1652,1552 1651,1552 1651,1556 1650,1556 1650,1560 1649,1560 1649,1562 1648,1562 1648,1563 1647,1563 1647,1564 1623,1564 1623,1565 1622,1565 1622,1566 1621,1566 1621,1568 1620,1568 1620,1569 1617,1569 1617,1570 1587,1570 1587,1569 1554,1569 1554,1568 1553,1568 1553,1551 1522,1551 1522,1550 1258,1550 1258,1551 1212,1551 1212,1552 1211,1552 1211,1557 1210,1557 1210,1561 1209,1561 1209,1562 1208,1562 1208,1563 1207,1563 1207,1562 1206,1562 1206,1561 1205,1561 1205,1554 1152,1554 1152,1552 1151,1552 1151,1549 1007,1549 1007,1553 1006,1553 1006,1556 1005,1556 1005,1561 1004,1561 1004,1563 1003,1563 1003,1564 1000,1564 1000,1563 999,1563 999,1548 837,1548 837,1549 654,1549 654,1550 516,1550 516,1551 515,1551 515,1550 367,1550 367,1549 338,1549 338,1548 336,1548 336,1547 334,1547 334,1546 333,1546 333,1545 332,1545 332,1543 331,1543 331,1541 330,1541 330,1538 331,1538 331,1535 333,1535 333,1519 334,1519 334,1508 335,1508 335,1507 352,1507 352,1506 414,1506 414,1505 415,1505 415,1504 416,1504 416,1503 546,1503 546,1501 547,1501 547,1500 548,1500 548,1499"/>
				<Word id="r143">
					<Coords points="352,1507 354,1507 354,1526 355,1526 355,1528 356,1528 356,1541 370,1541 370,1542 371,1542 371,1544 372,1544 372,1547 371,1547 371,1548 370,1548 370,1549 369,1549 369,1550 367,1550 367,1549 338,1549 338,1548 336,1548 336,1547 334,1547 334,1546 333,1546 333,1545 332,1545 332,1543 331,1543 331,1541 330,1541 330,1538 331,1538 331,1535 333,1535 333,1519 334,1519 334,1508 335,1508 335,1507 352,1507 352,1506"/>
					<TextEquiv>
						<Unicode>5.</Unicode>
					</TextEquiv>
				</Word>
				<Word id="r144">
					<Coords points="551,1499 551,1501 553,1501 553,1503 554,1503 554,1505 555,1505 555,1509 556,1509 556,1511 557,1511 557,1514 558,1514 558,1516 559,1516 559,1523 561,1523 561,1524 562,1524 562,1525 563,1525 563,1538 567,1538 567,1539 568,1539 568,1542 567,1542 567,1544 566,1544 566,1545 565,1545 565,1547 564,1547 564,1548 562,1548 562,1549 518,1549 518,1550 516,1550 516,1551 515,1551 515,1550 416,1550 416,1549 414,1549 414,1505 415,1505 415,1504 416,1504 416,1503 546,1503 546,1501 547,1501 547,1500 548,1500 548,1499"/>
					<TextEquiv>
						<Unicode>Μετὰ</Unicode>
					</TextEquiv>
				</Word>
				<Word id="r145">
					<Coords points="647,1500 647,1501 648,1501 648,1502 649,1502 649,1504 650,1504 650,1506 651,1506 651,1508 652,1508 652,1510 653,1510 653,1512 654,1512 654,1515 655,1515 655,1523 657,1523 657,1524 658,1524 658,1528 657,1528 657,1535 656,1535 656,1548 655,1548 655,1549 654,1549 654,1550 619,1550 619,1549 614,1549 614,1548 612,1548 612,1547 611,1547 611,1546 610,1546 610,1545 609,1545 609,1544 608,1544 608,1543 607,1543 607,1533 608,1533 608,1532 609,1532 609,1530 610,1530 610,1529 611,1529 611,1528 612,1528 612,1503 613,1503 613,1502 614,1502 614,1501 615,1501 615,1500"/>
					<TextEquiv>
						<Unicode>δὲ</Unicode>
					</TextEquiv>
				</Word>
				<Word id="r146">
					<Coords points="777,1503 777,1504 780,1504 780,1505 781,1505 781,1506 782,1506 782,1507 783,1507 783,1509 784,1509 784,1521 839,1521 839,1522 842,1522 842,1523 843,1523 843,1524 845,1524 845,1525 846,1525 846,1527 847,1527 847,1531 848,1531 848,1532 847,1532 847,1539 846,1539 846,1541 845,1541 845,1543 844,1543 844,1545 842,1545 842,1546 841,1546 841,1547 839,1547 839,1548 837,1548 837,1549 706,1549 706,1548 705,1548 705,1547 704,1547 704,1532 697,1532 697,1531 696,1531 696,1529 695,1529 695,1528 696,1528 696,1526 697,1526 697,1524 698,1524 698,1523 700,1523 700,1522 738,1522 738,1521 765,1521 765,1509 766,1509 766,1507 767,1507 767,1506 768,1506 768,1505 769,1505 769,1504 772,1504 772,1503"/>
					<TextEquiv>
						<Unicode>τοῦτο</Unicode>
					</TextEquiv>
				</Word>
				<Word id="r147">
					<Coords points="907,1499 907,1501 937,1501 937,1502 943,1502 943,1503 948,1503 948,1504 949,1504 949,1505 950,1505 950,1506 951,1506 951,1507 952,1507 952,1509 953,1509 953,1520 1081,1520 1081,1513 1082,1513 1082,1510 1083,1510 1083,1507 1084,1507 1084,1505 1085,1505 1085,1503 1086,1503 1086,1501 1087,1501 1087,1500 1088,1500 1088,1499 1092,1499 1092,1500 1093,1500 1093,1521 1157,1521 1157,1522 1161,1522 1161,1523 1163,1523 1163,1524 1165,1524 1165,1525 1166,1525 1166,1526 1167,1526 1167,1530 1166,1530 1166,1531 1165,1531 1165,1532 1163,1532 1163,1548 1162,1548 1162,1549 1161,1549 1161,1551 1159,1551 1159,1552 1158,1552 1158,1553 1155,1553 1155,1554 1152,1554 1152,1552 1151,1552 1151,1549 1007,1549 1007,1553 1006,1553 1006,1556 1005,1556 1005,1561 1004,1561 1004,1563 1003,1563 1003,1564 1000,1564 1000,1563 999,1563 999,1548 915,1548 915,1546 914,1546 914,1515 901,1515 901,1514 900,1514 900,1513 899,1513 899,1512 898,1512 898,1511 897,1511 897,1509 896,1509 896,1504 897,1504 897,1502 898,1502 898,1501 899,1501 899,1500 901,1500 901,1499"/>
					<TextEquiv>
						<Unicode>Ῥωμαίοις</Unicode>
					</TextEquiv>
				</Word>
				<Word id="r148">
					<Coords points="1259,1499 1259,1500 1260,1500 1260,1501 1261,1501 1261,1503 1262,1503 1262,1505 1263,1505 1263,1508 1264,1508 1264,1512 1265,1512 1265,1514 1266,1514 1266,1522 1296,1522 1296,1523 1298,1523 1298,1524 1299,1524 1299,1531 1298,1531 1298,1532 1297,1532 1297,1533 1296,1533 1296,1535 1295,1535 1295,1537 1294,1537 1294,1538 1293,1538 1293,1539 1292,1539 1292,1541 1291,1541 1291,1542 1290,1542 1290,1543 1289,1543 1289,1544 1287,1544 1287,1545 1286,1545 1286,1546 1284,1546 1284,1547 1281,1547 1281,1548 1279,1548 1279,1549 1277,1549 1277,1550 1258,1550 1258,1551 1212,1551 1212,1552 1211,1552 1211,1557 1210,1557 1210,1561 1209,1561 1209,1562 1208,1562 1208,1563 1207,1563 1207,1562 1206,1562 1206,1561 1205,1561 1205,1556 1206,1556 1206,1553 1207,1553 1207,1550 1208,1550 1208,1549 1209,1549 1209,1544 1210,1544 1210,1541 1211,1541 1211,1537 1212,1537 1212,1534 1213,1534 1213,1531 1214,1531 1214,1527 1215,1527 1215,1524 1216,1524 1216,1522 1218,1522 1218,1521 1253,1521 1253,1501 1254,1501 1254,1500 1255,1500 1255,1499"/>
					<TextEquiv>
						<Unicode>μὲν</Unicode>
					</TextEquiv>
				</Word>
				<Word id="r149">
					<Coords points="1411,1500 1411,1501 1412,1501 1412,1502 1413,1502 1413,1504 1414,1504 1414,1506 1415,1506 1415,1508 1416,1508 1416,1510 1417,1510 1417,1512 1418,1512 1418,1515 1419,1515 1419,1538 1423,1538 1423,1539 1424,1539 1423,1539 1423,1541 1422,1541 1422,1544 1421,1544 1421,1545 1420,1545 1420,1546 1419,1546 1419,1548 1417,1548 1417,1549 1415,1549 1415,1550 1338,1550 1338,1549 1337,1549 1337,1546 1338,1546 1338,1544 1339,1544 1339,1541 1340,1541 1340,1539 1341,1539 1341,1535 1342,1535 1342,1532 1343,1532 1343,1528 1344,1528 1344,1527 1345,1527 1345,1524 1346,1524 1346,1523 1408,1523 1408,1501 1410,1501 1410,1500"/>
					<TextEquiv>
						<Unicode>καὶ</Unicode>
					</TextEquiv>
				</Word>
				<Word id="r150">
					<Coords points="1509,1504 1509,1506 1510,1506 1510,1523 1546,1523 1546,1524 1653,1524 1653,1525 1655,1525 1655,1527 1656,1527 1656,1529 1657,1529 1657,1533 1675,1533 1675,1534 1677,1534 1677,1535 1678,1535 1678,1536 1679,1536 1678,1536 1678,1537 1677,1537 1677,1538 1655,1538 1655,1541 1654,1541 1654,1543 1653,1543 1653,1548 1652,1548 1652,1552 1651,1552 1651,1556 1650,1556 1650,1560 1649,1560 1649,1562 1648,1562 1648,1563 1647,1563 1647,1564 1623,1564 1623,1565 1622,1565 1622,1566 1621,1566 1621,1568 1620,1568 1620,1569 1617,1569 1617,1570 1587,1570 1587,1569 1554,1569 1554,1568 1553,1568 1553,1551 1522,1551 1522,1550 1466,1550 1466,1548 1465,1548 1465,1506 1466,1506 1466,1505 1467,1505 1467,1504"/>
					<TextEquiv>
						<Unicode>Καρχη-</Unicode>
					</TextEquiv>
				</Word>
				<TextEquiv>
					<Unicode>5. Μετὰ δὲ τοῦτο Ῥωμαίοις μὲν καὶ Καρχη-</Unicode>
				</TextEquiv>
			</TextLine>
			<TextLine id="r19">
				<Coords points="367,1575 369,1575 369,1576 370,1576 370,1597 515,1597 515,1578 516,1578 516,1577 517,1577 517,1576 520,1576 520,1575 520,1576 523,1576 523,1577 524,1577 524,1578 525,1578 525,1579 526,1579 526,1596 663,1596 663,1584 664,1584 664,1583 665,1583 665,1581 666,1581 666,1580 668,1580 668,1579 669,1579 669,1578 762,1578 762,1577 764,1577 764,1576 765,1576 765,1575 767,1575 767,1574 771,1574 771,1575 775,1575 775,1576 955,1576 955,1575 959,1575 959,1576 960,1576 960,1577 961,1577 961,1578 962,1578 962,1579 963,1579 963,1581 1072,1581 1072,1579 1073,1579 1073,1577 1074,1577 1074,1576 1075,1576 1075,1575 1077,1575 1077,1574 1077,1575 1079,1575 1079,1576 1080,1576 1080,1582 1087,1582 1087,1583 1090,1583 1090,1584 1092,1584 1092,1585 1093,1585 1093,1586 1094,1586 1094,1587 1095,1587 1095,1588 1096,1588 1096,1589 1097,1589 1097,1591 1098,1591 1098,1592 1099,1592 1099,1595 1100,1595 1100,1596 1266,1596 1266,1594 1267,1594 1267,1592 1268,1592 1268,1589 1269,1589 1269,1586 1270,1586 1270,1584 1271,1584 1271,1581 1272,1581 1272,1579 1273,1579 1273,1578 1313,1578 1313,1577 1314,1577 1314,1576 1316,1576 1316,1575 1319,1575 1319,1576 1320,1576 1320,1577 1352,1577 1352,1578 1354,1578 1354,1579 1356,1579 1356,1580 1358,1580 1358,1581 1359,1581 1359,1583 1360,1583 1360,1584 1361,1584 1361,1597 1493,1597 1493,1580 1494,1580 1494,1579 1495,1579 1495,1578 1497,1578 1497,1577 1517,1577 1517,1576 1520,1576 1520,1575 1523,1575 1523,1576 1525,1576 1525,1577 1591,1577 1591,1578 1592,1578 1592,1579 1593,1579 1593,1599 1676,1599 1676,1602 1677,1602 1677,1616 1679,1616 1679,1619 1678,1619 1678,1622 1677,1622 1677,1623 1676,1623 1676,1624 1675,1624 1675,1625 1673,1625 1673,1626 1671,1626 1671,1627 1603,1627 1603,1626 1458,1626 1458,1627 1457,1627 1457,1629 1456,1629 1456,1631 1454,1631 1454,1632 1453,1632 1453,1633 1448,1633 1448,1632 1447,1632 1447,1630 1431,1630 1431,1629 1430,1629 1430,1626 1325,1626 1325,1633 1324,1633 1324,1634 1323,1634 1323,1635 1320,1635 1320,1634 1319,1634 1319,1629 1217,1629 1217,1630 1216,1630 1216,1631 1214,1631 1214,1632 1210,1632 1210,1629 1191,1629 1191,1628 1190,1628 1190,1625 1073,1625 1073,1627 1072,1627 1072,1629 1071,1629 1071,1634 1070,1634 1070,1636 1069,1636 1069,1637 1067,1637 1067,1638 1064,1638 1064,1636 1063,1636 1063,1624 1037,1624 1037,1623 894,1623 894,1624 893,1624 893,1625 892,1625 892,1626 891,1626 891,1627 889,1627 889,1628 887,1628 887,1629 884,1629 884,1628 883,1628 883,1625 776,1625 776,1630 775,1630 775,1633 774,1633 774,1635 773,1635 773,1636 771,1636 771,1637 769,1637 769,1636 767,1636 767,1625 585,1625 585,1626 584,1626 584,1630 583,1630 583,1633 582,1633 582,1635 581,1635 581,1636 579,1636 579,1637 532,1637 532,1639 531,1639 531,1640 528,1640 528,1629 430,1629 430,1628 429,1628 429,1625 325,1625 325,1626 271,1626 271,1625 268,1625 268,1624 266,1624 266,1623 265,1623 265,1622 264,1622 264,1620 263,1620 263,1619 262,1619 262,1616 261,1616 261,1610 262,1610 262,1608 263,1608 263,1607 264,1607 264,1605 265,1605 265,1604 266,1604 266,1584 267,1584 267,1579 268,1579 268,1578 269,1578 269,1577 270,1577 270,1576 364,1576 364,1575 367,1575 367,1574"/>
				<Word id="r151">
					<Coords points="367,1575 369,1575 369,1576 370,1576 370,1597 438,1597 438,1598 441,1598 441,1599 442,1599 442,1600 444,1600 444,1602 445,1602 445,1606 443,1606 443,1607 440,1607 440,1624 439,1624 439,1626 438,1626 438,1627 436,1627 436,1628 434,1628 434,1629 430,1629 430,1628 429,1628 429,1625 325,1625 325,1626 271,1626 271,1625 268,1625 268,1624 266,1624 266,1623 265,1623 265,1622 264,1622 264,1620 263,1620 263,1619 262,1619 262,1616 261,1616 261,1610 262,1610 262,1608 263,1608 263,1607 264,1607 264,1605 265,1605 265,1604 266,1604 266,1584 267,1584 267,1579 268,1579 268,1578 269,1578 269,1577 270,1577 270,1576 364,1576 364,1575 367,1575 367,1574"/>
					<TextEquiv>
						<Unicode>δονίοις</Unicode>
					</TextEquiv>
				</Word>
				<Word id="r152">
					<Coords points="520,1576 523,1576 523,1577 524,1577 524,1578 525,1578 525,1579 526,1579 526,1596 663,1596 663,1584 664,1584 664,1583 665,1583 665,1581 666,1581 666,1580 668,1580 668,1579 669,1579 669,1578 677,1578 677,1579 678,1579 678,1580 679,1580 679,1581 681,1581 681,1582 682,1582 682,1584 683,1584 683,1595 709,1595 709,1596 711,1596 711,1613 714,1613 714,1614 715,1614 715,1616 714,1616 714,1618 713,1618 713,1620 712,1620 712,1621 711,1621 711,1623 709,1623 709,1624 707,1624 707,1625 585,1625 585,1626 584,1626 584,1630 583,1630 583,1633 582,1633 582,1635 581,1635 581,1636 579,1636 579,1637 532,1637 532,1639 531,1639 531,1640 528,1640 528,1625 514,1625 514,1624 491,1624 491,1623 489,1623 489,1622 488,1622 488,1621 486,1621 486,1619 485,1619 485,1618 484,1618 484,1615 483,1615 483,1612 484,1612 484,1607 485,1607 485,1605 486,1605 486,1603 487,1603 487,1602 488,1602 488,1601 489,1601 489,1600 490,1600 490,1599 493,1599 493,1598 495,1598 495,1597 515,1597 515,1578 516,1578 516,1577 517,1577 517,1576 520,1576 520,1575"/>
					<TextEquiv>
						<Unicode>εἰρηναῖα</Unicode>
					</TextEquiv>
				</Word>
				<Word id="r153">
					<Coords points="771,1574 771,1575 775,1575 775,1576 777,1576 777,1578 778,1578 778,1579 779,1579 779,1583 780,1583 780,1596 812,1596 812,1598 813,1598 813,1602 812,1602 812,1607 811,1607 811,1609 810,1609 810,1610 809,1610 809,1612 808,1612 808,1613 807,1613 807,1614 806,1614 806,1615 805,1615 805,1616 804,1616 804,1617 802,1617 802,1618 801,1618 801,1620 799,1620 799,1621 798,1621 798,1622 796,1622 796,1623 793,1623 793,1624 777,1624 777,1625 776,1625 776,1630 775,1630 775,1633 774,1633 774,1635 773,1635 773,1636 771,1636 771,1637 769,1637 769,1636 767,1636 767,1621 755,1621 755,1620 754,1620 754,1607 752,1607 752,1606 751,1606 751,1603 752,1603 752,1601 753,1601 753,1600 754,1600 754,1598 756,1598 756,1597 757,1597 757,1596 760,1596 760,1581 761,1581 761,1579 762,1579 762,1577 764,1577 764,1576 765,1576 765,1575 767,1575 767,1574"/>
					<TextEquiv>
						<Unicode>ἦν</Unicode>
					</TextEquiv>
				</Word>
				<Word id="r154">
					<Coords points="870,1576 870,1577 872,1577 872,1578 873,1578 873,1580 874,1580 874,1596 891,1596 891,1597 895,1597 895,1598 896,1598 896,1599 897,1599 897,1600 898,1600 898,1602 899,1602 899,1606 898,1606 898,1607 895,1607 895,1621 894,1621 894,1624 893,1624 893,1625 892,1625 892,1626 891,1626 891,1627 889,1627 889,1628 887,1628 887,1629 884,1629 884,1628 883,1628 883,1625 862,1625 862,1624 859,1624 859,1623 857,1623 857,1622 855,1622 855,1621 854,1621 854,1619 853,1619 853,1618 852,1618 852,1615 851,1615 851,1609 852,1609 852,1608 853,1608 853,1606 854,1606 854,1604 855,1604 855,1602 856,1602 856,1601 857,1601 857,1600 858,1600 858,1599 859,1599 859,1598 861,1598 861,1597 864,1597 864,1578 865,1578 865,1576"/>
					<TextEquiv>
						<Unicode>ἐς</Unicode>
					</TextEquiv>
				</Word>
				<Word id="r155">
					<Coords points="1077,1575 1079,1575 1079,1576 1080,1576 1080,1582 1087,1582 1087,1583 1090,1583 1090,1584 1092,1584 1092,1585 1093,1585 1093,1586 1094,1586 1094,1587 1095,1587 1095,1588 1096,1588 1096,1589 1097,1589 1097,1591 1098,1591 1098,1592 1099,1592 1099,1595 1100,1595 1100,1596 1176,1596 1176,1597 1199,1597 1199,1598 1202,1598 1202,1599 1203,1599 1203,1600 1205,1600 1205,1602 1206,1602 1206,1616 1220,1616 1220,1619 1221,1619 1221,1625 1220,1625 1220,1627 1219,1627 1219,1629 1217,1629 1217,1630 1216,1630 1216,1631 1214,1631 1214,1632 1210,1632 1210,1629 1191,1629 1191,1628 1190,1628 1190,1625 1073,1625 1073,1627 1072,1627 1072,1629 1071,1629 1071,1634 1070,1634 1070,1636 1069,1636 1069,1637 1067,1637 1067,1638 1064,1638 1064,1636 1063,1636 1063,1624 1037,1624 1037,1623 943,1623 943,1622 941,1622 941,1621 939,1621 939,1620 938,1620 938,1618 937,1618 937,1613 938,1613 938,1610 939,1610 939,1608 940,1608 940,1606 941,1606 941,1604 942,1604 942,1603 943,1603 943,1602 944,1602 944,1601 945,1601 945,1600 947,1600 947,1599 948,1599 948,1598 949,1598 949,1597 953,1597 953,1576 955,1576 955,1575 959,1575 959,1576 960,1576 960,1577 961,1577 961,1578 962,1578 962,1579 963,1579 963,1581 1072,1581 1072,1579 1073,1579 1073,1577 1074,1577 1074,1576 1075,1576 1075,1575 1077,1575 1077,1574"/>
					<TextEquiv>
						<Unicode>ἀλλήλους,</Unicode>
					</TextEquiv>
				</Word>
				<Word id="r156">
					<Coords points="1316,1575 1319,1575 1319,1576 1320,1576 1320,1577 1352,1577 1352,1578 1354,1578 1354,1579 1356,1579 1356,1580 1358,1580 1358,1581 1359,1581 1359,1583 1360,1583 1360,1584 1361,1584 1361,1597 1435,1597 1435,1598 1439,1598 1439,1599 1441,1599 1441,1600 1442,1600 1442,1601 1444,1601 1444,1603 1445,1603 1445,1616 1455,1616 1455,1617 1456,1617 1456,1618 1458,1618 1458,1627 1457,1627 1457,1629 1456,1629 1456,1631 1454,1631 1454,1632 1453,1632 1453,1633 1448,1633 1448,1632 1447,1632 1447,1630 1431,1630 1431,1629 1430,1629 1430,1626 1325,1626 1325,1633 1324,1633 1324,1634 1323,1634 1323,1635 1320,1635 1320,1634 1319,1634 1319,1625 1304,1625 1304,1624 1251,1624 1251,1623 1250,1623 1250,1620 1252,1620 1252,1619 1257,1619 1257,1617 1258,1617 1258,1616 1259,1616 1259,1612 1260,1612 1260,1609 1261,1609 1261,1607 1262,1607 1262,1603 1263,1603 1263,1601 1264,1601 1264,1600 1265,1600 1265,1596 1266,1596 1266,1594 1267,1594 1267,1592 1268,1592 1268,1589 1269,1589 1269,1586 1270,1586 1270,1584 1271,1584 1271,1581 1272,1581 1272,1579 1273,1579 1273,1578 1313,1578 1313,1577 1314,1577 1314,1576 1316,1576"/>
					<TextEquiv>
						<Unicode>Λίβυες,</Unicode>
					</TextEquiv>
				</Word>
				<Word id="r158">
					<Coords points="1523,1575 1523,1576 1525,1576 1525,1577 1526,1577 1526,1578 1527,1578 1527,1582 1528,1582 1528,1583 1527,1583 1527,1587 1526,1587 1526,1588 1525,1588 1525,1590 1524,1590 1524,1591 1522,1591 1522,1592 1513,1592 1513,1617 1512,1617 1512,1618 1511,1618 1511,1620 1510,1620 1510,1621 1509,1621 1509,1622 1508,1622 1508,1623 1507,1623 1507,1624 1506,1624 1506,1625 1503,1625 1503,1626 1496,1626 1496,1625 1493,1625 1493,1624 1492,1624 1492,1623 1491,1623 1491,1622 1490,1622 1490,1620 1489,1620 1489,1618 1488,1618 1488,1610 1489,1610 1489,1607 1490,1607 1490,1606 1491,1606 1491,1605 1492,1605 1492,1604 1493,1604 1493,1580 1494,1580 1494,1579 1495,1579 1495,1578 1497,1578 1497,1577 1517,1577 1517,1576 1520,1576 1520,1575"/>
					<TextEquiv>
						<Unicode>δ᾽</Unicode>
					</TextEquiv>
				</Word>
				<Word id="r159">
					<Coords points="1591,1577 1591,1578 1592,1578 1592,1579 1593,1579 1593,1599 1676,1599 1676,1602 1677,1602 1677,1616 1679,1616 1679,1619 1678,1619 1678,1622 1677,1622 1677,1623 1676,1623 1676,1624 1675,1624 1675,1625 1673,1625 1673,1626 1671,1626 1671,1627 1603,1627 1603,1626 1573,1626 1573,1625 1570,1625 1570,1624 1569,1624 1569,1623 1568,1623 1568,1621 1567,1621 1567,1620 1566,1620 1566,1617 1565,1617 1565,1612 1566,1612 1566,1609 1567,1609 1567,1607 1568,1607 1568,1605 1569,1605 1569,1604 1570,1604 1570,1603 1571,1603 1571,1587 1572,1587 1572,1585 1573,1585 1573,1582 1574,1582 1574,1581 1576,1581 1576,1580 1587,1580 1587,1579 1588,1579 1588,1578 1589,1578 1589,1577"/>
					<TextEquiv>
						<Unicode>ὅσοι</Unicode>
					</TextEquiv>
				</Word>
				<TextEquiv>
					<Unicode>δονίοις εἰρηναῖα ἦν ἐς ἀλλήλους, Λίβυες, δ᾽ ὅσοι</Unicode>
				</TextEquiv>
			</TextLine>
			<TextLine id="r20">
				<Coords points="562,1649 562,1650 563,1650 563,1652 564,1652 564,1671 596,1671 596,1672 702,1672 702,1654 704,1654 704,1653 716,1653 716,1652 717,1652 717,1651 718,1651 718,1650 721,1650 721,1651 722,1651 722,1671 905,1671 905,1654 906,1654 906,1653 907,1653 907,1652 908,1652 908,1651 911,1651 911,1650 998,1650 998,1649 999,1649 999,1650 1000,1650 1000,1651 1001,1651 1001,1672 1109,1672 1109,1673 1225,1673 1225,1672 1503,1672 1503,1667 1504,1667 1504,1663 1505,1663 1505,1661 1506,1661 1506,1659 1507,1659 1507,1656 1508,1656 1508,1655 1509,1655 1509,1654 1510,1654 1510,1652 1512,1652 1512,1651 1515,1651 1515,1652 1516,1652 1516,1673 1573,1673 1573,1674 1645,1674 1645,1675 1679,1675 1679,1676 1680,1676 1680,1678 1681,1678 1681,1680 1680,1680 1680,1683 1679,1683 1679,1685 1678,1685 1678,1687 1677,1687 1677,1689 1676,1689 1676,1690 1675,1690 1675,1691 1674,1691 1674,1693 1673,1693 1673,1694 1672,1694 1672,1695 1671,1695 1671,1696 1670,1696 1670,1697 1668,1697 1668,1698 1667,1698 1667,1699 1666,1699 1666,1700 1664,1700 1664,1701 1662,1701 1662,1702 1659,1702 1659,1703 1622,1703 1622,1702 1620,1702 1620,1701 1510,1701 1510,1703 1509,1703 1509,1709 1508,1709 1508,1712 1507,1712 1507,1714 1506,1714 1506,1716 1476,1716 1476,1717 1475,1717 1475,1718 1443,1718 1443,1717 1442,1717 1442,1716 1370,1716 1370,1715 1369,1715 1369,1714 1368,1714 1368,1713 1307,1713 1307,1712 1305,1712 1305,1700 1254,1700 1254,1699 995,1699 995,1700 994,1700 994,1703 993,1703 993,1708 992,1708 992,1711 991,1711 991,1712 990,1712 990,1713 986,1713 986,1699 827,1699 827,1700 826,1700 826,1702 824,1702 824,1703 820,1703 820,1704 818,1704 818,1699 612,1699 612,1700 553,1700 553,1701 550,1701 550,1700 446,1700 446,1704 445,1704 445,1709 444,1709 444,1711 443,1711 443,1712 440,1712 440,1713 416,1713 416,1714 415,1714 415,1715 413,1715 413,1716 411,1716 411,1717 382,1717 382,1716 381,1716 381,1715 350,1715 350,1714 349,1714 349,1700 266,1700 266,1699 264,1699 264,1698 263,1698 263,1655 264,1655 264,1654 301,1654 301,1653 306,1653 306,1654 309,1654 309,1671 461,1671 461,1656 462,1656 462,1654 463,1654 463,1653 464,1653 464,1652 465,1652 465,1651 557,1651 557,1650 558,1650 558,1649"/>
				<Word id="r160">
					<Coords points="562,1649 562,1650 563,1650 563,1652 564,1652 564,1671 596,1671 596,1672 633,1672 633,1673 634,1673 634,1674 635,1674 635,1677 634,1677 634,1679 633,1679 633,1683 632,1683 632,1685 631,1685 631,1687 630,1687 630,1688 629,1688 629,1689 627,1689 627,1691 626,1691 626,1692 625,1692 625,1693 624,1693 624,1694 623,1694 623,1695 621,1695 621,1696 620,1696 620,1697 618,1697 618,1698 615,1698 615,1699 612,1699 612,1700 553,1700 553,1701 550,1701 550,1700 446,1700 446,1704 445,1704 445,1709 444,1709 444,1711 443,1711 443,1712 440,1712 440,1713 416,1713 416,1714 415,1714 415,1715 413,1715 413,1716 411,1716 411,1717 382,1717 382,1716 381,1716 381,1715 350,1715 350,1714 349,1714 349,1700 266,1700 266,1699 264,1699 264,1698 263,1698 263,1655 264,1655 264,1654 301,1654 301,1653 306,1653 306,1654 309,1654 309,1671 461,1671 461,1656 462,1656 462,1654 463,1654 463,1653 464,1653 464,1652 465,1652 465,1651 557,1651 557,1650 558,1650 558,1649"/>
					<TextEquiv>
						<Unicode>Καρχηδονίων</Unicode>
					</TextEquiv>
				</Word>
				<Word id="r161">
					<Coords points="721,1650 721,1651 722,1651 722,1671 827,1671 827,1672 829,1672 829,1673 831,1673 831,1674 832,1674 832,1675 833,1675 833,1677 834,1677 834,1680 833,1680 833,1681 832,1681 832,1682 829,1682 829,1698 828,1698 828,1699 827,1699 827,1700 826,1700 826,1702 824,1702 824,1703 820,1703 820,1704 818,1704 818,1699 704,1699 704,1698 701,1698 701,1697 699,1697 699,1696 698,1696 698,1695 697,1695 697,1694 696,1694 696,1692 695,1692 695,1688 694,1688 695,1688 695,1683 696,1683 696,1681 697,1681 697,1678 698,1678 698,1676 699,1676 699,1675 700,1675 700,1674 701,1674 701,1673 702,1673 702,1654 704,1654 704,1653 716,1653 716,1652 717,1652 717,1651 718,1651 718,1650"/>
					<TextEquiv>
						<Unicode>ὄντες</Unicode>
					</TextEquiv>
				</Word>
				<Word id="r162">
					<Coords points="999,1649 999,1650 1000,1650 1000,1651 1001,1651 1001,1672 1109,1672 1109,1673 1110,1673 1110,1687 1112,1687 1112,1688 1113,1688 1113,1691 1112,1691 1112,1692 1111,1692 1111,1694 1110,1694 1110,1695 1109,1695 1109,1696 1108,1696 1108,1697 1107,1697 1107,1698 1105,1698 1105,1699 995,1699 995,1700 994,1700 994,1703 993,1703 993,1708 992,1708 992,1711 991,1711 991,1712 990,1712 990,1713 986,1713 986,1699 903,1699 903,1698 900,1698 900,1697 899,1697 899,1695 898,1695 898,1693 897,1693 897,1677 896,1677 896,1674 897,1674 897,1673 900,1673 900,1672 905,1672 905,1654 906,1654 906,1653 907,1653 907,1652 908,1652 908,1651 911,1651 911,1650 998,1650 998,1649"/>
					<TextEquiv>
						<Unicode>ὑπήκοοι</Unicode>
					</TextEquiv>
				</Word>
				<Word id="r163">
					<Coords points="1515,1651 1515,1652 1516,1652 1516,1673 1573,1673 1573,1674 1645,1674 1645,1675 1679,1675 1679,1676 1680,1676 1680,1678 1681,1678 1681,1680 1680,1680 1680,1683 1679,1683 1679,1685 1678,1685 1678,1687 1677,1687 1677,1689 1676,1689 1676,1690 1675,1690 1675,1691 1674,1691 1674,1693 1673,1693 1673,1694 1672,1694 1672,1695 1671,1695 1671,1696 1670,1696 1670,1697 1668,1697 1668,1698 1667,1698 1667,1699 1666,1699 1666,1700 1664,1700 1664,1701 1662,1701 1662,1702 1659,1702 1659,1703 1622,1703 1622,1702 1620,1702 1620,1701 1510,1701 1510,1703 1509,1703 1509,1709 1508,1709 1508,1712 1507,1712 1507,1714 1506,1714 1506,1716 1476,1716 1476,1717 1475,1717 1475,1718 1443,1718 1443,1717 1442,1717 1442,1716 1370,1716 1370,1715 1369,1715 1369,1714 1368,1714 1368,1713 1307,1713 1307,1712 1305,1712 1305,1700 1254,1700 1254,1699 1188,1699 1188,1698 1186,1698 1186,1697 1184,1697 1184,1696 1183,1696 1183,1695 1182,1695 1182,1692 1181,1692 1181,1686 1182,1686 1182,1684 1183,1684 1183,1682 1184,1682 1184,1681 1185,1681 1185,1680 1186,1680 1186,1678 1187,1678 1187,1677 1189,1677 1189,1676 1192,1676 1192,1675 1195,1675 1195,1674 1199,1674 1199,1673 1225,1673 1225,1672 1503,1672 1503,1667 1504,1667 1504,1663 1505,1663 1505,1661 1506,1661 1506,1659 1507,1659 1507,1656 1508,1656 1508,1655 1509,1655 1509,1654 1510,1654 1510,1652 1512,1652 1512,1651"/>
					<TextEquiv>
						<Unicode>συνεμεμαχήκεσαν</Unicode>
					</TextEquiv>
				</Word>
				<TextEquiv>
					<Unicode>Καρχηδονίων ὄντες ὑπήκοοι συνεμεμαχήκεσαν</Unicode>
				</TextEquiv>
			</TextLine>
			<TextLine id="r21">
				<Coords points="778,1723 778,1724 779,1724 779,1746 841,1746 841,1747 956,1747 956,1728 957,1728 957,1725 962,1725 962,1726 963,1726 963,1727 1055,1727 1055,1728 1056,1728 1056,1729 1057,1729 1057,1733 1173,1733 1173,1732 1174,1732 1174,1731 1176,1731 1176,1730 1177,1730 1177,1729 1287,1729 1287,1728 1288,1728 1288,1727 1289,1727 1289,1726 1292,1726 1292,1728 1293,1728 1293,1730 1294,1730 1294,1748 1423,1748 1423,1730 1424,1730 1424,1729 1426,1729 1426,1728 1426,1729 1429,1729 1429,1730 1432,1730 1432,1732 1433,1732 1433,1748 1601,1748 1601,1747 1602,1747 1602,1746 1603,1746 1603,1743 1604,1743 1604,1742 1605,1742 1605,1740 1606,1740 1606,1738 1607,1738 1607,1737 1608,1737 1608,1736 1609,1736 1609,1734 1611,1734 1611,1733 1612,1733 1612,1732 1613,1732 1613,1731 1615,1731 1615,1730 1617,1730 1617,1729 1621,1729 1621,1728 1621,1729 1624,1729 1624,1730 1625,1730 1625,1731 1626,1731 1626,1732 1627,1732 1627,1736 1628,1736 1628,1750 1650,1750 1650,1751 1652,1751 1652,1752 1653,1752 1653,1753 1654,1753 1654,1755 1655,1755 1655,1758 1656,1758 1656,1759 1678,1759 1678,1760 1679,1760 1679,1764 1678,1764 1678,1765 1655,1765 1655,1769 1654,1769 1654,1770 1653,1770 1653,1772 1652,1772 1652,1773 1651,1773 1651,1774 1650,1774 1650,1775 1649,1775 1649,1776 1647,1776 1647,1777 1643,1777 1643,1778 1504,1778 1504,1784 1503,1784 1503,1789 1502,1789 1502,1791 1500,1791 1500,1792 1498,1792 1498,1791 1433,1791 1433,1790 1432,1790 1432,1777 1420,1777 1420,1776 1205,1776 1205,1775 1077,1775 1077,1774 965,1774 965,1775 855,1775 855,1777 853,1777 853,1778 852,1778 852,1780 851,1780 851,1781 848,1781 848,1782 846,1782 846,1781 845,1781 845,1780 844,1780 844,1774 633,1774 633,1776 632,1776 632,1777 631,1777 631,1776 630,1776 630,1774 523,1774 523,1775 429,1775 429,1776 428,1776 428,1777 427,1777 427,1778 425,1778 425,1779 421,1779 421,1778 420,1778 420,1776 308,1776 308,1775 268,1775 268,1774 265,1774 265,1773 264,1773 264,1772 263,1772 263,1770 262,1770 262,1767 261,1767 262,1767 262,1761 263,1761 263,1759 264,1759 264,1757 265,1757 265,1756 266,1756 266,1754 267,1754 267,1753 268,1753 268,1752 269,1752 269,1751 270,1751 270,1750 272,1750 272,1749 274,1749 274,1748 310,1748 310,1728 314,1728 314,1727 316,1727 316,1728 319,1728 319,1730 485,1730 485,1728 487,1728 487,1727 545,1727 545,1726 627,1726 627,1725 630,1725 630,1726 631,1726 631,1728 632,1728 632,1730 633,1730 633,1731 769,1731 769,1728 770,1728 770,1726 771,1726 771,1725 773,1725 773,1724 774,1724 774,1723"/>
				<Word id="r164">
					<Coords points="316,1727 316,1728 319,1728 319,1730 405,1730 405,1731 407,1731 407,1732 409,1732 409,1733 410,1733 410,1734 411,1734 411,1735 412,1735 412,1737 413,1737 413,1748 429,1748 429,1749 431,1749 431,1750 433,1750 433,1751 434,1751 434,1752 435,1752 435,1756 434,1756 434,1757 431,1757 431,1773 430,1773 430,1775 429,1775 429,1776 428,1776 428,1777 427,1777 427,1778 425,1778 425,1779 421,1779 421,1778 420,1778 420,1776 308,1776 308,1775 268,1775 268,1774 265,1774 265,1773 264,1773 264,1772 263,1772 263,1770 262,1770 262,1767 261,1767 262,1767 262,1761 263,1761 263,1759 264,1759 264,1757 265,1757 265,1756 266,1756 266,1754 267,1754 267,1753 268,1753 268,1752 269,1752 269,1751 270,1751 270,1750 272,1750 272,1749 274,1749 274,1748 310,1748 310,1728 314,1728 314,1727"/>
					<TextEquiv>
						<Unicode>αὐτοῖς</Unicode>
					</TextEquiv>
				</Word>
				<Word id="r165">
					<Coords points="547,1726 547,1727 548,1727 548,1728 549,1728 549,1730 550,1730 550,1732 551,1732 551,1734 552,1734 552,1736 553,1736 553,1738 554,1738 554,1763 558,1763 558,1764 559,1764 559,1765 558,1765 558,1767 557,1767 557,1769 556,1769 556,1771 555,1771 555,1772 553,1772 553,1773 551,1773 551,1774 523,1774 523,1775 484,1775 484,1774 480,1774 480,1773 478,1773 478,1772 477,1772 477,1771 476,1771 476,1770 475,1770 475,1768 474,1768 474,1767 473,1767 473,1760 474,1760 474,1757 475,1757 475,1756 476,1756 476,1754 477,1754 477,1752 479,1752 479,1751 480,1751 480,1750 482,1750 482,1749 484,1749 484,1748 485,1748 485,1728 487,1728 487,1727 545,1727 545,1726"/>
					<TextEquiv>
						<Unicode>ἐπὶ</Unicode>
					</TextEquiv>
				</Word>
				<Word id="r166">
					<Coords points="778,1723 778,1724 779,1724 779,1746 841,1746 841,1747 842,1747 842,1748 843,1748 843,1764 853,1764 853,1765 855,1765 855,1767 856,1767 856,1768 857,1768 857,1771 856,1771 856,1774 855,1774 855,1777 853,1777 853,1778 852,1778 852,1780 851,1780 851,1781 848,1781 848,1782 846,1782 846,1781 845,1781 845,1780 844,1780 844,1774 633,1774 633,1776 632,1776 632,1777 631,1777 631,1776 630,1776 630,1774 629,1774 629,1773 599,1773 599,1772 598,1772 598,1729 600,1729 600,1728 624,1728 624,1727 626,1727 626,1726 627,1726 627,1725 630,1725 630,1726 631,1726 631,1728 632,1728 632,1730 633,1730 633,1731 769,1731 769,1728 770,1728 770,1726 771,1726 771,1725 773,1725 773,1724 774,1724 774,1723"/>
					<TextEquiv>
						<Unicode>Σικελίαν,</Unicode>
					</TextEquiv>
				</Word>
				<Word id="r167">
					<Coords points="962,1725 962,1726 963,1726 963,1728 964,1728 964,1730 965,1730 965,1733 966,1733 966,1735 967,1735 967,1737 968,1737 968,1738 969,1738 969,1762 973,1762 973,1767 972,1767 972,1769 971,1769 971,1770 970,1770 970,1771 969,1771 969,1772 968,1772 968,1773 967,1773 967,1774 965,1774 965,1775 888,1775 888,1774 886,1774 886,1772 887,1772 887,1769 888,1769 888,1767 889,1767 889,1764 890,1764 890,1760 891,1760 891,1756 892,1756 892,1754 893,1754 893,1751 894,1751 894,1749 897,1749 897,1748 910,1748 910,1747 956,1747 956,1728 957,1728 957,1725"/>
					<TextEquiv>
						<Unicode>καὶ</Unicode>
					</TextEquiv>
				</Word>
				<Word id="r168">
					<Coords points="1055,1728 1056,1728 1056,1729 1057,1729 1057,1733 1173,1733 1173,1732 1174,1732 1174,1731 1176,1731 1176,1730 1177,1730 1177,1729 1186,1729 1186,1730 1187,1730 1187,1731 1188,1731 1188,1732 1189,1732 1189,1734 1190,1734 1190,1736 1191,1736 1191,1748 1229,1748 1229,1750 1230,1750 1230,1756 1229,1756 1229,1758 1228,1758 1228,1760 1227,1760 1227,1762 1226,1762 1226,1763 1225,1763 1225,1764 1224,1764 1224,1765 1223,1765 1223,1767 1222,1767 1222,1768 1221,1768 1221,1769 1220,1769 1220,1770 1219,1770 1219,1771 1216,1771 1216,1772 1215,1772 1215,1773 1213,1773 1213,1774 1211,1774 1211,1775 1207,1775 1207,1776 1205,1776 1205,1775 1077,1775 1077,1774 1013,1774 1013,1773 1012,1773 1012,1772 1013,1772 1013,1729 1015,1729 1015,1728 1055,1728 1055,1727"/>
					<TextEquiv>
						<Unicode>Κελτῶν</Unicode>
					</TextEquiv>
				</Word>
				<Word id="r169">
					<Coords points="1292,1726 1292,1728 1293,1728 1293,1730 1294,1730 1294,1748 1379,1748 1379,1749 1380,1749 1380,1764 1383,1764 1383,1765 1384,1765 1384,1767 1383,1767 1383,1768 1382,1768 1382,1770 1381,1770 1381,1771 1380,1771 1380,1773 1379,1773 1379,1774 1377,1774 1377,1775 1375,1775 1375,1776 1304,1776 1304,1775 1272,1775 1272,1774 1271,1774 1271,1773 1270,1773 1270,1772 1269,1772 1269,1771 1268,1771 1268,1769 1267,1769 1267,1767 1266,1767 1266,1760 1267,1760 1267,1757 1268,1757 1268,1756 1269,1756 1269,1754 1270,1754 1270,1753 1271,1753 1271,1752 1272,1752 1272,1735 1273,1735 1273,1732 1274,1732 1274,1731 1276,1731 1276,1730 1287,1730 1287,1728 1288,1728 1288,1727 1289,1727 1289,1726"/>
					<TextEquiv>
						<Unicode>ὅσοι</Unicode>
					</TextEquiv>
				</Word>
				<Word id="r170">
					<Coords points="1426,1729 1429,1729 1429,1730 1432,1730 1432,1732 1433,1732 1433,1748 1601,1748 1601,1747 1602,1747 1602,1746 1603,1746 1603,1743 1604,1743 1604,1742 1605,1742 1605,1740 1606,1740 1606,1738 1607,1738 1607,1737 1608,1737 1608,1736 1609,1736 1609,1734 1611,1734 1611,1733 1612,1733 1612,1732 1613,1732 1613,1731 1615,1731 1615,1730 1617,1730 1617,1729 1621,1729 1621,1728 1621,1729 1624,1729 1624,1730 1625,1730 1625,1731 1626,1731 1626,1732 1627,1732 1627,1736 1628,1736 1628,1750 1650,1750 1650,1751 1652,1751 1652,1752 1653,1752 1653,1753 1654,1753 1654,1755 1655,1755 1655,1758 1656,1758 1656,1759 1678,1759 1678,1760 1679,1760 1679,1764 1678,1764 1678,1765 1655,1765 1655,1769 1654,1769 1654,1770 1653,1770 1653,1772 1652,1772 1652,1773 1651,1773 1651,1774 1650,1774 1650,1775 1649,1775 1649,1776 1647,1776 1647,1777 1643,1777 1643,1778 1504,1778 1504,1784 1503,1784 1503,1789 1502,1789 1502,1791 1500,1791 1500,1792 1498,1792 1498,1791 1433,1791 1433,1790 1432,1790 1432,1777 1420,1777 1420,1776 1416,1776 1416,1775 1414,1775 1414,1774 1413,1774 1413,1773 1412,1773 1412,1771 1411,1771 1411,1769 1410,1769 1410,1768 1409,1768 1409,1765 1410,1765 1410,1762 1411,1762 1411,1758 1412,1758 1412,1757 1413,1757 1413,1756 1414,1756 1414,1754 1415,1754 1415,1753 1417,1753 1417,1752 1418,1752 1418,1751 1420,1751 1420,1750 1421,1750 1421,1749 1423,1749 1423,1730 1424,1730 1424,1729 1426,1729 1426,1728"/>
					<TextEquiv>
						<Unicode>ἐμεμισθο-</Unicode>
					</TextEquiv>
				</Word>
				<TextEquiv>
					<Unicode>αὐτοῖς ἐπὶ Σικελίαν, καὶ Κελτῶν ὅσοι ἐμεμισθο-</Unicode>
				</TextEquiv>
			</TextLine>
			<TextLine id="r22">
				<Coords points="765,1792 765,1793 766,1793 766,1794 767,1794 767,1814 895,1814 895,1808 896,1808 896,1805 897,1805 897,1803 898,1803 898,1802 899,1802 899,1800 900,1800 900,1799 901,1799 901,1797 902,1797 902,1796 903,1796 903,1795 906,1795 906,1796 907,1796 907,1815 979,1815 979,1816 1099,1816 1099,1815 1190,1815 1190,1814 1191,1814 1191,1810 1192,1810 1192,1809 1193,1809 1193,1807 1194,1807 1194,1805 1195,1805 1195,1804 1196,1804 1196,1802 1197,1802 1197,1801 1198,1801 1198,1800 1200,1800 1200,1799 1201,1799 1201,1798 1202,1798 1202,1797 1204,1797 1204,1796 1205,1796 1205,1795 1211,1795 1211,1796 1212,1796 1212,1797 1213,1797 1213,1798 1247,1798 1247,1799 1248,1799 1248,1800 1249,1800 1249,1802 1250,1802 1250,1804 1251,1804 1251,1816 1287,1816 1287,1817 1397,1817 1397,1796 1398,1796 1398,1795 1400,1795 1400,1796 1472,1796 1472,1797 1473,1797 1473,1798 1474,1798 1474,1817 1521,1817 1521,1818 1646,1818 1646,1812 1647,1812 1647,1808 1648,1808 1648,1806 1649,1806 1649,1802 1650,1802 1650,1800 1651,1800 1651,1798 1652,1798 1652,1797 1653,1797 1653,1796 1654,1796 1654,1795 1658,1795 1658,1796 1659,1796 1659,1828 1677,1828 1677,1829 1678,1829 1678,1831 1677,1831 1677,1832 1675,1832 1675,1833 1655,1833 1655,1843 1654,1843 1654,1844 1653,1844 1653,1845 1650,1845 1650,1846 1631,1846 1631,1857 1630,1857 1630,1860 1629,1860 1629,1861 1628,1861 1628,1862 1626,1862 1626,1863 1625,1863 1625,1864 1622,1864 1622,1865 1620,1865 1620,1864 1595,1864 1595,1863 1594,1863 1594,1846 1567,1846 1567,1845 1367,1845 1367,1846 1364,1846 1364,1845 1326,1845 1326,1844 1093,1844 1093,1847 1092,1847 1092,1850 1091,1850 1091,1853 1090,1853 1090,1856 1089,1856 1089,1857 1087,1857 1087,1856 1086,1856 1086,1855 1085,1855 1085,1844 989,1844 989,1843 774,1843 774,1847 773,1847 773,1851 772,1851 772,1855 770,1855 770,1856 753,1856 753,1855 751,1855 751,1843 649,1843 649,1849 648,1849 648,1852 647,1852 647,1855 646,1855 646,1857 644,1857 644,1858 642,1858 642,1859 642,1858 640,1858 640,1857 639,1857 639,1850 564,1850 564,1849 563,1849 563,1844 535,1844 535,1843 391,1843 391,1845 390,1845 390,1850 389,1850 389,1855 388,1855 388,1856 386,1856 386,1857 338,1857 338,1858 337,1858 337,1859 336,1859 336,1860 274,1860 274,1859 273,1859 273,1844 272,1844 272,1843 271,1843 271,1842 269,1842 269,1841 268,1841 268,1840 266,1840 266,1839 265,1839 265,1837 264,1837 264,1834 263,1834 263,1828 264,1828 264,1825 265,1825 265,1824 266,1824 266,1822 268,1822 268,1820 270,1820 270,1819 272,1819 272,1818 274,1818 274,1817 282,1817 282,1816 283,1816 283,1803 284,1803 284,1802 285,1802 285,1801 286,1801 286,1800 389,1800 389,1797 390,1797 390,1796 391,1796 391,1795 392,1795 392,1794 394,1794 394,1793 395,1793 395,1794 396,1794 396,1796 397,1796 397,1815 452,1815 452,1816 615,1816 615,1796 616,1796 616,1795 618,1795 618,1794 621,1794 621,1795 623,1795 623,1796 624,1796 624,1797 625,1797 625,1798 626,1798 626,1801 757,1801 757,1800 758,1800 758,1798 759,1798 759,1796 760,1796 760,1794 761,1794 761,1793 763,1793 763,1792"/>
				<Word id="r171">
					<Coords points="395,1793 395,1794 396,1794 396,1796 397,1796 397,1815 452,1815 452,1816 558,1816 558,1817 559,1817 559,1818 560,1818 560,1834 572,1834 572,1835 574,1835 574,1838 575,1838 575,1840 574,1840 574,1844 573,1844 573,1846 572,1846 572,1847 570,1847 570,1848 569,1848 569,1849 567,1849 567,1850 564,1850 564,1849 563,1849 563,1844 535,1844 535,1843 391,1843 391,1845 390,1845 390,1850 389,1850 389,1855 388,1855 388,1856 386,1856 386,1857 338,1857 338,1858 337,1858 337,1859 336,1859 336,1860 274,1860 274,1859 273,1859 273,1844 272,1844 272,1843 271,1843 271,1842 269,1842 269,1841 268,1841 268,1840 266,1840 266,1839 265,1839 265,1837 264,1837 264,1834 263,1834 263,1828 264,1828 264,1825 265,1825 265,1824 266,1824 266,1822 268,1822 268,1820 270,1820 270,1819 272,1819 272,1818 274,1818 274,1817 282,1817 282,1816 283,1816 283,1803 284,1803 284,1802 285,1802 285,1801 286,1801 286,1800 389,1800 389,1797 390,1797 390,1796 391,1796 391,1795 392,1795 392,1794 394,1794 394,1793"/>
					<TextEquiv>
						<Unicode>φορήκεσαν,</Unicode>
					</TextEquiv>
				</Word>
				<Word id="r172">
					<Coords points="765,1792 765,1793 766,1793 766,1794 767,1794 767,1814 895,1814 895,1808 896,1808 896,1805 897,1805 897,1803 898,1803 898,1802 899,1802 899,1800 900,1800 900,1799 901,1799 901,1797 902,1797 902,1796 903,1796 903,1795 906,1795 906,1796 907,1796 907,1832 909,1832 909,1835 908,1835 908,1836 907,1836 907,1838 906,1838 906,1839 905,1839 905,1840 903,1840 903,1841 886,1841 886,1842 857,1842 857,1843 774,1843 774,1847 773,1847 773,1851 772,1851 772,1855 770,1855 770,1856 753,1856 753,1855 751,1855 751,1843 649,1843 649,1849 648,1849 648,1852 647,1852 647,1855 646,1855 646,1857 644,1857 644,1858 642,1858 642,1859 642,1858 640,1858 640,1857 639,1857 639,1842 610,1842 610,1841 609,1841 609,1840 608,1840 608,1839 607,1839 607,1838 606,1838 606,1837 605,1837 605,1835 604,1835 604,1832 603,1832 603,1827 604,1827 604,1826 605,1826 605,1824 606,1824 606,1822 607,1822 607,1821 608,1821 608,1819 609,1819 609,1818 611,1818 611,1817 613,1817 613,1816 615,1816 615,1796 616,1796 616,1795 618,1795 618,1794 621,1794 621,1795 623,1795 623,1796 624,1796 624,1797 625,1797 625,1798 626,1798 626,1801 757,1801 757,1800 758,1800 758,1798 759,1798 759,1796 760,1796 760,1794 761,1794 761,1793 763,1793 763,1792"/>
					<TextEquiv>
						<Unicode>ἐγκλήματά</Unicode>
					</TextEquiv>
				</Word>
				<Word id="r173">
					<Coords points="979,1815 979,1816 1046,1816 1046,1817 1047,1817 1047,1832 1051,1832 1051,1835 1050,1835 1050,1838 1049,1838 1049,1839 1048,1839 1048,1840 1047,1840 1047,1842 1045,1842 1045,1843 1043,1843 1043,1844 989,1844 989,1843 945,1843 945,1841 944,1841 944,1825 936,1825 936,1818 938,1818 938,1817 939,1817 939,1816 976,1816 976,1815"/>
					<TextEquiv>
						<Unicode>τινα</Unicode>
					</TextEquiv>
				</Word>
				<Word id="r174">
					<Coords points="1205,1795 1211,1795 1211,1796 1212,1796 1212,1797 1213,1797 1213,1798 1247,1798 1247,1799 1248,1799 1248,1800 1249,1800 1249,1802 1250,1802 1250,1804 1251,1804 1251,1816 1287,1816 1287,1817 1288,1817 1288,1818 1289,1818 1289,1824 1288,1824 1288,1826 1287,1826 1287,1828 1286,1828 1286,1830 1285,1830 1285,1831 1284,1831 1284,1832 1283,1832 1283,1833 1282,1833 1282,1834 1281,1834 1281,1835 1280,1835 1280,1836 1279,1836 1279,1837 1278,1837 1278,1838 1277,1838 1277,1839 1276,1839 1276,1840 1274,1840 1274,1841 1273,1841 1273,1842 1270,1842 1270,1843 1268,1843 1268,1844 1093,1844 1093,1847 1092,1847 1092,1850 1091,1850 1091,1853 1090,1853 1090,1856 1089,1856 1089,1857 1087,1857 1087,1856 1086,1856 1086,1855 1085,1855 1085,1852 1086,1852 1086,1848 1087,1848 1087,1846 1088,1846 1088,1842 1089,1842 1089,1840 1090,1840 1090,1837 1091,1837 1091,1834 1092,1834 1092,1831 1093,1831 1093,1826 1094,1826 1094,1823 1095,1823 1095,1819 1096,1819 1096,1817 1097,1817 1097,1816 1099,1816 1099,1815 1190,1815 1190,1814 1191,1814 1191,1810 1192,1810 1192,1809 1193,1809 1193,1807 1194,1807 1194,1805 1195,1805 1195,1804 1196,1804 1196,1802 1197,1802 1197,1801 1198,1801 1198,1800 1200,1800 1200,1799 1201,1799 1201,1798 1202,1798 1202,1797 1204,1797 1204,1796 1205,1796"/>
					<TextEquiv>
						<Unicode>μισθῶν</Unicode>
					</TextEquiv>
				</Word>
				<Word id="r176">
					<Coords points="1400,1795 1400,1796 1402,1796 1402,1797 1403,1797 1403,1798 1404,1798 1404,1801 1405,1801 1405,1802 1406,1802 1406,1805 1407,1805 1407,1809 1408,1809 1408,1810 1409,1810 1409,1832 1412,1832 1412,1833 1413,1833 1413,1835 1412,1835 1412,1837 1411,1837 1411,1839 1410,1839 1410,1841 1409,1841 1409,1842 1407,1842 1407,1844 1404,1844 1404,1845 1367,1845 1367,1846 1364,1846 1364,1845 1326,1845 1326,1844 1324,1844 1324,1842 1325,1842 1325,1840 1326,1840 1326,1838 1327,1838 1327,1836 1328,1836 1328,1833 1329,1833 1329,1829 1330,1829 1330,1827 1331,1827 1331,1822 1332,1822 1332,1820 1333,1820 1333,1818 1335,1818 1335,1817 1397,1817 1397,1796 1398,1796 1398,1795"/>
					<TextEquiv>
						<Unicode>καὶ</Unicode>
					</TextEquiv>
				</Word>
				<Word id="r177">
					<Coords points="1658,1795 1658,1796 1659,1796 1659,1828 1677,1828 1677,1829 1678,1829 1678,1831 1677,1831 1677,1832 1675,1832 1675,1833 1655,1833 1655,1843 1654,1843 1654,1844 1653,1844 1653,1845 1650,1845 1650,1846 1631,1846 1631,1857 1630,1857 1630,1860 1629,1860 1629,1861 1628,1861 1628,1862 1626,1862 1626,1863 1625,1863 1625,1864 1622,1864 1622,1865 1620,1865 1620,1864 1595,1864 1595,1863 1594,1863 1594,1846 1567,1846 1567,1845 1459,1845 1459,1844 1457,1844 1457,1843 1456,1843 1456,1842 1455,1842 1455,1841 1454,1841 1454,1824 1452,1824 1452,1822 1451,1822 1451,1821 1452,1821 1452,1820 1453,1820 1453,1819 1454,1819 1454,1818 1457,1818 1457,1817 1461,1817 1461,1801 1462,1801 1462,1798 1464,1798 1464,1796 1472,1796 1472,1797 1473,1797 1473,1798 1474,1798 1474,1817 1521,1817 1521,1818 1646,1818 1646,1812 1647,1812 1647,1808 1648,1808 1648,1806 1649,1806 1649,1802 1650,1802 1650,1800 1651,1800 1651,1798 1652,1798 1652,1797 1653,1797 1653,1796 1654,1796 1654,1795"/>
					<TextEquiv>
						<Unicode>ὑποσχέ-</Unicode>
					</TextEquiv>
				</Word>
				<TextEquiv>
					<Unicode>φορήκεσαν, ἐγκλήματά τινα μισθῶν καὶ ὑποσχέ-</Unicode>
				</TextEquiv>
			</TextLine>
			<TextLine id="r32">
				<Coords points="1013,1861 1013,1862 1014,1862 1014,1884 1155,1884 1155,1878 1156,1878 1156,1868 1157,1868 1157,1866 1158,1866 1158,1865 1170,1865 1170,1864 1172,1864 1172,1863 1174,1863 1174,1864 1175,1864 1175,1882 1212,1882 1212,1883 1213,1883 1213,1885 1406,1885 1406,1867 1407,1867 1407,1866 1409,1866 1409,1865 1414,1865 1414,1866 1415,1866 1415,1867 1416,1867 1416,1868 1417,1868 1417,1871 1545,1871 1545,1868 1546,1868 1546,1866 1547,1866 1547,1865 1548,1865 1548,1864 1553,1864 1553,1886 1629,1886 1629,1887 1650,1887 1650,1888 1679,1888 1679,1890 1680,1890 1680,1892 1679,1892 1679,1895 1678,1895 1678,1898 1677,1898 1677,1900 1676,1900 1676,1901 1675,1901 1675,1903 1674,1903 1674,1904 1673,1904 1673,1906 1671,1906 1671,1908 1669,1908 1669,1909 1668,1909 1668,1910 1666,1910 1666,1911 1665,1911 1665,1912 1663,1912 1663,1913 1660,1913 1660,1914 1560,1914 1560,1917 1559,1917 1559,1922 1558,1922 1558,1924 1557,1924 1557,1926 1555,1926 1555,1927 1554,1927 1554,1926 1553,1926 1553,1914 1348,1914 1348,1915 1347,1915 1347,1916 1346,1916 1346,1917 1343,1917 1343,1918 1340,1918 1340,1917 1338,1917 1338,1913 1212,1913 1212,1922 1211,1922 1211,1923 1210,1923 1210,1925 1208,1925 1208,1926 1207,1926 1207,1927 1205,1927 1205,1928 1200,1928 1200,1927 1175,1927 1175,1917 1085,1917 1085,1916 1084,1916 1084,1912 896,1912 896,1914 895,1914 895,1917 894,1917 894,1921 893,1921 893,1923 892,1923 892,1924 891,1924 891,1925 864,1925 864,1926 863,1926 863,1927 861,1927 861,1928 859,1928 859,1929 830,1929 830,1928 797,1928 797,1927 796,1927 796,1911 655,1911 655,1912 654,1912 654,1913 653,1913 653,1914 651,1914 651,1915 649,1915 649,1916 645,1916 645,1915 644,1915 644,1912 489,1912 489,1914 488,1914 488,1915 487,1915 487,1916 484,1916 484,1917 479,1917 479,1913 276,1913 276,1912 272,1912 272,1911 268,1911 268,1909 266,1909 266,1906 265,1906 265,1902 264,1902 264,1900 265,1900 265,1897 266,1897 266,1896 267,1896 267,1894 268,1894 268,1893 269,1893 269,1892 270,1892 270,1891 271,1891 271,1890 272,1890 272,1889 274,1889 274,1888 277,1888 277,1887 314,1887 314,1886 316,1886 316,1885 460,1885 460,1867 461,1867 461,1866 462,1866 462,1865 465,1865 465,1866 466,1866 466,1867 467,1867 467,1868 468,1868 468,1870 469,1870 469,1884 485,1884 485,1885 589,1885 589,1884 616,1884 616,1863 618,1863 618,1862 619,1862 619,1863 621,1863 621,1864 622,1864 622,1865 755,1865 755,1866 756,1866 756,1883 866,1883 866,1882 911,1882 911,1865 912,1865 912,1864 913,1864 913,1863 914,1863 914,1862 915,1862 915,1861"/>
				<Word id="r227">
					<Coords points="396,1885 396,1886 398,1886 398,1887 399,1887 399,1892 398,1892 398,1894 397,1894 397,1896 396,1896 396,1898 395,1898 395,1900 394,1900 394,1901 393,1901 393,1902 392,1902 392,1903 391,1903 391,1904 390,1904 390,1905 389,1905 389,1906 388,1906 388,1907 387,1907 387,1908 385,1908 385,1909 384,1909 384,1910 382,1910 382,1911 380,1911 380,1912 378,1912 378,1913 276,1913 276,1912 272,1912 272,1911 268,1911 268,1909 266,1909 266,1906 265,1906 265,1902 264,1902 264,1900 265,1900 265,1897 266,1897 266,1896 267,1896 267,1894 268,1894 268,1893 269,1893 269,1892 270,1892 270,1891 271,1891 271,1890 272,1890 272,1889 274,1889 274,1888 277,1888 277,1887 314,1887 314,1886 316,1886 316,1885"/>
					<TextEquiv>
						<Unicode>σεων</Unicode>
					</TextEquiv>
				</Word>
				<Word id="r228">
					<Coords points="465,1865 465,1866 466,1866 466,1867 467,1867 467,1868 468,1868 468,1870 469,1870 469,1884 485,1884 485,1885 489,1885 489,1886 491,1886 491,1887 493,1887 493,1888 494,1888 494,1889 495,1889 495,1891 496,1891 496,1893 495,1893 495,1895 491,1895 491,1910 490,1910 490,1912 489,1912 489,1914 488,1914 488,1915 487,1915 487,1916 484,1916 484,1917 479,1917 479,1912 454,1912 454,1911 452,1911 452,1910 451,1910 451,1909 449,1909 449,1907 448,1907 448,1903 447,1903 447,1897 448,1897 448,1895 449,1895 449,1893 450,1893 450,1892 451,1892 451,1891 452,1891 452,1889 454,1889 454,1888 455,1888 455,1887 458,1887 458,1886 460,1886 460,1867 461,1867 461,1866 462,1866 462,1865"/>
					<TextEquiv>
						<Unicode>ἐς</Unicode>
					</TextEquiv>
				</Word>
				<Word id="r229">
					<Coords points="619,1862 619,1863 621,1863 621,1864 622,1864 622,1868 623,1868 623,1870 624,1870 624,1873 625,1873 625,1876 626,1876 626,1884 654,1884 654,1885 655,1885 655,1886 658,1886 658,1888 659,1888 659,1889 660,1889 660,1890 661,1890 661,1892 660,1892 660,1894 659,1894 659,1895 656,1895 656,1909 655,1909 655,1912 654,1912 654,1913 653,1913 653,1914 651,1914 651,1915 649,1915 649,1916 645,1916 645,1915 644,1915 644,1912 553,1912 553,1911 552,1911 552,1910 551,1910 551,1896 544,1896 544,1895 543,1895 543,1889 544,1889 544,1887 545,1887 545,1886 547,1886 547,1885 589,1885 589,1884 616,1884 616,1863 618,1863 618,1862"/>
					<TextEquiv>
						<Unicode>τοὺς</Unicode>
					</TextEquiv>
				</Word>
				<Word id="r230">
					<Coords points="1013,1861 1013,1862 1014,1862 1014,1884 1092,1884 1092,1885 1095,1885 1095,1886 1097,1886 1097,1887 1098,1887 1098,1888 1099,1888 1099,1890 1100,1890 1100,1893 1099,1893 1099,1894 1098,1894 1098,1895 1095,1895 1095,1911 1094,1911 1094,1912 1093,1912 1093,1913 1092,1913 1092,1914 1091,1914 1091,1915 1089,1915 1089,1916 1087,1916 1087,1917 1085,1917 1085,1916 1084,1916 1084,1912 896,1912 896,1914 895,1914 895,1917 894,1917 894,1921 893,1921 893,1923 892,1923 892,1924 891,1924 891,1925 864,1925 864,1926 863,1926 863,1927 861,1927 861,1928 859,1928 859,1929 830,1929 830,1928 797,1928 797,1927 796,1927 796,1911 711,1911 711,1910 710,1910 710,1866 711,1866 711,1865 755,1865 755,1866 756,1866 756,1883 866,1883 866,1882 911,1882 911,1865 912,1865 912,1864 913,1864 913,1863 914,1863 914,1862 915,1862 915,1861"/>
					<TextEquiv>
						<Unicode>Καρχηδονίους</Unicode>
					</TextEquiv>
				</Word>
				<Word id="r231">
					<Coords points="1174,1863 1174,1864 1175,1864 1175,1882 1212,1882 1212,1883 1213,1883 1213,1885 1347,1885 1347,1886 1349,1886 1349,1887 1352,1887 1352,1888 1353,1888 1353,1889 1354,1889 1354,1891 1355,1891 1355,1894 1354,1894 1354,1896 1350,1896 1350,1913 1349,1913 1349,1914 1348,1914 1348,1915 1347,1915 1347,1916 1346,1916 1346,1917 1343,1917 1343,1918 1340,1918 1340,1917 1338,1917 1338,1913 1212,1913 1212,1922 1211,1922 1211,1923 1210,1923 1210,1925 1208,1925 1208,1926 1207,1926 1207,1927 1205,1927 1205,1928 1200,1928 1200,1927 1175,1927 1175,1912 1157,1912 1157,1911 1155,1911 1155,1910 1154,1910 1154,1909 1153,1909 1153,1908 1152,1908 1152,1907 1151,1907 1151,1906 1150,1906 1150,1899 1151,1899 1151,1896 1152,1896 1152,1893 1153,1893 1153,1892 1154,1892 1154,1891 1155,1891 1155,1878 1156,1878 1156,1868 1157,1868 1157,1866 1158,1866 1158,1865 1170,1865 1170,1864 1172,1864 1172,1863"/>
					<TextEquiv>
						<Unicode>ἔχοντες</Unicode>
					</TextEquiv>
				</Word>
				<Word id="r232">
					<Coords points="1553,1864 1553,1886 1629,1886 1629,1887 1650,1887 1650,1888 1679,1888 1679,1890 1680,1890 1680,1892 1679,1892 1679,1895 1678,1895 1678,1898 1677,1898 1677,1900 1676,1900 1676,1901 1675,1901 1675,1903 1674,1903 1674,1904 1673,1904 1673,1906 1671,1906 1671,1908 1669,1908 1669,1909 1668,1909 1668,1910 1666,1910 1666,1911 1665,1911 1665,1912 1663,1912 1663,1913 1660,1913 1660,1914 1560,1914 1560,1917 1559,1917 1559,1922 1558,1922 1558,1924 1557,1924 1557,1926 1555,1926 1555,1927 1554,1927 1554,1926 1553,1926 1553,1914 1429,1914 1429,1913 1404,1913 1404,1912 1400,1912 1400,1911 1399,1911 1399,1910 1398,1910 1398,1909 1397,1909 1397,1908 1396,1908 1396,1907 1395,1907 1395,1904 1394,1904 1394,1899 1395,1899 1395,1895 1396,1895 1396,1893 1397,1893 1397,1892 1398,1892 1398,1890 1400,1890 1400,1889 1401,1889 1401,1888 1402,1888 1402,1887 1404,1887 1404,1886 1406,1886 1406,1867 1407,1867 1407,1866 1409,1866 1409,1865 1414,1865 1414,1866 1415,1866 1415,1867 1416,1867 1416,1868 1417,1868 1417,1871 1545,1871 1545,1868 1546,1868 1546,1866 1547,1866 1547,1865 1548,1865 1548,1864"/>
					<TextEquiv>
						<Unicode>ἐπολέμουν</Unicode>
					</TextEquiv>
				</Word>
				<TextEquiv>
					<Unicode>σεων ἐς τοὺς Καρχηδονίους ἔχοντες ἐπολέμουν</Unicode>
				</TextEquiv>
			</TextLine>
			<TextLine id="r24">
				<Coords points="541,1930 542,1930 542,1931 544,1931 544,1933 545,1933 545,1938 554,1938 554,1939 557,1939 557,1940 559,1940 559,1941 560,1941 560,1942 562,1942 562,1943 563,1943 563,1945 564,1945 564,1946 565,1946 565,1948 566,1948 566,1949 567,1949 567,1952 832,1952 832,1951 860,1951 860,1941 861,1941 861,1938 862,1938 862,1937 864,1937 864,1936 866,1936 866,1935 873,1935 873,1936 875,1936 875,1937 877,1937 877,1938 878,1938 878,1953 904,1953 904,1954 907,1954 907,1955 1011,1955 1011,1954 1014,1954 1014,1953 1016,1953 1016,1952 1038,1952 1038,1938 1039,1938 1039,1933 1040,1933 1040,1932 1041,1932 1041,1931 1045,1931 1045,1930 1179,1930 1179,1931 1180,1931 1180,1932 1181,1932 1181,1934 1217,1934 1217,1935 1219,1935 1219,1936 1221,1936 1221,1937 1222,1937 1222,1938 1223,1938 1223,1939 1224,1939 1224,1940 1225,1940 1225,1944 1226,1944 1226,1953 1352,1953 1352,1945 1353,1945 1353,1943 1354,1943 1354,1940 1355,1940 1355,1937 1356,1937 1356,1935 1357,1935 1357,1933 1358,1933 1358,1932 1359,1932 1359,1931 1361,1931 1361,1930 1363,1930 1363,1931 1365,1931 1365,1953 1489,1953 1489,1936 1490,1936 1490,1935 1491,1935 1491,1934 1495,1934 1495,1935 1497,1935 1497,1936 1498,1936 1498,1938 1499,1938 1499,1941 1500,1941 1500,1954 1516,1954 1516,1955 1651,1955 1651,1957 1652,1957 1652,1964 1676,1964 1676,1965 1677,1965 1677,1969 1657,1969 1657,1973 1656,1973 1656,1976 1655,1976 1655,1978 1654,1978 1654,1979 1653,1979 1653,1980 1651,1980 1651,1981 1648,1981 1648,1982 1628,1982 1628,1983 1627,1983 1627,1987 1626,1987 1626,1989 1625,1989 1625,1990 1622,1990 1622,1988 1621,1988 1621,1982 1519,1982 1519,1983 1518,1983 1518,1984 1516,1984 1516,1985 1514,1985 1514,1986 1438,1986 1438,1987 1436,1987 1436,1986 1435,1986 1435,1982 1278,1982 1278,1985 1277,1985 1277,1988 1276,1988 1276,1992 1275,1992 1275,1994 1273,1994 1273,1995 1271,1995 1271,1993 1270,1993 1270,1981 1237,1981 1237,1980 1134,1980 1134,1981 1011,1981 1011,1980 906,1980 906,1982 905,1982 905,1983 903,1983 903,1984 821,1984 821,1986 820,1986 820,1993 819,1993 819,1995 731,1995 731,1996 729,1996 729,1997 726,1997 726,1996 725,1996 725,1981 658,1981 658,1980 524,1980 524,1981 481,1981 481,1983 480,1983 480,1986 479,1986 479,1990 478,1990 478,1992 477,1992 477,1993 474,1993 474,1992 473,1992 473,1985 421,1985 421,1981 274,1981 274,1982 272,1982 272,1981 269,1981 269,1980 268,1980 268,1979 267,1979 267,1978 266,1978 266,1977 265,1977 265,1970 266,1970 266,1966 267,1966 267,1964 268,1964 268,1963 269,1963 269,1962 270,1962 270,1960 271,1960 271,1959 272,1959 272,1958 273,1958 273,1957 274,1957 274,1956 277,1956 277,1955 280,1955 280,1954 313,1954 313,1934 315,1934 315,1933 320,1933 320,1934 321,1934 321,1935 408,1935 408,1936 411,1936 411,1937 413,1937 413,1939 414,1939 414,1940 415,1940 415,1952 427,1952 427,1953 531,1953 531,1947 532,1947 532,1945 533,1945 533,1942 534,1942 534,1939 535,1939 535,1938 536,1938 536,1936 537,1936 537,1933 538,1933 538,1932 539,1932 539,1931 541,1931"/>
				<Word id="r178">
					<Coords points="320,1933 320,1934 321,1934 321,1935 408,1935 408,1936 411,1936 411,1937 413,1937 413,1939 414,1939 414,1940 415,1940 415,1952 427,1952 427,1953 433,1953 433,1954 434,1954 434,1955 435,1955 435,1956 437,1956 437,1958 438,1958 438,1960 439,1960 438,1960 438,1962 437,1962 437,1963 435,1963 435,1964 433,1964 433,1980 432,1980 432,1982 430,1982 430,1983 429,1983 429,1984 426,1984 426,1985 421,1985 421,1981 274,1981 274,1982 272,1982 272,1981 269,1981 269,1980 268,1980 268,1979 267,1979 267,1978 266,1978 266,1977 265,1977 265,1970 266,1970 266,1966 267,1966 267,1964 268,1964 268,1963 269,1963 269,1962 270,1962 270,1960 271,1960 271,1959 272,1959 272,1958 273,1958 273,1957 274,1957 274,1956 277,1956 277,1955 280,1955 280,1954 313,1954 313,1934 315,1934 315,1933"/>
					<TextEquiv>
						<Unicode>αὐτοῖς</Unicode>
					</TextEquiv>
				</Word>
				<Word id="r179">
					<Coords points="542,1930 542,1931 544,1931 544,1933 545,1933 545,1938 554,1938 554,1939 557,1939 557,1940 559,1940 559,1941 560,1941 560,1942 562,1942 562,1943 563,1943 563,1945 564,1945 564,1946 565,1946 565,1948 566,1948 566,1949 567,1949 567,1952 614,1952 614,1953 615,1953 615,1954 616,1954 616,1955 617,1955 617,1968 620,1968 620,1972 619,1972 619,1973 618,1973 618,1974 617,1974 617,1976 616,1976 616,1977 615,1977 615,1978 614,1978 614,1979 580,1979 580,1980 524,1980 524,1981 481,1981 481,1983 480,1983 480,1986 479,1986 479,1990 478,1990 478,1992 477,1992 477,1993 474,1993 474,1992 473,1992 473,1986 474,1986 474,1983 475,1983 475,1981 476,1981 476,1979 477,1979 477,1974 478,1974 478,1970 479,1970 479,1969 480,1969 480,1965 481,1965 481,1961 482,1961 482,1958 483,1958 483,1955 484,1955 484,1954 485,1954 485,1953 531,1953 531,1947 532,1947 532,1945 533,1945 533,1942 534,1942 534,1939 535,1939 535,1938 536,1938 536,1936 537,1936 537,1933 538,1933 538,1932 539,1932 539,1931 541,1931 541,1930"/>
					<TextEquiv>
						<Unicode>μάλα</Unicode>
					</TextEquiv>
				</Word>
				<Word id="r180">
					<Coords points="873,1935 873,1936 875,1936 875,1937 877,1937 877,1938 878,1938 878,1953 904,1953 904,1954 907,1954 907,1955 909,1955 909,1956 911,1956 911,1958 912,1958 912,1959 913,1959 913,1970 925,1970 925,1971 927,1971 927,1973 928,1973 928,1975 929,1975 929,1977 928,1977 928,1979 926,1979 926,1980 906,1980 906,1982 905,1982 905,1983 903,1983 903,1984 821,1984 821,1986 820,1986 820,1993 819,1993 819,1995 731,1995 731,1996 729,1996 729,1997 726,1997 726,1996 725,1996 725,1981 658,1981 658,1980 657,1980 657,1976 658,1976 658,1973 659,1973 659,1969 660,1969 660,1968 661,1968 661,1964 662,1964 662,1960 663,1960 663,1957 664,1957 664,1956 665,1956 665,1954 666,1954 666,1953 682,1953 682,1952 832,1952 832,1951 860,1951 860,1941 861,1941 861,1938 862,1938 862,1937 864,1937 864,1936 866,1936 866,1935"/>
					<TextEquiv>
						<Unicode>καρτερῶς.</Unicode>
					</TextEquiv>
				</Word>
				<Word id="r181">
					<Coords points="1048,1930 1048,1931 1049,1931 1049,1933 1050,1933 1050,1935 1049,1935 1049,1936 1047,1936 1047,1971 1046,1971 1046,1973 1045,1973 1045,1975 1044,1975 1044,1977 1043,1977 1043,1978 1042,1978 1042,1979 1040,1979 1040,1980 1037,1980 1037,1981 1011,1981 1011,1980 1009,1980 1009,1979 1008,1979 1008,1978 1007,1978 1007,1977 1006,1977 1006,1976 1005,1976 1005,1974 1004,1974 1004,1972 1003,1972 1003,1966 1004,1966 1004,1962 1005,1962 1005,1960 1006,1960 1006,1959 1007,1959 1007,1958 1008,1958 1008,1957 1009,1957 1009,1956 1010,1956 1010,1955 1011,1955 1011,1954 1014,1954 1014,1953 1016,1953 1016,1952 1038,1952 1038,1938 1039,1938 1039,1933 1040,1933 1040,1932 1041,1932 1041,1931 1045,1931 1045,1930"/>
					<TextEquiv>
						<Unicode>οἱ</Unicode>
					</TextEquiv>
				</Word>
				<Word id="r182">
					<Coords points="1128,1930 1128,1931 1130,1931 1130,1932 1131,1932 1131,1934 1132,1934 1132,1935 1133,1935 1133,1938 1134,1938 1134,1941 1135,1941 1135,1943 1136,1943 1136,1945 1137,1945 1137,1953 1138,1953 1138,1954 1139,1954 1139,1955 1140,1955 1140,1958 1139,1958 1139,1959 1138,1959 1138,1979 1136,1979 1136,1980 1134,1980 1134,1981 1129,1981 1129,1980 1096,1980 1096,1979 1094,1979 1094,1978 1092,1978 1092,1977 1091,1977 1091,1976 1090,1976 1090,1975 1089,1975 1089,1973 1088,1973 1088,1972 1087,1972 1087,1968 1088,1968 1088,1962 1089,1962 1089,1961 1090,1961 1090,1960 1091,1960 1091,1958 1092,1958 1092,1957 1093,1957 1093,1956 1094,1956 1094,1932 1096,1932 1096,1931 1098,1931 1098,1930"/>
					<TextEquiv>
						<Unicode>δὲ</Unicode>
					</TextEquiv>
				</Word>
				<Word id="r183">
					<Coords points="1179,1930 1179,1931 1180,1931 1180,1932 1181,1932 1181,1934 1217,1934 1217,1935 1219,1935 1219,1936 1221,1936 1221,1937 1222,1937 1222,1938 1223,1938 1223,1939 1224,1939 1224,1940 1225,1940 1225,1944 1226,1944 1226,1953 1352,1953 1352,1945 1353,1945 1353,1943 1354,1943 1354,1940 1355,1940 1355,1937 1356,1937 1356,1935 1357,1935 1357,1933 1358,1933 1358,1932 1359,1932 1359,1931 1361,1931 1361,1930 1363,1930 1363,1931 1365,1931 1365,1953 1423,1953 1423,1954 1442,1954 1442,1955 1445,1955 1445,1956 1448,1956 1448,1957 1449,1957 1449,1958 1450,1958 1450,1959 1451,1959 1451,1964 1449,1964 1449,1965 1447,1965 1447,1979 1446,1979 1446,1982 1445,1982 1445,1983 1444,1983 1444,1984 1443,1984 1443,1985 1441,1985 1441,1986 1438,1986 1438,1987 1436,1987 1436,1986 1435,1986 1435,1982 1278,1982 1278,1985 1277,1985 1277,1988 1276,1988 1276,1992 1275,1992 1275,1994 1273,1994 1273,1995 1271,1995 1271,1993 1270,1993 1270,1981 1237,1981 1237,1980 1187,1980 1187,1979 1186,1979 1186,1947 1174,1947 1174,1946 1173,1946 1173,1945 1171,1945 1171,1944 1170,1944 1170,1942 1169,1942 1169,1935 1170,1935 1170,1933 1172,1933 1172,1932 1173,1932 1173,1931 1178,1931 1178,1930"/>
					<TextEquiv>
						<Unicode>Ῥωμαίους</Unicode>
					</TextEquiv>
				</Word>
				<Word id="r184">
					<Coords points="1495,1934 1495,1935 1497,1935 1497,1936 1498,1936 1498,1938 1499,1938 1499,1941 1500,1941 1500,1954 1516,1954 1516,1955 1520,1955 1520,1956 1522,1956 1522,1957 1523,1957 1523,1958 1524,1958 1524,1959 1525,1959 1525,1961 1526,1961 1526,1962 1525,1962 1525,1964 1523,1964 1523,1965 1520,1965 1520,1981 1519,1981 1519,1983 1518,1983 1518,1984 1516,1984 1516,1985 1514,1985 1514,1986 1510,1986 1510,1985 1509,1985 1509,1982 1484,1982 1484,1981 1482,1981 1482,1980 1481,1980 1481,1979 1480,1979 1480,1978 1478,1978 1478,1975 1477,1975 1477,1972 1476,1972 1476,1968 1477,1968 1477,1965 1478,1965 1478,1964 1479,1964 1479,1962 1480,1962 1480,1960 1481,1960 1481,1959 1482,1959 1482,1958 1484,1958 1484,1957 1485,1957 1485,1956 1487,1956 1487,1955 1489,1955 1489,1936 1490,1936 1490,1935 1491,1935 1491,1934"/>
					<TextEquiv>
						<Unicode>ἐς</Unicode>
					</TextEquiv>
				</Word>
				<Word id="r185">
					<Coords points="1595,1955 1651,1955 1651,1957 1652,1957 1652,1964 1676,1964 1676,1965 1677,1965 1677,1969 1657,1969 1657,1973 1656,1973 1656,1976 1655,1976 1655,1978 1654,1978 1654,1979 1653,1979 1653,1980 1651,1980 1651,1981 1648,1981 1648,1982 1628,1982 1628,1983 1627,1983 1627,1987 1626,1987 1626,1989 1625,1989 1625,1990 1622,1990 1622,1988 1621,1988 1621,1982 1559,1982 1559,1981 1557,1981 1557,1980 1555,1980 1555,1979 1554,1979 1554,1978 1553,1978 1553,1975 1552,1975 1552,1967 1553,1967 1553,1965 1554,1965 1554,1963 1555,1963 1555,1962 1556,1962 1556,1961 1558,1961 1558,1960 1559,1960 1559,1959 1560,1959 1560,1958 1563,1958 1563,1957 1570,1957 1570,1956 1595,1956"/>
					<TextEquiv>
						<Unicode>συμ-</Unicode>
					</TextEquiv>
				</Word>
				<TextEquiv>
					<Unicode>αὐτοῖς μάλα καρτερῶς. οἱ δὲ Ῥωμαίους ἐς συμ-</Unicode>
				</TextEquiv>
			</TextLine>
			<TextLine id="r34">
				<Coords points="396,1999 399,1999 399,2021 507,2021 507,2005 508,2005 508,2004 509,2004 509,2003 510,2003 510,2002 512,2002 512,2001 514,2001 514,2002 516,2002 516,2003 517,2003 517,2004 632,2004 632,2002 633,2002 633,2000 634,2000 634,1999 635,1999 635,1998 639,1998 639,2000 640,2000 640,2007 650,2007 650,2008 652,2008 652,2009 653,2009 653,2010 655,2010 655,2012 657,2012 657,2013 658,2013 658,2015 659,2015 659,2018 660,2018 660,2020 804,2020 804,2002 805,2002 805,2000 808,2000 808,1999 882,1999 882,2000 883,2000 883,2007 895,2007 895,2008 897,2008 897,2009 899,2009 899,2010 900,2010 900,2011 901,2011 901,2012 902,2012 902,2013 903,2013 903,2015 904,2015 904,2016 905,2016 905,2020 983,2020 983,2021 1121,2021 1121,2002 1122,2002 1122,2000 1126,2000 1126,2001 1304,2001 1304,2000 1306,2000 1306,1999 1308,1999 1308,2000 1444,2000 1444,2001 1445,2001 1445,2002 1446,2002 1446,2003 1480,2003 1480,2004 1484,2004 1484,2005 1486,2005 1486,2006 1487,2006 1487,2007 1489,2007 1489,2008 1490,2008 1490,2010 1491,2010 1491,2014 1492,2014 1492,2022 1615,2022 1615,2013 1616,2013 1616,2011 1617,2011 1617,2010 1618,2010 1618,2008 1620,2008 1620,2007 1623,2007 1623,2006 1626,2006 1626,2007 1629,2007 1629,2008 1630,2008 1630,2009 1631,2009 1631,2010 1632,2010 1632,2011 1633,2011 1633,2014 1634,2014 1634,2023 1649,2023 1649,2024 1676,2024 1676,2041 1679,2041 1679,2044 1678,2044 1678,2046 1677,2046 1677,2047 1676,2047 1676,2048 1675,2048 1675,2049 1674,2049 1674,2050 1673,2050 1673,2051 1669,2051 1669,2052 1543,2052 1543,2056 1542,2056 1542,2058 1541,2058 1541,2062 1540,2062 1540,2063 1539,2063 1539,2064 1537,2064 1537,2062 1536,2062 1536,2050 1402,2050 1402,2051 1342,2051 1342,2052 1341,2052 1341,2053 1340,2053 1340,2054 1337,2054 1337,2055 1333,2055 1333,2054 1332,2054 1332,2050 1206,2050 1206,2049 1029,2049 1029,2050 1028,2050 1028,2051 1027,2051 1027,2052 1026,2052 1026,2054 1025,2054 1025,2055 1023,2055 1023,2056 1018,2056 1018,2049 990,2049 990,2048 759,2048 759,2050 757,2050 757,2051 756,2051 756,2052 753,2052 753,2053 751,2053 751,2052 749,2052 749,2049 602,2049 602,2050 596,2050 596,2059 595,2059 595,2065 594,2065 594,2066 593,2066 593,2067 590,2067 590,2066 589,2066 589,2054 540,2054 540,2053 539,2053 539,2049 409,2049 409,2050 378,2050 378,2059 377,2059 377,2062 376,2062 376,2063 375,2063 375,2065 374,2065 374,2066 373,2066 373,2067 371,2067 371,2068 343,2068 343,2069 341,2069 341,2068 339,2068 339,2063 266,2063 266,2062 264,2062 264,2056 265,2056 265,2052 266,2052 266,2049 267,2049 267,2044 268,2044 268,2041 269,2041 269,2038 270,2038 270,2035 271,2035 271,2033 272,2033 272,2028 273,2028 273,2024 274,2024 274,2023 275,2023 275,2022 386,2022 386,2016 387,2016 387,2011 388,2011 388,2009 389,2009 389,2007 390,2007 390,2005 391,2005 391,2003 392,2003 392,2001 393,2001 393,2000 394,2000 394,1999 396,1999 396,1998"/>
				<Word id="r233">
					<Coords points="396,1999 399,1999 399,2021 463,2021 463,2022 464,2022 464,2023 465,2023 465,2029 464,2029 464,2031 463,2031 463,2033 462,2033 462,2035 461,2035 461,2036 460,2036 460,2038 459,2038 459,2039 458,2039 458,2040 457,2040 457,2041 456,2041 456,2042 455,2042 455,2043 453,2043 453,2044 452,2044 452,2045 451,2045 451,2046 449,2046 449,2047 447,2047 447,2048 445,2048 445,2049 409,2049 409,2050 378,2050 378,2059 377,2059 377,2062 376,2062 376,2063 375,2063 375,2065 374,2065 374,2066 373,2066 373,2067 371,2067 371,2068 343,2068 343,2069 341,2069 341,2068 339,2068 339,2063 266,2063 266,2062 264,2062 264,2056 265,2056 265,2052 266,2052 266,2049 267,2049 267,2044 268,2044 268,2041 269,2041 269,2038 270,2038 270,2035 271,2035 271,2033 272,2033 272,2028 273,2028 273,2024 274,2024 274,2023 275,2023 275,2022 386,2022 386,2016 387,2016 387,2011 388,2011 388,2009 389,2009 389,2007 390,2007 390,2005 391,2005 391,2003 392,2003 392,2001 393,2001 393,2000 394,2000 394,1999 396,1999 396,1998"/>
					<TextEquiv>
						<Unicode>μαχίαν</Unicode>
					</TextEquiv>
				</Word>
				<Word id="r234">
					<Coords points="514,2001 514,2002 516,2002 516,2003 517,2003 517,2004 518,2004 518,2021 545,2021 545,2022 549,2022 549,2023 551,2023 551,2024 552,2024 552,2025 554,2025 554,2026 555,2026 555,2031 554,2031 554,2032 550,2032 550,2049 549,2049 549,2051 548,2051 548,2052 546,2052 546,2053 543,2053 543,2054 540,2054 540,2053 539,2053 539,2048 499,2048 499,2047 495,2047 495,2046 494,2046 494,2045 493,2045 493,2043 492,2043 492,2042 491,2042 491,2038 490,2038 490,2035 491,2035 491,2032 492,2032 492,2029 493,2029 493,2028 494,2028 494,2027 495,2027 495,2026 496,2026 496,2025 498,2025 498,2024 500,2024 500,2023 504,2023 504,2022 507,2022 507,2005 508,2005 508,2004 509,2004 509,2003 510,2003 510,2002 512,2002 512,2001"/>
					<TextEquiv>
						<Unicode>ὡς</Unicode>
					</TextEquiv>
				</Word>
				<Word id="r235">
					<Coords points="639,1998 639,2000 640,2000 640,2007 650,2007 650,2008 652,2008 652,2009 653,2009 653,2010 655,2010 655,2012 657,2012 657,2013 658,2013 658,2015 659,2015 659,2018 660,2018 660,2020 756,2020 756,2021 759,2021 759,2022 761,2022 761,2023 762,2023 762,2024 763,2024 763,2025 764,2025 764,2026 765,2026 765,2030 764,2030 764,2031 760,2031 760,2047 759,2047 759,2050 757,2050 757,2051 756,2051 756,2052 753,2052 753,2053 751,2053 751,2052 749,2052 749,2049 602,2049 602,2050 596,2050 596,2059 595,2059 595,2065 594,2065 594,2066 593,2066 593,2067 590,2067 590,2066 589,2066 589,2048 588,2048 588,2047 586,2047 586,2046 584,2046 584,2045 582,2045 582,2044 581,2044 581,2043 580,2043 580,2041 579,2041 579,2038 578,2038 578,2035 579,2035 579,2031 580,2031 580,2028 581,2028 581,2027 582,2027 582,2025 583,2025 583,2024 585,2024 585,2023 587,2023 587,2022 592,2022 592,2021 597,2021 597,2008 598,2008 598,2006 599,2006 599,2005 600,2005 600,2004 632,2004 632,2002 633,2002 633,2000 634,2000 634,1999 635,1999 635,1998"/>
					<TextEquiv>
						<Unicode>φίλους</Unicode>
					</TextEquiv>
				</Word>
				<Word id="r236">
					<Coords points="882,1999 882,2000 883,2000 883,2007 895,2007 895,2008 897,2008 897,2009 899,2009 899,2010 900,2010 900,2011 901,2011 901,2012 902,2012 902,2013 903,2013 903,2015 904,2015 904,2016 905,2016 905,2020 983,2020 983,2021 984,2021 984,2022 1014,2022 1014,2023 1015,2023 1015,2039 1026,2039 1026,2040 1028,2040 1028,2041 1029,2041 1029,2045 1030,2045 1030,2046 1029,2046 1029,2050 1028,2050 1028,2051 1027,2051 1027,2052 1026,2052 1026,2054 1025,2054 1025,2055 1023,2055 1023,2056 1018,2056 1018,2049 990,2049 990,2048 835,2048 835,2047 799,2047 799,2046 798,2046 798,2045 797,2045 797,2044 796,2044 796,2043 795,2043 795,2042 794,2042 794,2041 793,2041 793,2039 792,2039 792,2035 791,2035 792,2035 792,2032 793,2032 793,2029 794,2029 794,2026 795,2026 795,2024 797,2024 797,2023 798,2023 798,2022 800,2022 800,2021 802,2021 802,2020 804,2020 804,2002 805,2002 805,2000 808,2000 808,1999"/>
					<TextEquiv>
						<Unicode>ἐκάλουν,</Unicode>
					</TextEquiv>
				</Word>
				<Word id="r237">
					<Coords points="1126,2000 1126,2001 1127,2001 1127,2002 1128,2002 1128,2004 1129,2004 1129,2006 1130,2006 1130,2008 1131,2008 1131,2011 1132,2011 1132,2012 1133,2012 1133,2014 1134,2014 1134,2036 1136,2036 1136,2037 1137,2037 1137,2038 1138,2038 1138,2040 1137,2040 1137,2042 1136,2042 1136,2044 1135,2044 1135,2045 1134,2045 1134,2047 1133,2047 1133,2048 1132,2048 1132,2049 1052,2049 1052,2048 1050,2048 1050,2044 1051,2044 1051,2041 1052,2041 1052,2039 1053,2039 1053,2037 1054,2037 1054,2032 1055,2032 1055,2029 1056,2029 1056,2026 1057,2026 1057,2024 1058,2024 1058,2023 1059,2023 1059,2022 1074,2022 1074,2021 1121,2021 1121,2002 1122,2002 1122,2000"/>
					<TextEquiv>
						<Unicode>καὶ</Unicode>
					</TextEquiv>
				</Word>
				<Word id="r238">
					<Coords points="1308,1999 1308,2000 1309,2000 1309,2001 1310,2001 1310,2003 1311,2003 1311,2006 1312,2006 1312,2009 1313,2009 1313,2013 1314,2013 1314,2016 1315,2016 1315,2022 1339,2022 1339,2023 1342,2023 1342,2024 1345,2024 1345,2025 1346,2025 1346,2026 1347,2026 1347,2028 1348,2028 1348,2031 1347,2031 1347,2032 1346,2032 1346,2033 1344,2033 1344,2048 1343,2048 1343,2050 1342,2050 1342,2052 1341,2052 1341,2053 1340,2053 1340,2054 1337,2054 1337,2055 1333,2055 1333,2054 1332,2054 1332,2050 1206,2050 1206,2049 1168,2049 1168,2048 1167,2048 1167,2047 1165,2047 1165,2044 1164,2044 1164,2042 1163,2042 1163,2040 1164,2040 1164,2036 1165,2036 1165,2033 1166,2033 1166,2031 1167,2031 1167,2030 1168,2030 1168,2028 1169,2028 1169,2027 1170,2027 1170,2026 1171,2026 1171,2025 1172,2025 1172,2024 1173,2024 1173,2023 1176,2023 1176,2022 1188,2022 1188,2021 1210,2021 1210,2004 1211,2004 1211,2003 1212,2003 1212,2002 1213,2002 1213,2001 1304,2001 1304,2000 1306,2000 1306,1999"/>
					<TextEquiv>
						<Unicode>αὐτοὺς</Unicode>
					</TextEquiv>
				</Word>
				<Word id="r239">
					<Coords points="1411,2000 1411,2001 1413,2001 1413,2005 1412,2005 1412,2007 1411,2007 1411,2016 1410,2016 1410,2041 1409,2041 1409,2044 1408,2044 1408,2045 1407,2045 1407,2047 1405,2047 1405,2049 1403,2049 1403,2050 1402,2050 1402,2051 1399,2051 1399,2050 1376,2050 1376,2049 1371,2049 1371,2048 1370,2048 1370,2047 1368,2047 1368,2045 1367,2045 1367,2044 1366,2044 1366,2041 1365,2041 1365,2040 1366,2040 1366,2033 1367,2033 1367,2031 1368,2031 1368,2029 1369,2029 1369,2028 1370,2028 1370,2027 1371,2027 1371,2026 1372,2026 1372,2025 1373,2025 1373,2024 1376,2024 1376,2023 1401,2023 1401,2004 1402,2004 1402,2003 1403,2003 1403,2002 1404,2002 1404,2001 1406,2001 1406,2000"/>
					<TextEquiv>
						<Unicode>οἱ</Unicode>
					</TextEquiv>
				</Word>
				<Word id="r240">
					<Coords points="1444,2000 1444,2001 1445,2001 1445,2002 1446,2002 1446,2003 1480,2003 1480,2004 1484,2004 1484,2005 1486,2005 1486,2006 1487,2006 1487,2007 1489,2007 1489,2008 1490,2008 1490,2010 1491,2010 1491,2014 1492,2014 1492,2022 1615,2022 1615,2013 1616,2013 1616,2011 1617,2011 1617,2010 1618,2010 1618,2008 1620,2008 1620,2007 1623,2007 1623,2006 1626,2006 1626,2007 1629,2007 1629,2008 1630,2008 1630,2009 1631,2009 1631,2010 1632,2010 1632,2011 1633,2011 1633,2014 1634,2014 1634,2023 1649,2023 1649,2024 1676,2024 1676,2041 1679,2041 1679,2044 1678,2044 1678,2046 1677,2046 1677,2047 1676,2047 1676,2048 1675,2048 1675,2049 1674,2049 1674,2050 1673,2050 1673,2051 1669,2051 1669,2052 1543,2052 1543,2056 1542,2056 1542,2058 1541,2058 1541,2062 1540,2062 1540,2063 1539,2063 1539,2064 1537,2064 1537,2062 1536,2062 1536,2050 1454,2050 1454,2049 1453,2049 1453,2017 1440,2017 1440,2016 1438,2016 1438,2015 1437,2015 1437,2014 1436,2014 1436,2013 1435,2013 1435,2010 1434,2010 1434,2008 1435,2008 1435,2004 1436,2004 1436,2003 1437,2003 1437,2002 1438,2002 1438,2001 1440,2001 1440,2000"/>
					<TextEquiv>
						<Unicode>Ῥωμαῖοι</Unicode>
					</TextEquiv>
				</Word>
				<TextEquiv>
					<Unicode>μαχίαν ὡς φίλους ἐκάλουν, καὶ αὐτοὺς οἱ Ῥωμαῖοι</Unicode>
				</TextEquiv>
			</TextLine>
			<TextLine id="r26">
				<Coords points="745,2066 748,2066 748,2067 749,2067 749,2089 925,2089 925,2078 926,2078 926,2074 927,2074 927,2072 928,2072 928,2070 929,2070 929,2068 930,2068 930,2067 932,2067 932,2066 935,2066 935,2067 985,2067 985,2068 988,2068 988,2069 989,2069 989,2070 991,2070 991,2071 992,2071 992,2072 993,2072 993,2073 994,2073 994,2074 995,2074 995,2076 996,2076 996,2077 997,2077 997,2089 1105,2089 1105,2068 1106,2068 1106,2067 1109,2067 1109,2068 1110,2068 1110,2069 1111,2069 1111,2071 1112,2071 1112,2073 1113,2073 1113,2076 1114,2076 1114,2077 1115,2077 1115,2080 1116,2080 1116,2082 1117,2082 1117,2084 1118,2084 1118,2090 1252,2090 1252,2078 1253,2078 1253,2074 1254,2074 1254,2072 1255,2072 1255,2069 1257,2069 1257,2068 1258,2068 1258,2067 1262,2067 1262,2068 1263,2068 1263,2076 1273,2076 1273,2077 1277,2077 1277,2078 1278,2078 1278,2079 1279,2079 1279,2080 1281,2080 1281,2081 1282,2081 1282,2082 1283,2082 1283,2083 1284,2083 1284,2085 1285,2085 1285,2087 1286,2087 1286,2088 1287,2088 1287,2091 1423,2091 1423,2090 1475,2090 1475,2072 1476,2072 1476,2071 1477,2071 1477,2070 1546,2070 1546,2069 1549,2069 1549,2070 1550,2070 1550,2071 1551,2071 1551,2073 1552,2073 1552,2075 1642,2075 1642,2076 1645,2076 1645,2077 1646,2077 1646,2078 1647,2078 1647,2079 1648,2079 1648,2080 1649,2080 1649,2093 1671,2093 1671,2094 1674,2094 1674,2095 1676,2095 1676,2096 1677,2096 1677,2097 1678,2097 1678,2098 1679,2098 1679,2102 1678,2102 1678,2103 1675,2103 1675,2117 1674,2117 1674,2119 1673,2119 1673,2122 1672,2122 1672,2123 1670,2123 1670,2124 1667,2124 1667,2125 1645,2125 1645,2126 1644,2126 1644,2129 1643,2129 1643,2131 1642,2131 1642,2132 1639,2132 1639,2131 1638,2131 1638,2120 1504,2120 1504,2119 1337,2119 1337,2124 1336,2124 1336,2127 1335,2127 1335,2130 1333,2130 1333,2131 1332,2131 1332,2130 1331,2130 1331,2129 1330,2129 1330,2118 1077,2118 1077,2117 925,2117 925,2118 921,2118 921,2117 799,2117 799,2118 693,2118 693,2123 692,2123 692,2125 691,2125 691,2128 690,2128 690,2130 688,2130 688,2131 688,2130 686,2130 686,2127 685,2127 685,2122 629,2122 629,2121 628,2121 628,2118 470,2118 470,2119 469,2119 469,2123 468,2123 468,2130 467,2130 467,2131 466,2131 466,2132 461,2132 461,2131 460,2131 460,2130 459,2130 459,2118 287,2118 287,2127 286,2127 286,2128 285,2128 285,2130 284,2130 284,2131 283,2131 283,2132 280,2132 280,2133 275,2133 275,2132 272,2132 272,2131 270,2131 270,2120 268,2120 268,2119 267,2119 267,2118 266,2118 266,2114 265,2114 265,2112 266,2112 266,2109 267,2109 267,2108 268,2108 268,2107 269,2107 269,2105 270,2105 270,2092 271,2092 271,2090 272,2090 272,2077 273,2077 273,2075 274,2075 274,2074 276,2074 276,2073 278,2073 278,2072 281,2072 281,2073 282,2073 282,2076 383,2076 383,2077 389,2077 389,2078 390,2078 390,2079 392,2079 392,2080 393,2080 393,2081 394,2081 394,2082 395,2082 395,2083 396,2083 396,2085 397,2085 397,2086 398,2086 398,2088 399,2088 399,2090 510,2090 510,2078 511,2078 511,2076 512,2076 512,2075 513,2075 513,2074 514,2074 514,2073 516,2073 516,2072 609,2072 609,2071 610,2071 610,2070 612,2070 612,2069 616,2069 616,2070 618,2070 618,2072 619,2072 619,2074 620,2074 620,2089 738,2089 738,2081 739,2081 739,2077 740,2077 740,2074 741,2074 741,2070 742,2070 742,2068 743,2068 743,2067 745,2067"/>
				<Word id="r187">
					<Coords points="281,2072 281,2073 282,2073 282,2076 383,2076 383,2077 389,2077 389,2078 390,2078 390,2079 392,2079 392,2080 393,2080 393,2081 394,2081 394,2082 395,2082 395,2083 396,2083 396,2085 397,2085 397,2086 398,2086 398,2088 399,2088 399,2090 510,2090 510,2078 511,2078 511,2076 512,2076 512,2075 513,2075 513,2074 514,2074 514,2073 516,2073 516,2072 524,2072 524,2073 526,2073 526,2074 527,2074 527,2075 528,2075 528,2076 529,2076 529,2081 530,2081 530,2090 555,2090 555,2092 556,2092 556,2094 557,2094 557,2096 556,2096 556,2098 555,2098 555,2101 554,2101 554,2103 553,2103 553,2105 552,2105 552,2106 551,2106 551,2107 550,2107 550,2108 549,2108 549,2109 548,2109 548,2110 547,2110 547,2111 546,2111 546,2112 545,2112 545,2113 543,2113 543,2114 542,2114 542,2115 540,2115 540,2116 538,2116 538,2117 535,2117 535,2118 470,2118 470,2119 469,2119 469,2123 468,2123 468,2130 467,2130 467,2131 466,2131 466,2132 461,2132 461,2131 460,2131 460,2130 459,2130 459,2118 287,2118 287,2127 286,2127 286,2128 285,2128 285,2130 284,2130 284,2131 283,2131 283,2132 280,2132 280,2133 275,2133 275,2132 272,2132 272,2131 270,2131 270,2120 268,2120 268,2119 267,2119 267,2118 266,2118 266,2114 265,2114 265,2112 266,2112 266,2109 267,2109 267,2108 268,2108 268,2107 269,2107 269,2105 270,2105 270,2092 271,2092 271,2090 272,2090 272,2077 273,2077 273,2075 274,2075 274,2074 276,2074 276,2073 278,2073 278,2072"/>
					<TextEquiv>
						<Unicode>ξενολογεῖν</Unicode>
					</TextEquiv>
				</Word>
				<Word id="r188">
					<Coords points="616,2069 616,2070 618,2070 618,2072 619,2072 619,2074 620,2074 620,2090 640,2090 640,2091 642,2091 642,2092 643,2092 643,2093 644,2093 644,2094 645,2094 645,2095 646,2095 646,2098 645,2098 645,2100 644,2100 644,2101 640,2101 640,2117 639,2117 639,2119 638,2119 638,2120 636,2120 636,2121 634,2121 634,2122 629,2122 629,2121 628,2121 628,2118 607,2118 607,2117 603,2117 603,2116 602,2116 602,2115 600,2115 600,2113 598,2113 598,2111 597,2111 597,2101 598,2101 598,2099 599,2099 599,2098 600,2098 600,2095 601,2095 601,2094 603,2094 603,2093 605,2093 605,2092 606,2092 606,2091 609,2091 609,2071 610,2071 610,2070 612,2070 612,2069"/>
					<TextEquiv>
						<Unicode>ἐς</Unicode>
					</TextEquiv>
				</Word>
				<Word id="r189">
					<Coords points="748,2066 748,2067 749,2067 749,2089 841,2089 841,2090 842,2090 842,2098 841,2098 841,2100 840,2100 840,2101 839,2101 839,2103 838,2103 838,2104 837,2104 837,2105 836,2105 836,2107 835,2107 835,2108 834,2108 834,2109 833,2109 833,2110 832,2110 832,2111 831,2111 831,2112 829,2112 829,2113 826,2113 826,2114 825,2114 825,2115 823,2115 823,2116 821,2116 821,2117 799,2117 799,2118 693,2118 693,2123 692,2123 692,2125 691,2125 691,2128 690,2128 690,2130 688,2130 688,2131 688,2130 686,2130 686,2127 685,2127 685,2124 686,2124 686,2121 687,2121 687,2118 688,2118 688,2116 689,2116 689,2113 690,2113 690,2112 691,2112 691,2106 692,2106 692,2104 693,2104 693,2099 694,2099 694,2096 695,2096 695,2092 696,2092 696,2091 697,2091 697,2090 698,2090 698,2089 738,2089 738,2081 739,2081 739,2077 740,2077 740,2074 741,2074 741,2070 742,2070 742,2068 743,2068 743,2067 745,2067 745,2066"/>
					<TextEquiv>
						<Unicode>μόνον</Unicode>
					</TextEquiv>
				</Word>
				<Word id="r190">
					<Coords points="935,2066 935,2067 985,2067 985,2068 988,2068 988,2069 989,2069 989,2070 991,2070 991,2071 992,2071 992,2072 993,2072 993,2073 994,2073 994,2074 995,2074 995,2076 996,2076 996,2077 997,2077 997,2089 1021,2089 1021,2090 1023,2090 1023,2091 1024,2091 1024,2092 1025,2092 1025,2093 1024,2093 1024,2095 1023,2095 1023,2096 1021,2096 1021,2103 1020,2103 1020,2115 1019,2115 1019,2117 925,2117 925,2118 921,2118 921,2117 891,2117 891,2116 890,2116 890,2115 889,2115 889,2100 882,2100 882,2099 880,2099 880,2096 881,2096 881,2092 882,2092 882,2091 884,2091 884,2090 888,2090 888,2089 925,2089 925,2078 926,2078 926,2074 927,2074 927,2072 928,2072 928,2070 929,2070 929,2068 930,2068 930,2067 932,2067 932,2066"/>
					<TextEquiv>
						<Unicode>τόνδε</Unicode>
					</TextEquiv>
				</Word>
				<Word id="r191">
					<Coords points="1109,2067 1109,2068 1110,2068 1110,2069 1111,2069 1111,2071 1112,2071 1112,2073 1113,2073 1113,2076 1114,2076 1114,2077 1115,2077 1115,2080 1116,2080 1116,2082 1117,2082 1117,2084 1118,2084 1118,2090 1154,2090 1154,2091 1155,2091 1155,2097 1154,2097 1154,2100 1153,2100 1153,2102 1152,2102 1152,2103 1151,2103 1151,2105 1150,2105 1150,2106 1149,2106 1149,2108 1148,2108 1148,2109 1146,2109 1146,2110 1145,2110 1145,2111 1144,2111 1144,2112 1143,2112 1143,2113 1142,2113 1142,2114 1140,2114 1140,2115 1138,2115 1138,2116 1136,2116 1136,2117 1134,2117 1134,2118 1077,2118 1077,2117 1075,2117 1075,2101 1067,2101 1067,2100 1066,2100 1066,2096 1067,2096 1067,2093 1068,2093 1068,2092 1069,2092 1069,2091 1075,2091 1075,2090 1105,2090 1105,2068 1106,2068 1106,2067"/>
					<TextEquiv>
						<Unicode>τὸν</Unicode>
					</TextEquiv>
				</Word>
				<Word id="r192">
					<Coords points="1262,2067 1262,2068 1263,2068 1263,2076 1273,2076 1273,2077 1277,2077 1277,2078 1278,2078 1278,2079 1279,2079 1279,2080 1281,2080 1281,2081 1282,2081 1282,2082 1283,2082 1283,2083 1284,2083 1284,2085 1285,2085 1285,2087 1286,2087 1286,2088 1287,2088 1287,2091 1423,2091 1423,2090 1425,2090 1425,2091 1426,2091 1426,2093 1427,2093 1427,2096 1426,2096 1426,2100 1425,2100 1425,2102 1424,2102 1424,2104 1423,2104 1423,2106 1422,2106 1422,2107 1421,2107 1421,2108 1420,2108 1420,2109 1419,2109 1419,2110 1418,2110 1418,2111 1417,2111 1417,2112 1416,2112 1416,2113 1414,2113 1414,2114 1413,2114 1413,2115 1412,2115 1412,2116 1409,2116 1409,2117 1407,2117 1407,2118 1406,2118 1406,2119 1337,2119 1337,2124 1336,2124 1336,2127 1335,2127 1335,2130 1333,2130 1333,2131 1332,2131 1332,2130 1331,2130 1331,2129 1330,2129 1330,2118 1203,2118 1203,2117 1201,2117 1201,2103 1197,2103 1197,2102 1196,2102 1196,2097 1195,2097 1195,2096 1196,2096 1196,2095 1197,2095 1197,2094 1198,2094 1198,2092 1200,2092 1200,2091 1204,2091 1204,2090 1252,2090 1252,2078 1253,2078 1253,2074 1254,2074 1254,2072 1255,2072 1255,2069 1257,2069 1257,2068 1258,2068 1258,2067"/>
					<TextEquiv>
						<Unicode>πόλεμον</Unicode>
					</TextEquiv>
				</Word>
				<Word id="r193">
					<Coords points="1549,2069 1549,2070 1550,2070 1550,2071 1551,2071 1551,2073 1552,2073 1552,2075 1553,2075 1553,2077 1554,2077 1554,2079 1555,2079 1555,2081 1556,2081 1556,2082 1557,2082 1557,2085 1558,2085 1558,2094 1560,2094 1560,2095 1561,2095 1561,2096 1562,2096 1562,2098 1563,2098 1563,2108 1562,2108 1562,2111 1561,2111 1561,2113 1560,2113 1560,2114 1559,2114 1559,2115 1558,2115 1558,2116 1557,2116 1557,2117 1556,2117 1556,2118 1554,2118 1554,2119 1551,2119 1551,2120 1504,2120 1504,2119 1501,2119 1501,2118 1466,2118 1466,2117 1464,2117 1464,2116 1462,2116 1462,2115 1461,2115 1461,2114 1460,2114 1460,2111 1459,2111 1459,2110 1460,2110 1460,2106 1461,2106 1461,2103 1462,2103 1462,2101 1463,2101 1463,2100 1464,2100 1464,2098 1465,2098 1465,2097 1466,2097 1466,2096 1468,2096 1468,2095 1469,2095 1469,2094 1470,2094 1470,2093 1472,2093 1472,2092 1475,2092 1475,2072 1476,2072 1476,2071 1477,2071 1477,2070 1546,2070 1546,2069"/>
					<TextEquiv>
						<Unicode>ἀπὸ</Unicode>
					</TextEquiv>
				</Word>
				<Word id="r194">
					<Coords points="1642,2075 1642,2076 1645,2076 1645,2077 1646,2077 1646,2078 1647,2078 1647,2079 1648,2079 1648,2080 1649,2080 1649,2093 1671,2093 1671,2094 1674,2094 1674,2095 1676,2095 1676,2096 1677,2096 1677,2097 1678,2097 1678,2098 1679,2098 1679,2102 1678,2102 1678,2103 1675,2103 1675,2117 1674,2117 1674,2119 1673,2119 1673,2122 1672,2122 1672,2123 1670,2123 1670,2124 1667,2124 1667,2125 1645,2125 1645,2126 1644,2126 1644,2129 1643,2129 1643,2131 1642,2131 1642,2132 1639,2132 1639,2131 1638,2131 1638,2119 1599,2119 1599,2117 1598,2117 1598,2103 1591,2103 1591,2102 1590,2102 1590,2096 1592,2096 1592,2094 1593,2094 1593,2093 1595,2093 1595,2092 1630,2092 1630,2083 1631,2083 1631,2081 1632,2081 1632,2079 1634,2079 1634,2077 1635,2077 1635,2076 1639,2076 1639,2075"/>
					<TextEquiv>
						<Unicode>τῆς</Unicode>
					</TextEquiv>
				</Word>
				<TextEquiv>
					<Unicode>ξενολογεῖν ἐς μόνον τόνδε τὸν πόλεμον ἀπὸ τῆς</Unicode>
				</TextEquiv>
			</TextLine>
			<TextLine id="r27">
				<Coords points="903,2135 903,2136 905,2136 905,2158 996,2158 996,2159 1122,2159 1122,2137 1123,2137 1123,2136 1126,2136 1126,2137 1127,2137 1127,2138 1233,2138 1233,2139 1234,2139 1234,2140 1236,2140 1236,2142 1237,2142 1237,2159 1361,2159 1361,2147 1362,2147 1362,2145 1363,2145 1363,2144 1364,2144 1364,2143 1365,2143 1365,2142 1368,2142 1368,2141 1374,2141 1374,2142 1376,2142 1376,2143 1377,2143 1377,2144 1378,2144 1378,2145 1379,2145 1379,2146 1380,2146 1380,2148 1381,2148 1381,2159 1394,2159 1394,2160 1576,2160 1576,2142 1577,2142 1577,2140 1578,2140 1578,2139 1579,2139 1579,2138 1586,2138 1586,2139 1588,2139 1588,2140 1589,2140 1589,2141 1590,2141 1590,2142 1591,2142 1591,2143 1648,2143 1648,2144 1651,2144 1651,2145 1653,2145 1653,2146 1654,2146 1654,2147 1655,2147 1655,2148 1656,2148 1656,2152 1657,2152 1657,2161 1670,2161 1670,2162 1673,2162 1673,2163 1675,2163 1675,2164 1676,2164 1676,2165 1677,2165 1677,2167 1678,2167 1678,2169 1677,2169 1677,2170 1676,2170 1676,2171 1673,2171 1673,2188 1672,2188 1672,2189 1671,2189 1671,2190 1670,2190 1670,2191 1669,2191 1669,2192 1667,2192 1667,2193 1664,2193 1664,2192 1663,2192 1663,2188 1605,2188 1605,2187 1397,2187 1397,2188 1395,2188 1395,2189 1394,2189 1394,2190 1392,2190 1392,2191 1387,2191 1387,2187 1151,2187 1151,2192 1150,2192 1150,2194 1149,2194 1149,2198 1148,2198 1148,2200 1146,2200 1146,2199 1087,2199 1087,2197 1086,2197 1086,2185 964,2185 964,2186 963,2186 963,2192 962,2192 962,2195 961,2195 961,2197 960,2197 960,2198 958,2198 958,2199 910,2199 910,2200 907,2200 907,2199 906,2199 906,2186 826,2186 826,2185 706,2185 706,2186 623,2186 623,2190 622,2190 622,2193 621,2193 621,2197 620,2197 620,2198 573,2198 573,2201 572,2201 572,2202 571,2202 571,2203 568,2203 568,2202 567,2202 567,2191 480,2191 480,2190 479,2190 479,2186 352,2186 352,2187 321,2187 321,2186 283,2186 283,2185 282,2185 282,2153 269,2153 269,2152 266,2152 266,2142 265,2142 265,2140 266,2140 266,2138 268,2138 268,2137 271,2137 271,2138 273,2138 273,2139 274,2139 274,2140 303,2140 303,2144 426,2144 426,2142 427,2142 427,2139 428,2139 428,2137 431,2137 431,2136 433,2136 433,2137 434,2137 434,2158 543,2158 543,2140 544,2140 544,2139 545,2139 545,2138 551,2138 551,2139 552,2139 552,2140 553,2140 553,2141 621,2141 621,2142 622,2142 622,2143 623,2143 623,2144 624,2144 624,2145 625,2145 625,2148 626,2148 626,2158 799,2158 799,2139 801,2139 801,2138 802,2138 802,2137 900,2137 900,2136 901,2136 901,2135"/>
				<Word id="r195">
					<Coords points="433,2136 433,2137 434,2137 434,2158 483,2158 483,2159 488,2159 488,2160 490,2160 490,2161 491,2161 491,2162 493,2162 493,2164 494,2164 494,2165 495,2165 495,2168 493,2168 493,2169 490,2169 490,2185 489,2185 489,2187 488,2187 488,2188 487,2188 487,2189 485,2189 485,2190 483,2190 483,2191 480,2191 480,2190 479,2190 479,2186 352,2186 352,2187 321,2187 321,2186 283,2186 283,2185 282,2185 282,2153 269,2153 269,2152 266,2152 266,2142 265,2142 265,2140 266,2140 266,2138 268,2138 268,2137 271,2137 271,2138 273,2138 273,2139 274,2139 274,2140 303,2140 303,2144 426,2144 426,2142 427,2142 427,2139 428,2139 428,2137 431,2137 431,2136"/>
					<TextEquiv>
						<Unicode>Ἰταλίας</Unicode>
					</TextEquiv>
				</Word>
				<Word id="r196">
					<Coords points="551,2138 551,2139 552,2139 552,2140 553,2140 553,2141 621,2141 621,2142 622,2142 622,2143 623,2143 623,2144 624,2144 624,2145 625,2145 625,2148 626,2148 626,2158 729,2158 729,2160 740,2160 740,2161 742,2161 742,2162 743,2162 743,2168 742,2168 742,2169 740,2169 740,2170 726,2170 726,2172 725,2172 725,2174 724,2174 724,2175 723,2175 723,2176 722,2176 722,2177 721,2177 721,2178 720,2178 720,2179 719,2179 719,2180 717,2180 717,2181 715,2181 715,2182 714,2182 714,2183 711,2183 711,2184 710,2184 710,2185 706,2185 706,2186 623,2186 623,2190 622,2190 622,2193 621,2193 621,2197 620,2197 620,2198 573,2198 573,2201 572,2201 572,2202 571,2202 571,2203 568,2203 568,2202 567,2202 567,2186 540,2186 540,2185 538,2185 538,2184 536,2184 536,2183 534,2183 534,2182 533,2182 533,2180 532,2180 532,2178 531,2178 531,2171 532,2171 532,2168 533,2168 533,2166 534,2166 534,2165 535,2165 535,2164 536,2164 536,2163 537,2163 537,2162 538,2162 538,2161 539,2161 539,2160 541,2160 541,2159 543,2159 543,2140 544,2140 544,2139 545,2139 545,2138"/>
					<TextEquiv>
						<Unicode>ἐφῆκαν·</Unicode>
					</TextEquiv>
				</Word>
				<Word id="r197">
					<Coords points="903,2135 903,2136 905,2136 905,2158 996,2158 996,2159 1025,2159 1025,2160 1026,2160 1026,2161 1027,2161 1027,2162 1028,2162 1028,2163 1029,2163 1029,2165 1030,2165 1030,2174 1029,2174 1029,2177 1028,2177 1028,2179 1027,2179 1027,2181 1025,2181 1025,2183 1023,2183 1023,2184 1021,2184 1021,2185 964,2185 964,2186 963,2186 963,2192 962,2192 962,2195 961,2195 961,2197 960,2197 960,2198 958,2198 958,2199 910,2199 910,2200 907,2200 907,2199 906,2199 906,2186 826,2186 826,2185 788,2185 788,2184 787,2184 787,2183 785,2183 785,2182 784,2182 784,2179 783,2179 783,2175 784,2175 784,2171 785,2171 785,2168 786,2168 786,2167 787,2167 787,2166 788,2166 788,2165 789,2165 789,2164 790,2164 790,2163 792,2163 792,2161 794,2161 794,2160 797,2160 797,2159 799,2159 799,2139 801,2139 801,2138 802,2138 802,2137 900,2137 900,2136 901,2136 901,2135"/>
					<TextEquiv>
						<Unicode>ἀπείρητο</Unicode>
					</TextEquiv>
				</Word>
				<Word id="r198">
					<Coords points="1126,2136 1126,2137 1127,2137 1127,2138 1128,2138 1128,2140 1129,2140 1129,2143 1130,2143 1130,2145 1131,2145 1131,2148 1132,2148 1132,2150 1133,2150 1133,2153 1134,2153 1134,2158 1169,2158 1169,2159 1170,2159 1170,2160 1171,2160 1171,2161 1172,2161 1172,2163 1173,2163 1173,2166 1174,2166 1174,2172 1173,2172 1173,2175 1172,2175 1172,2177 1171,2177 1171,2178 1170,2178 1170,2180 1169,2180 1169,2181 1168,2181 1168,2182 1167,2182 1167,2183 1165,2183 1165,2184 1162,2184 1162,2185 1151,2185 1151,2192 1150,2192 1150,2194 1149,2194 1149,2198 1148,2198 1148,2200 1146,2200 1146,2199 1087,2199 1087,2197 1086,2197 1086,2176 1077,2176 1077,2175 1075,2175 1075,2171 1074,2171 1074,2165 1075,2165 1075,2163 1076,2163 1076,2162 1077,2162 1077,2161 1079,2161 1079,2160 1083,2160 1083,2159 1122,2159 1122,2137 1123,2137 1123,2136"/>
					<TextEquiv>
						<Unicode>γὰρ</Unicode>
					</TextEquiv>
				</Word>
				<Word id="r199">
					<Coords points="1233,2138 1233,2139 1234,2139 1234,2140 1236,2140 1236,2142 1237,2142 1237,2159 1263,2159 1263,2160 1265,2160 1265,2168 1264,2168 1264,2170 1263,2170 1263,2172 1262,2172 1262,2173 1261,2173 1261,2175 1260,2175 1260,2176 1259,2176 1259,2177 1258,2177 1258,2178 1257,2178 1257,2179 1256,2179 1256,2180 1255,2180 1255,2181 1253,2181 1253,2182 1252,2182 1252,2183 1250,2183 1250,2184 1249,2184 1249,2185 1247,2185 1247,2186 1245,2186 1245,2187 1241,2187 1241,2186 1222,2186 1222,2185 1220,2185 1220,2184 1218,2184 1218,2183 1217,2183 1217,2181 1216,2181 1216,2179 1215,2179 1215,2175 1214,2175 1214,2171 1215,2171 1215,2169 1216,2169 1216,2167 1217,2167 1217,2166 1218,2166 1218,2164 1219,2164 1219,2163 1220,2163 1220,2162 1221,2162 1221,2161 1224,2161 1224,2160 1226,2160 1226,2140 1227,2140 1227,2139 1228,2139 1228,2138"/>
					<TextEquiv>
						<Unicode>ἐν</Unicode>
					</TextEquiv>
				</Word>
				<Word id="r200">
					<Coords points="1374,2141 1374,2142 1376,2142 1376,2143 1377,2143 1377,2144 1378,2144 1378,2145 1379,2145 1379,2146 1380,2146 1380,2148 1381,2148 1381,2159 1394,2159 1394,2160 1399,2160 1399,2161 1400,2161 1400,2162 1401,2162 1401,2163 1402,2163 1402,2164 1403,2164 1403,2169 1401,2169 1401,2170 1399,2170 1399,2184 1398,2184 1398,2186 1397,2186 1397,2188 1395,2188 1395,2189 1394,2189 1394,2190 1392,2190 1392,2191 1387,2191 1387,2187 1330,2187 1330,2186 1303,2186 1303,2185 1300,2185 1300,2184 1299,2184 1299,2169 1293,2169 1293,2168 1292,2168 1292,2162 1293,2162 1293,2161 1295,2161 1295,2160 1296,2160 1296,2159 1361,2159 1361,2147 1362,2147 1362,2145 1363,2145 1363,2144 1364,2144 1364,2143 1365,2143 1365,2142 1368,2142 1368,2141"/>
					<TextEquiv>
						<Unicode>ταῖς</Unicode>
					</TextEquiv>
				</Word>
				<Word id="r201">
					<Coords points="1586,2138 1586,2139 1588,2139 1588,2140 1589,2140 1589,2141 1590,2141 1590,2142 1591,2142 1591,2143 1648,2143 1648,2144 1651,2144 1651,2145 1653,2145 1653,2146 1654,2146 1654,2147 1655,2147 1655,2148 1656,2148 1656,2152 1657,2152 1657,2161 1670,2161 1670,2162 1673,2162 1673,2163 1675,2163 1675,2164 1676,2164 1676,2165 1677,2165 1677,2167 1678,2167 1678,2169 1677,2169 1677,2170 1676,2170 1676,2171 1673,2171 1673,2188 1672,2188 1672,2189 1671,2189 1671,2190 1670,2190 1670,2191 1669,2191 1669,2192 1667,2192 1667,2193 1664,2193 1664,2192 1663,2192 1663,2188 1605,2188 1605,2187 1439,2187 1439,2186 1435,2186 1435,2185 1432,2185 1432,2183 1431,2183 1431,2182 1430,2182 1430,2180 1429,2180 1429,2175 1428,2175 1428,2173 1429,2173 1429,2171 1430,2171 1430,2169 1431,2169 1431,2168 1432,2168 1432,2167 1433,2167 1433,2166 1434,2166 1434,2165 1435,2165 1435,2164 1436,2164 1436,2163 1438,2163 1438,2162 1442,2162 1442,2161 1449,2161 1449,2160 1576,2160 1576,2142 1577,2142 1577,2140 1578,2140 1578,2139 1579,2139 1579,2138"/>
					<TextEquiv>
						<Unicode>σπονδαῖς</Unicode>
					</TextEquiv>
				</Word>
				<TextEquiv>
					<Unicode>Ἰταλίας ἐφῆκαν· ἀπείρητο γὰρ ἐν ταῖς σπονδαῖς</Unicode>
				</TextEquiv>
			</TextLine>
			<TextLine id="r37">
				<Coords points="429,2204 429,2205 455,2205 455,2206 457,2206 457,2207 458,2207 458,2208 459,2208 459,2209 460,2209 460,2210 461,2210 461,2211 462,2211 462,2212 463,2212 463,2214 465,2214 465,2216 466,2216 466,2227 585,2227 585,2220 586,2220 586,2209 587,2209 587,2208 588,2208 588,2207 589,2207 589,2206 601,2206 601,2205 603,2205 603,2204 603,2205 605,2205 605,2206 606,2206 606,2226 734,2226 734,2219 735,2219 735,2213 736,2213 736,2211 737,2211 737,2210 738,2210 738,2209 741,2209 741,2210 742,2210 742,2211 743,2211 743,2226 874,2226 874,2209 875,2209 875,2206 876,2206 876,2205 877,2205 877,2204 909,2204 909,2205 910,2205 910,2206 911,2206 911,2207 912,2207 912,2209 913,2209 913,2211 914,2211 914,2213 915,2213 915,2216 916,2216 916,2218 917,2218 917,2227 1030,2227 1030,2205 1031,2205 1031,2204 1035,2204 1035,2205 1105,2205 1105,2206 1107,2206 1107,2207 1108,2207 1108,2208 1109,2208 1109,2209 1110,2209 1110,2210 1111,2210 1111,2211 1113,2211 1113,2212 1220,2212 1220,2213 1223,2213 1223,2214 1225,2214 1225,2215 1226,2215 1226,2216 1227,2216 1227,2217 1228,2217 1228,2218 1229,2218 1229,2219 1230,2219 1230,2220 1231,2220 1231,2222 1232,2222 1232,2224 1233,2224 1233,2226 1234,2226 1234,2227 1361,2227 1361,2216 1362,2216 1362,2215 1363,2215 1363,2214 1364,2214 1364,2213 1365,2213 1365,2212 1366,2212 1366,2211 1369,2211 1369,2210 1373,2210 1373,2211 1376,2211 1376,2212 1378,2212 1378,2214 1379,2214 1379,2215 1380,2215 1380,2217 1381,2217 1381,2227 1553,2227 1553,2213 1554,2213 1554,2211 1555,2211 1555,2209 1556,2209 1556,2208 1558,2208 1558,2207 1564,2207 1564,2208 1567,2208 1567,2209 1568,2209 1568,2210 1671,2210 1671,2209 1673,2209 1673,2208 1677,2208 1677,2209 1679,2209 1679,2212 1678,2212 1678,2213 1677,2213 1677,2214 1676,2214 1676,2215 1675,2215 1675,2250 1674,2250 1674,2252 1673,2252 1673,2254 1671,2254 1671,2256 1669,2256 1669,2257 1586,2257 1586,2258 1585,2258 1585,2259 1583,2259 1583,2260 1489,2260 1489,2261 1487,2261 1487,2262 1392,2262 1392,2265 1391,2265 1391,2270 1390,2270 1390,2271 1388,2271 1388,2272 1387,2272 1387,2271 1386,2271 1386,2268 1370,2268 1370,2267 1369,2267 1369,2255 1333,2255 1333,2254 1179,2254 1179,2253 1039,2253 1039,2254 909,2254 909,2253 789,2253 789,2254 735,2254 735,2269 734,2269 734,2270 732,2270 732,2271 730,2271 730,2270 729,2270 729,2269 728,2269 728,2268 672,2268 672,2264 671,2264 671,2254 503,2254 503,2255 268,2255 268,2256 267,2256 267,2255 265,2255 265,2254 264,2254 264,2250 265,2250 265,2246 266,2246 266,2244 267,2244 267,2240 268,2240 268,2238 269,2238 269,2236 270,2236 270,2232 271,2232 271,2230 272,2230 272,2228 274,2228 274,2227 334,2227 334,2207 335,2207 335,2206 336,2206 336,2205 426,2205 426,2204"/>
				<Word id="r241">
					<Coords points="339,2205 339,2206 340,2206 340,2208 341,2208 341,2210 342,2210 342,2211 343,2211 343,2214 344,2214 344,2216 345,2216 345,2219 346,2219 346,2220 347,2220 347,2242 350,2242 350,2243 351,2243 351,2246 350,2246 350,2248 349,2248 349,2249 348,2249 348,2250 347,2250 347,2252 346,2252 346,2253 345,2253 345,2254 343,2254 343,2255 268,2255 268,2256 267,2256 267,2255 265,2255 265,2254 264,2254 264,2250 265,2250 265,2246 266,2246 266,2244 267,2244 267,2240 268,2240 268,2238 269,2238 269,2236 270,2236 270,2232 271,2232 271,2230 272,2230 272,2228 274,2228 274,2227 334,2227 334,2207 335,2207 335,2206 336,2206 336,2205"/>
					<TextEquiv>
						<Unicode>καὶ</Unicode>
					</TextEquiv>
				</Word>
				<Word id="r242">
					<Coords points="429,2204 429,2205 455,2205 455,2206 457,2206 457,2207 458,2207 458,2208 459,2208 459,2209 460,2209 460,2210 461,2210 461,2211 462,2211 462,2212 463,2212 463,2214 465,2214 465,2216 466,2216 466,2227 489,2227 489,2228 490,2228 490,2230 491,2230 491,2245 502,2245 502,2246 503,2246 503,2247 504,2247 504,2248 505,2248 505,2253 504,2253 504,2254 503,2254 503,2255 387,2255 387,2254 386,2254 386,2239 378,2239 378,2238 377,2238 377,2232 378,2232 378,2230 379,2230 379,2229 381,2229 381,2228 421,2228 421,2218 422,2218 422,2214 423,2214 423,2208 424,2208 424,2207 425,2207 425,2205 426,2205 426,2204"/>
					<TextEquiv>
						<Unicode>τόδε.</Unicode>
					</TextEquiv>
				</Word>
				<Word id="r243">
					<Coords points="603,2205 605,2205 605,2206 606,2206 606,2226 734,2226 734,2219 735,2219 735,2213 736,2213 736,2211 737,2211 737,2210 738,2210 738,2209 741,2209 741,2210 742,2210 742,2211 743,2211 743,2226 824,2226 824,2227 825,2227 825,2228 826,2228 826,2231 825,2231 825,2234 824,2234 824,2236 823,2236 823,2239 822,2239 822,2240 821,2240 821,2242 820,2242 820,2243 819,2243 819,2245 817,2245 817,2246 816,2246 816,2247 815,2247 815,2248 813,2248 813,2250 810,2250 810,2251 809,2251 809,2252 807,2252 807,2253 789,2253 789,2254 735,2254 735,2269 734,2269 734,2270 732,2270 732,2271 730,2271 730,2270 729,2270 729,2269 728,2269 728,2268 672,2268 672,2264 671,2264 671,2254 587,2254 587,2253 586,2253 586,2252 584,2252 584,2250 582,2250 582,2248 581,2248 581,2246 580,2246 580,2240 581,2240 581,2236 582,2236 582,2234 583,2234 583,2233 584,2233 584,2232 585,2232 585,2220 586,2220 586,2209 587,2209 587,2208 588,2208 588,2207 589,2207 589,2206 601,2206 601,2205 603,2205 603,2204"/>
					<TextEquiv>
						<Unicode>ἔπεμψαν</Unicode>
					</TextEquiv>
				</Word>
				<Word id="r244">
					<Coords points="909,2204 909,2205 910,2205 910,2206 911,2206 911,2207 912,2207 912,2209 913,2209 913,2211 914,2211 914,2213 915,2213 915,2216 916,2216 916,2218 917,2218 917,2227 919,2227 919,2228 920,2228 920,2229 921,2229 921,2232 920,2232 920,2233 919,2233 919,2252 917,2252 917,2253 914,2253 914,2254 909,2254 909,2253 877,2253 877,2252 875,2252 875,2251 873,2251 873,2250 872,2250 872,2249 870,2249 870,2247 869,2247 869,2244 868,2244 868,2239 869,2239 869,2236 870,2236 870,2234 871,2234 871,2232 872,2232 872,2231 874,2231 874,2209 875,2209 875,2206 876,2206 876,2205 877,2205 877,2204"/>
					<TextEquiv>
						<Unicode>δὲ</Unicode>
					</TextEquiv>
				</Word>
				<Word id="r245">
					<Coords points="1035,2204 1035,2205 1036,2205 1036,2207 1037,2207 1037,2209 1038,2209 1038,2211 1039,2211 1039,2214 1040,2214 1040,2217 1041,2217 1041,2219 1042,2219 1042,2242 1047,2242 1047,2245 1046,2245 1046,2246 1045,2246 1045,2248 1044,2248 1044,2250 1043,2250 1043,2251 1042,2251 1042,2252 1041,2252 1041,2253 1039,2253 1039,2254 962,2254 962,2253 960,2253 960,2250 961,2250 961,2248 962,2248 962,2246 963,2246 963,2243 964,2243 964,2240 965,2240 965,2238 966,2238 966,2234 967,2234 967,2232 968,2232 968,2230 969,2230 969,2228 971,2228 971,2227 1030,2227 1030,2205 1031,2205 1031,2204"/>
					<TextEquiv>
						<Unicode>καὶ</Unicode>
					</TextEquiv>
				</Word>
				<Word id="r246">
					<Coords points="1105,2205 1105,2206 1107,2206 1107,2207 1108,2207 1108,2208 1109,2208 1109,2209 1110,2209 1110,2210 1111,2210 1111,2211 1113,2211 1113,2212 1220,2212 1220,2213 1223,2213 1223,2214 1225,2214 1225,2215 1226,2215 1226,2216 1227,2216 1227,2217 1228,2217 1228,2218 1229,2218 1229,2219 1230,2219 1230,2220 1231,2220 1231,2222 1232,2222 1232,2224 1233,2224 1233,2226 1234,2226 1234,2227 1361,2227 1361,2216 1362,2216 1362,2215 1363,2215 1363,2214 1364,2214 1364,2213 1365,2213 1365,2212 1366,2212 1366,2211 1369,2211 1369,2210 1373,2210 1373,2211 1376,2211 1376,2212 1378,2212 1378,2214 1379,2214 1379,2215 1380,2215 1380,2217 1381,2217 1381,2227 1469,2227 1469,2228 1472,2228 1472,2229 1473,2229 1473,2230 1475,2230 1475,2231 1477,2231 1477,2233 1478,2233 1478,2245 1487,2245 1487,2246 1490,2246 1490,2247 1492,2247 1492,2248 1493,2248 1493,2250 1494,2250 1494,2251 1493,2251 1493,2254 1492,2254 1492,2257 1491,2257 1491,2259 1490,2259 1490,2260 1489,2260 1489,2261 1487,2261 1487,2262 1392,2262 1392,2265 1391,2265 1391,2270 1390,2270 1390,2271 1388,2271 1388,2272 1387,2272 1387,2271 1386,2271 1386,2268 1370,2268 1370,2267 1369,2267 1369,2255 1333,2255 1333,2254 1179,2254 1179,2253 1097,2253 1097,2252 1095,2252 1095,2251 1094,2251 1094,2250 1093,2250 1093,2249 1092,2249 1092,2248 1091,2248 1091,2246 1090,2246 1090,2239 1091,2239 1091,2237 1092,2237 1092,2234 1093,2234 1093,2232 1095,2232 1095,2208 1096,2208 1096,2207 1097,2207 1097,2206 1099,2206 1099,2205"/>
					<TextEquiv>
						<Unicode>διαλλακτῆρας,</Unicode>
					</TextEquiv>
				</Word>
				<Word id="r247">
					<Coords points="1564,2207 1564,2208 1567,2208 1567,2209 1568,2209 1568,2210 1569,2210 1569,2211 1570,2211 1570,2213 1571,2213 1571,2228 1587,2228 1587,2229 1589,2229 1589,2230 1591,2230 1591,2231 1592,2231 1592,2232 1593,2232 1593,2234 1594,2234 1594,2237 1593,2237 1593,2238 1592,2238 1592,2239 1589,2239 1589,2254 1588,2254 1588,2256 1587,2256 1587,2257 1586,2257 1586,2258 1585,2258 1585,2259 1583,2259 1583,2260 1578,2260 1578,2256 1535,2256 1535,2255 1528,2255 1528,2254 1527,2254 1527,2253 1525,2253 1525,2252 1524,2252 1524,2250 1523,2250 1523,2248 1522,2248 1522,2241 1523,2241 1523,2238 1524,2238 1524,2236 1525,2236 1525,2235 1526,2235 1526,2233 1527,2233 1527,2232 1528,2232 1528,2231 1530,2231 1530,2230 1532,2230 1532,2229 1534,2229 1534,2228 1553,2228 1553,2213 1554,2213 1554,2211 1555,2211 1555,2209 1556,2209 1556,2208 1558,2208 1558,2207"/>
					<TextEquiv>
						<Unicode>οἷς</Unicode>
					</TextEquiv>
				</Word>
				<Word id="r248">
					<Coords points="1677,2208 1677,2209 1679,2209 1679,2212 1678,2212 1678,2213 1677,2213 1677,2214 1676,2214 1676,2215 1675,2215 1675,2250 1674,2250 1674,2252 1673,2252 1673,2254 1671,2254 1671,2256 1669,2256 1669,2257 1664,2257 1664,2256 1640,2256 1640,2255 1638,2255 1638,2254 1636,2254 1636,2253 1635,2253 1635,2251 1634,2251 1634,2248 1633,2248 1633,2240 1634,2240 1634,2238 1635,2238 1635,2237 1636,2237 1636,2236 1637,2236 1637,2234 1638,2234 1638,2233 1639,2233 1639,2232 1640,2232 1640,2231 1642,2231 1642,2230 1646,2230 1646,2229 1669,2229 1669,2211 1670,2211 1670,2210 1671,2210 1671,2209 1673,2209 1673,2208"/>
					<TextEquiv>
						<Unicode>οἱ</Unicode>
					</TextEquiv>
				</Word>
				<TextEquiv>
					<Unicode>καὶ τόδε. ἔπεμψαν δὲ καὶ διαλλακτῆρας, οἷς οἱ</Unicode>
				</TextEquiv>
			</TextLine>
			<TextLine id="r30">
				<Coords points="712,2272 714,2272 714,2274 715,2274 715,2294 927,2294 927,2275 928,2275 928,2274 929,2274 929,2273 932,2273 932,2274 1034,2274 1034,2272 1135,2272 1135,2273 1136,2273 1136,2274 1137,2274 1137,2277 1138,2277 1138,2279 1139,2279 1139,2282 1140,2282 1140,2284 1141,2284 1141,2286 1142,2286 1142,2289 1143,2289 1143,2294 1260,2294 1260,2285 1261,2285 1261,2281 1262,2281 1262,2277 1263,2277 1263,2275 1264,2275 1264,2274 1265,2274 1265,2272 1270,2272 1270,2274 1271,2274 1271,2282 1287,2282 1287,2283 1289,2283 1289,2284 1290,2284 1290,2285 1291,2285 1291,2286 1292,2286 1292,2288 1293,2288 1293,2289 1294,2289 1294,2291 1295,2291 1295,2293 1296,2293 1296,2295 1420,2295 1420,2277 1421,2277 1421,2276 1423,2276 1423,2275 1441,2275 1441,2274 1444,2274 1444,2273 1447,2273 1447,2274 1495,2274 1495,2281 1503,2281 1503,2282 1506,2282 1506,2283 1509,2283 1509,2284 1510,2284 1510,2285 1511,2285 1511,2286 1513,2286 1513,2288 1514,2288 1514,2289 1515,2289 1515,2290 1516,2290 1516,2293 1517,2293 1517,2295 1518,2295 1518,2296 1565,2296 1565,2297 1645,2297 1645,2298 1676,2298 1676,2299 1678,2299 1678,2300 1679,2300 1679,2305 1678,2305 1678,2308 1677,2308 1677,2310 1676,2310 1676,2311 1675,2311 1675,2313 1674,2313 1674,2314 1673,2314 1673,2315 1672,2315 1672,2316 1671,2316 1671,2317 1670,2317 1670,2319 1668,2319 1668,2320 1667,2320 1667,2321 1665,2321 1665,2322 1664,2322 1664,2323 1662,2323 1662,2324 1660,2324 1660,2325 1657,2325 1657,2326 1656,2326 1656,2325 1622,2325 1622,2324 1490,2324 1490,2325 1489,2325 1489,2330 1488,2330 1488,2332 1487,2332 1487,2336 1486,2336 1486,2337 1483,2337 1483,2338 1482,2338 1482,2337 1481,2337 1481,2336 1480,2336 1480,2324 1377,2324 1377,2325 1376,2325 1376,2326 1374,2326 1374,2327 1367,2327 1367,2323 1172,2323 1172,2324 1171,2324 1171,2325 1169,2325 1169,2326 1167,2326 1167,2327 1164,2327 1164,2326 1163,2326 1163,2322 1029,2322 1029,2321 884,2321 884,2322 883,2322 883,2325 882,2325 882,2326 881,2326 881,2327 880,2327 880,2328 879,2328 879,2329 877,2329 877,2330 873,2330 873,2329 872,2329 872,2322 709,2322 709,2324 708,2324 708,2328 707,2328 707,2333 706,2333 706,2335 704,2335 704,2336 702,2336 702,2335 701,2335 701,2334 700,2334 700,2323 582,2323 582,2333 581,2333 581,2335 580,2335 580,2337 579,2337 579,2338 578,2338 578,2339 577,2339 577,2340 575,2340 575,2341 546,2341 546,2340 544,2340 544,2327 444,2327 444,2326 443,2326 443,2324 339,2324 339,2326 338,2326 338,2329 337,2329 337,2332 335,2332 335,2333 334,2333 334,2332 333,2332 333,2323 268,2323 268,2322 265,2322 265,2320 264,2320 264,2319 265,2319 265,2318 266,2318 266,2317 271,2317 271,2316 272,2316 272,2315 273,2315 273,2312 274,2312 274,2309 275,2309 275,2307 276,2307 276,2304 277,2304 277,2301 278,2301 278,2298 279,2298 279,2296 280,2296 280,2294 281,2294 281,2291 282,2291 282,2288 283,2288 283,2286 284,2286 284,2284 285,2284 285,2281 286,2281 286,2278 325,2278 325,2276 326,2276 326,2274 328,2274 328,2273 331,2273 331,2274 332,2274 332,2275 333,2275 333,2277 367,2277 367,2278 368,2278 368,2279 369,2279 369,2280 370,2280 370,2281 371,2281 371,2282 372,2282 372,2283 373,2283 373,2286 374,2286 374,2295 526,2295 526,2275 527,2275 527,2274 528,2274 528,2273 712,2273"/>
				<Word id="r209">
					<Coords points="328,2273 331,2273 331,2274 332,2274 332,2275 333,2275 333,2277 367,2277 367,2278 368,2278 368,2279 369,2279 369,2280 370,2280 370,2281 371,2281 371,2282 372,2282 372,2283 373,2283 373,2286 374,2286 374,2295 451,2295 451,2296 454,2296 454,2297 455,2297 455,2298 457,2298 457,2300 458,2300 458,2301 459,2301 459,2304 458,2304 458,2305 454,2305 454,2322 453,2322 453,2324 452,2324 452,2325 449,2325 449,2326 446,2326 446,2327 444,2327 444,2326 443,2326 443,2324 339,2324 339,2326 338,2326 338,2329 337,2329 337,2332 335,2332 335,2333 334,2333 334,2332 333,2332 333,2323 268,2323 268,2322 265,2322 265,2320 264,2320 264,2319 265,2319 265,2318 266,2318 266,2317 271,2317 271,2316 272,2316 272,2315 273,2315 273,2312 274,2312 274,2309 275,2309 275,2307 276,2307 276,2304 277,2304 277,2301 278,2301 278,2298 279,2298 279,2296 280,2296 280,2294 281,2294 281,2291 282,2291 282,2288 283,2288 283,2286 284,2286 284,2284 285,2284 285,2281 286,2281 286,2278 325,2278 325,2276 326,2276 326,2274 328,2274"/>
					<TextEquiv>
						<Unicode>Λίβυες</Unicode>
					</TextEquiv>
				</Word>
				<Word id="r211">
					<Coords points="531,2273 531,2274 533,2274 533,2275 534,2275 534,2276 535,2276 535,2277 536,2277 536,2279 537,2279 537,2294 583,2294 583,2296 584,2296 584,2297 583,2297 583,2300 582,2300 582,2333 581,2333 581,2335 580,2335 580,2337 579,2337 579,2338 578,2338 578,2339 577,2339 577,2340 575,2340 575,2341 546,2341 546,2340 544,2340 544,2323 493,2323 493,2322 491,2322 491,2321 489,2321 489,2320 488,2320 488,2319 487,2319 487,2318 486,2318 486,2316 485,2316 485,2313 484,2313 484,2307 485,2307 485,2306 486,2306 486,2303 487,2303 487,2301 488,2301 488,2300 489,2300 489,2299 490,2299 490,2298 491,2298 491,2297 494,2297 494,2296 521,2296 521,2295 526,2295 526,2275 527,2275 527,2274 528,2274 528,2273"/>
					<TextEquiv>
						<Unicode>οὐχ</Unicode>
					</TextEquiv>
				</Word>
				<Word id="r212">
					<Coords points="714,2272 714,2274 715,2274 715,2294 830,2294 830,2295 867,2295 867,2296 868,2296 868,2297 869,2297 869,2313 881,2313 881,2314 883,2314 883,2315 884,2315 884,2322 883,2322 883,2325 882,2325 882,2326 881,2326 881,2327 880,2327 880,2328 879,2328 879,2329 877,2329 877,2330 873,2330 873,2329 872,2329 872,2322 709,2322 709,2324 708,2324 708,2328 707,2328 707,2333 706,2333 706,2335 704,2335 704,2336 702,2336 702,2335 701,2335 701,2334 700,2334 700,2323 647,2323 647,2322 646,2322 646,2321 616,2321 616,2320 614,2320 614,2319 613,2319 613,2317 612,2317 612,2316 611,2316 611,2300 610,2300 610,2298 609,2298 610,2298 610,2296 612,2296 612,2295 619,2295 619,2277 620,2277 620,2275 622,2275 622,2274 626,2274 626,2273 712,2273 712,2272"/>
					<TextEquiv>
						<Unicode>ὑπήκουον,</Unicode>
					</TextEquiv>
				</Word>
				<Word id="r213">
					<Coords points="1037,2272 1037,2273 1038,2273 1038,2274 1040,2274 1040,2277 1041,2277 1041,2280 1042,2280 1042,2282 1043,2282 1043,2284 1044,2284 1044,2286 1045,2286 1045,2289 1046,2289 1046,2290 1047,2290 1047,2296 1050,2296 1050,2311 1054,2311 1054,2312 1055,2312 1055,2314 1054,2314 1054,2315 1053,2315 1053,2316 1052,2316 1052,2318 1051,2318 1051,2319 1050,2319 1050,2320 1049,2320 1049,2321 1047,2321 1047,2322 1029,2322 1029,2321 917,2321 917,2320 915,2320 915,2319 914,2319 914,2318 913,2318 913,2316 912,2316 912,2309 913,2309 913,2307 914,2307 914,2305 915,2305 915,2303 916,2303 916,2302 917,2302 917,2301 918,2301 918,2300 919,2300 919,2299 920,2299 920,2297 922,2297 922,2296 925,2296 925,2295 927,2295 927,2275 928,2275 928,2274 929,2274 929,2273 932,2273 932,2274 1034,2274 1034,2272"/>
					<TextEquiv>
						<Unicode>ἀλλὰ</Unicode>
					</TextEquiv>
				</Word>
				<Word id="r214">
					<Coords points="1131,2272 1135,2272 1135,2273 1136,2273 1136,2274 1137,2274 1137,2277 1138,2277 1138,2279 1139,2279 1139,2282 1140,2282 1140,2284 1141,2284 1141,2286 1142,2286 1142,2289 1143,2289 1143,2294 1170,2294 1170,2295 1172,2295 1172,2296 1175,2296 1175,2297 1176,2297 1176,2298 1177,2298 1177,2300 1178,2300 1178,2301 1179,2301 1179,2303 1178,2303 1178,2304 1176,2304 1176,2305 1174,2305 1174,2321 1173,2321 1173,2323 1172,2323 1172,2324 1171,2324 1171,2325 1169,2325 1169,2326 1167,2326 1167,2327 1164,2327 1164,2326 1163,2326 1163,2322 1098,2322 1098,2321 1097,2321 1097,2320 1096,2320 1096,2306 1090,2306 1090,2305 1089,2305 1089,2302 1088,2302 1089,2302 1089,2299 1090,2299 1090,2298 1091,2298 1091,2297 1093,2297 1093,2296 1095,2296 1095,2295 1130,2295 1130,2274 1131,2274"/>
					<TextEquiv>
						<Unicode>τὰς</Unicode>
					</TextEquiv>
				</Word>
				<Word id="r216">
					<Coords points="1270,2272 1270,2274 1271,2274 1271,2282 1287,2282 1287,2283 1289,2283 1289,2284 1290,2284 1290,2285 1291,2285 1291,2286 1292,2286 1292,2288 1293,2288 1293,2289 1294,2289 1294,2291 1295,2291 1295,2293 1296,2293 1296,2295 1377,2295 1377,2296 1379,2296 1379,2297 1380,2297 1380,2298 1381,2298 1381,2299 1382,2299 1382,2300 1383,2300 1383,2301 1384,2301 1384,2304 1383,2304 1383,2305 1382,2305 1382,2306 1379,2306 1379,2322 1378,2322 1378,2324 1377,2324 1377,2325 1376,2325 1376,2326 1374,2326 1374,2327 1367,2327 1367,2323 1258,2323 1258,2322 1210,2322 1210,2321 1209,2321 1209,2307 1204,2307 1204,2306 1203,2306 1203,2300 1204,2300 1204,2298 1205,2298 1205,2297 1206,2297 1206,2296 1215,2296 1215,2295 1260,2295 1260,2285 1261,2285 1261,2281 1262,2281 1262,2277 1263,2277 1263,2275 1264,2275 1264,2274 1265,2274 1265,2272"/>
					<TextEquiv>
						<Unicode>πόλεις</Unicode>
					</TextEquiv>
				</Word>
				<Word id="r217">
					<Coords points="1447,2273 1447,2274 1495,2274 1495,2281 1503,2281 1503,2282 1506,2282 1506,2283 1509,2283 1509,2284 1510,2284 1510,2285 1511,2285 1511,2286 1513,2286 1513,2288 1514,2288 1514,2289 1515,2289 1515,2290 1516,2290 1516,2293 1517,2293 1517,2295 1518,2295 1518,2296 1565,2296 1565,2297 1645,2297 1645,2298 1676,2298 1676,2299 1678,2299 1678,2300 1679,2300 1679,2305 1678,2305 1678,2308 1677,2308 1677,2310 1676,2310 1676,2311 1675,2311 1675,2313 1674,2313 1674,2314 1673,2314 1673,2315 1672,2315 1672,2316 1671,2316 1671,2317 1670,2317 1670,2319 1668,2319 1668,2320 1667,2320 1667,2321 1665,2321 1665,2322 1664,2322 1664,2323 1662,2323 1662,2324 1660,2324 1660,2325 1657,2325 1657,2326 1656,2326 1656,2325 1622,2325 1622,2324 1490,2324 1490,2325 1489,2325 1489,2330 1488,2330 1488,2332 1487,2332 1487,2336 1486,2336 1486,2337 1483,2337 1483,2338 1482,2338 1482,2337 1481,2337 1481,2336 1480,2336 1480,2324 1417,2324 1417,2323 1414,2323 1414,2322 1412,2322 1412,2321 1411,2321 1411,2320 1410,2320 1410,2319 1409,2319 1409,2317 1408,2317 1408,2314 1407,2314 1407,2310 1408,2310 1408,2307 1409,2307 1409,2304 1410,2304 1410,2302 1411,2302 1411,2301 1413,2301 1413,2300 1414,2300 1414,2299 1415,2299 1415,2298 1416,2298 1416,2297 1418,2297 1418,2296 1420,2296 1420,2277 1421,2277 1421,2276 1423,2276 1423,2275 1441,2275 1441,2274 1444,2274 1444,2273"/>
					<TextEquiv>
						<Unicode>ἐδήλωσαν</Unicode>
					</TextEquiv>
				</Word>
				<TextEquiv>
					<Unicode>Λίβυες οὐχ ὑπήκουον, ἀλλὰ τὰς πόλεις ἐδήλωσαν</Unicode>
				</TextEquiv>
			</TextLine>
			<TextLine id="r31">
				<Coords points="939,2340 939,2341 940,2341 940,2342 941,2342 941,2362 1107,2362 1107,2345 1108,2345 1108,2343 1109,2343 1109,2342 1216,2342 1216,2341 1220,2341 1220,2342 1221,2342 1221,2349 1234,2349 1234,2350 1235,2350 1235,2351 1238,2351 1238,2352 1239,2352 1239,2353 1240,2353 1240,2354 1241,2354 1241,2357 1242,2357 1242,2358 1243,2358 1243,2360 1244,2360 1244,2362 1245,2362 1245,2363 1328,2363 1328,2364 1455,2364 1455,2347 1456,2347 1456,2345 1457,2345 1457,2344 1458,2344 1458,2343 1460,2343 1460,2342 1516,2342 1516,2341 1519,2341 1519,2342 1522,2342 1522,2343 1632,2343 1632,2344 1635,2344 1635,2345 1636,2345 1636,2346 1637,2346 1637,2347 1638,2347 1638,2349 1639,2349 1639,2365 1674,2365 1674,2366 1675,2366 1675,2367 1676,2367 1676,2368 1677,2368 1677,2372 1675,2372 1675,2373 1674,2373 1674,2387 1673,2387 1673,2388 1672,2388 1672,2389 1671,2389 1671,2391 1669,2391 1669,2392 1629,2392 1629,2393 1596,2393 1596,2392 1592,2392 1592,2391 1455,2391 1455,2392 1452,2392 1452,2391 1451,2391 1451,2390 1343,2390 1343,2391 1324,2391 1324,2392 1320,2392 1320,2391 1318,2391 1318,2390 1214,2390 1214,2391 1023,2391 1023,2393 1022,2393 1022,2394 1021,2394 1021,2395 1019,2395 1019,2396 1018,2396 1018,2397 1017,2397 1017,2398 1013,2398 1013,2397 1012,2397 1012,2391 986,2391 986,2390 853,2390 853,2394 852,2394 852,2398 851,2398 851,2401 850,2401 850,2403 847,2403 847,2401 846,2401 846,2391 813,2391 813,2390 691,2390 691,2391 516,2391 516,2392 515,2392 515,2393 514,2393 514,2394 513,2394 513,2395 511,2395 511,2396 507,2396 507,2395 506,2395 506,2392 364,2392 364,2395 363,2395 363,2399 362,2399 362,2401 360,2401 360,2402 357,2402 357,2391 274,2391 274,2390 273,2390 273,2389 270,2389 270,2388 269,2388 269,2386 268,2386 268,2370 267,2370 267,2369 266,2369 266,2368 265,2368 265,2367 266,2367 266,2366 267,2366 267,2365 268,2365 268,2364 275,2364 275,2346 276,2346 276,2345 277,2345 277,2344 279,2344 279,2343 285,2343 285,2344 287,2344 287,2363 420,2363 420,2356 421,2356 421,2352 422,2352 422,2349 423,2349 423,2347 424,2347 424,2344 425,2344 425,2342 426,2342 426,2341 431,2341 431,2363 595,2363 595,2347 596,2347 596,2346 597,2346 597,2344 598,2344 598,2343 599,2343 599,2342 600,2342 600,2341 608,2341 608,2342 610,2342 610,2343 611,2343 611,2344 612,2344 612,2345 613,2345 613,2346 614,2346 614,2362 641,2362 641,2363 744,2363 744,2348 745,2348 745,2345 746,2345 746,2344 747,2344 747,2343 750,2343 750,2342 755,2342 755,2344 790,2344 790,2345 795,2345 795,2346 796,2346 796,2347 797,2347 797,2348 798,2348 798,2349 799,2349 799,2350 800,2350 800,2351 801,2351 801,2361 928,2361 928,2354 929,2354 929,2351 930,2351 930,2348 931,2348 931,2346 932,2346 932,2344 933,2344 933,2342 934,2342 934,2341 936,2341 936,2340"/>
				<Word id="r218">
					<Coords points="431,2341 431,2363 513,2363 513,2364 516,2364 516,2365 518,2365 518,2366 520,2366 520,2368 521,2368 521,2369 522,2369 522,2373 521,2373 521,2374 517,2374 517,2391 516,2391 516,2392 515,2392 515,2393 514,2393 514,2394 513,2394 513,2395 511,2395 511,2396 507,2396 507,2395 506,2395 506,2392 364,2392 364,2395 363,2395 363,2399 362,2399 362,2401 360,2401 360,2402 357,2402 357,2391 274,2391 274,2390 273,2390 273,2389 270,2389 270,2388 269,2388 269,2386 268,2386 268,2370 267,2370 267,2369 266,2369 266,2368 265,2368 265,2367 266,2367 266,2366 267,2366 267,2365 268,2365 268,2364 275,2364 275,2346 276,2346 276,2345 277,2345 277,2344 279,2344 279,2343 285,2343 285,2344 287,2344 287,2363 420,2363 420,2356 421,2356 421,2352 422,2352 422,2349 423,2349 423,2347 424,2347 424,2344 425,2344 425,2342 426,2342 426,2341"/>
					<TextEquiv>
						<Unicode>ὑπηκόους</Unicode>
					</TextEquiv>
				</Word>
				<Word id="r219">
					<Coords points="608,2341 608,2342 610,2342 610,2343 611,2343 611,2344 612,2344 612,2345 613,2345 613,2346 614,2346 614,2362 641,2362 641,2363 693,2363 693,2364 694,2364 694,2379 698,2379 698,2383 697,2383 697,2385 695,2385 695,2387 694,2387 694,2388 693,2388 693,2389 692,2389 692,2390 691,2390 691,2391 579,2391 579,2390 577,2390 577,2389 575,2389 575,2388 574,2388 574,2387 573,2387 573,2386 572,2386 572,2385 571,2385 571,2381 570,2381 570,2375 571,2375 571,2373 572,2373 572,2372 573,2372 573,2370 574,2370 574,2369 575,2369 575,2368 576,2368 576,2366 578,2366 578,2365 580,2365 580,2364 582,2364 582,2363 595,2363 595,2347 596,2347 596,2346 597,2346 597,2344 598,2344 598,2343 599,2343 599,2342 600,2342 600,2341"/>
					<TextEquiv>
						<Unicode>εἶναι</Unicode>
					</TextEquiv>
				</Word>
				<Word id="r220">
					<Coords points="936,2340 939,2340 939,2341 940,2341 940,2342 941,2342 941,2362 1009,2362 1009,2363 1010,2363 1010,2364 1011,2364 1011,2381 1020,2381 1020,2382 1022,2382 1022,2384 1023,2384 1023,2386 1024,2386 1024,2387 1023,2387 1023,2393 1022,2393 1022,2394 1021,2394 1021,2395 1019,2395 1019,2396 1018,2396 1018,2397 1017,2397 1017,2398 1013,2398 1013,2397 1012,2397 1012,2391 986,2391 986,2390 853,2390 853,2394 852,2394 852,2398 851,2398 851,2401 850,2401 850,2403 847,2403 847,2401 846,2401 846,2391 813,2391 813,2390 766,2390 766,2389 763,2389 763,2358 750,2358 750,2357 748,2357 748,2356 746,2356 746,2355 745,2355 745,2353 744,2353 744,2348 745,2348 745,2345 746,2345 746,2344 747,2344 747,2343 750,2343 750,2342 755,2342 755,2344 790,2344 790,2345 795,2345 795,2346 796,2346 796,2347 797,2347 797,2348 798,2348 798,2349 799,2349 799,2350 800,2350 800,2351 801,2351 801,2361 928,2361 928,2354 929,2354 929,2351 930,2351 930,2348 931,2348 931,2346 932,2346 932,2344 933,2344 933,2342 934,2342 934,2341 936,2341"/>
					<TextEquiv>
						<Unicode>Ῥωμαίων,</Unicode>
					</TextEquiv>
				</Word>
				<Word id="r222">
					<Coords points="1115,2342 1115,2343 1116,2343 1116,2344 1117,2344 1117,2345 1118,2345 1118,2353 1117,2353 1117,2382 1116,2382 1116,2384 1115,2384 1115,2386 1114,2386 1114,2387 1113,2387 1113,2388 1112,2388 1112,2389 1110,2389 1110,2390 1108,2390 1108,2391 1085,2391 1085,2390 1082,2390 1082,2389 1080,2389 1080,2388 1078,2388 1078,2387 1077,2387 1077,2386 1076,2386 1076,2383 1075,2383 1075,2374 1076,2374 1076,2372 1077,2372 1077,2371 1078,2371 1078,2370 1079,2370 1079,2368 1080,2368 1080,2366 1082,2366 1082,2365 1084,2365 1084,2364 1086,2364 1086,2363 1088,2363 1088,2362 1107,2362 1107,2345 1108,2345 1108,2343 1109,2343 1109,2342"/>
					<TextEquiv>
						<Unicode>εἰ</Unicode>
					</TextEquiv>
				</Word>
				<Word id="r223">
					<Coords points="1220,2341 1220,2342 1221,2342 1221,2349 1234,2349 1234,2350 1235,2350 1235,2351 1238,2351 1238,2352 1239,2352 1239,2353 1240,2353 1240,2354 1241,2354 1241,2357 1242,2357 1242,2358 1243,2358 1243,2360 1244,2360 1244,2362 1245,2362 1245,2363 1328,2363 1328,2364 1363,2364 1363,2365 1364,2365 1364,2366 1376,2366 1376,2367 1377,2367 1377,2369 1378,2369 1378,2373 1377,2373 1377,2375 1375,2375 1375,2376 1361,2376 1361,2378 1360,2378 1360,2379 1359,2379 1359,2381 1358,2381 1358,2382 1357,2382 1357,2383 1355,2383 1355,2384 1354,2384 1354,2385 1353,2385 1353,2386 1352,2386 1352,2387 1351,2387 1351,2388 1349,2388 1349,2389 1347,2389 1347,2390 1343,2390 1343,2391 1324,2391 1324,2392 1320,2392 1320,2391 1318,2391 1318,2390 1214,2390 1214,2391 1207,2391 1207,2390 1171,2390 1171,2389 1170,2389 1170,2388 1169,2388 1169,2387 1168,2387 1168,2386 1167,2386 1167,2384 1166,2384 1166,2373 1167,2373 1167,2370 1168,2370 1168,2367 1169,2367 1169,2363 1170,2363 1170,2359 1171,2359 1171,2357 1172,2357 1172,2356 1173,2356 1173,2354 1174,2354 1174,2352 1175,2352 1175,2351 1176,2351 1176,2350 1177,2350 1177,2348 1178,2348 1178,2347 1179,2347 1179,2346 1180,2346 1180,2345 1182,2345 1182,2344 1184,2344 1184,2343 1186,2343 1186,2342 1216,2342 1216,2341"/>
					<TextEquiv>
						<Unicode>θέλοιεν·</Unicode>
					</TextEquiv>
				</Word>
				<Word id="r224">
					<Coords points="1465,2342 1465,2344 1466,2344 1466,2348 1465,2348 1465,2349 1463,2349 1463,2383 1462,2383 1462,2385 1461,2385 1461,2387 1460,2387 1460,2388 1459,2388 1459,2389 1458,2389 1458,2390 1457,2390 1457,2391 1455,2391 1455,2392 1452,2392 1452,2391 1451,2391 1451,2390 1422,2390 1422,2389 1421,2389 1421,2388 1420,2388 1420,2387 1419,2387 1419,2386 1418,2386 1418,2385 1417,2385 1417,2375 1418,2375 1418,2373 1419,2373 1419,2371 1420,2371 1420,2369 1421,2369 1421,2368 1422,2368 1422,2367 1423,2367 1423,2366 1425,2366 1425,2365 1426,2365 1426,2364 1455,2364 1455,2347 1456,2347 1456,2345 1457,2345 1457,2344 1458,2344 1458,2343 1460,2343 1460,2342"/>
					<TextEquiv>
						<Unicode>οἱ</Unicode>
					</TextEquiv>
				</Word>
				<Word id="r225">
					<Coords points="1519,2341 1519,2342 1522,2342 1522,2343 1544,2343 1544,2344 1546,2344 1546,2345 1547,2345 1547,2347 1548,2347 1548,2354 1547,2354 1547,2356 1546,2356 1546,2357 1545,2357 1545,2358 1542,2358 1542,2359 1533,2359 1533,2381 1532,2381 1532,2384 1531,2384 1531,2385 1530,2385 1530,2386 1529,2386 1529,2387 1528,2387 1528,2388 1527,2388 1527,2389 1524,2389 1524,2390 1522,2390 1522,2391 1515,2391 1515,2390 1514,2390 1514,2389 1512,2389 1512,2388 1511,2388 1511,2387 1510,2387 1510,2386 1509,2386 1509,2385 1508,2385 1508,2383 1507,2383 1507,2376 1508,2376 1508,2374 1509,2374 1509,2372 1510,2372 1510,2371 1511,2371 1511,2370 1512,2370 1512,2346 1513,2346 1513,2344 1514,2344 1514,2343 1515,2343 1515,2342 1516,2342 1516,2341"/>
					<TextEquiv>
						<Unicode>δ᾽</Unicode>
					</TextEquiv>
				</Word>
				<Word id="r226">
					<Coords points="1632,2343 1632,2344 1635,2344 1635,2345 1636,2345 1636,2346 1637,2346 1637,2347 1638,2347 1638,2349 1639,2349 1639,2365 1674,2365 1674,2366 1675,2366 1675,2367 1676,2367 1676,2368 1677,2368 1677,2372 1675,2372 1675,2373 1674,2373 1674,2387 1673,2387 1673,2388 1672,2388 1672,2389 1671,2389 1671,2391 1669,2391 1669,2392 1629,2392 1629,2393 1596,2393 1596,2392 1592,2392 1592,2391 1590,2391 1590,2390 1589,2390 1589,2389 1588,2389 1588,2387 1587,2387 1587,2386 1586,2386 1586,2376 1587,2376 1587,2374 1588,2374 1588,2372 1589,2372 1589,2371 1590,2371 1590,2369 1591,2369 1591,2368 1592,2368 1592,2367 1593,2367 1593,2366 1595,2366 1595,2365 1598,2365 1598,2364 1627,2364 1627,2346 1628,2346 1628,2344 1631,2344 1631,2343"/>
					<TextEquiv>
						<Unicode>οὐκ</Unicode>
					</TextEquiv>
				</Word>
				<TextEquiv>
					<Unicode>ὑπηκόους εἶναι Ῥωμαίων, εἰ θέλοιεν· οἱ δ᾽ οὐκ</Unicode>
				</TextEquiv>
			</TextLine>
			<TextLine id="r29">
				<Coords points="338,2409 340,2409 340,2411 362,2411 362,2412 363,2412 363,2417 374,2417 374,2418 375,2418 375,2419 376,2419 376,2431 586,2431 586,2412 630,2412 630,2413 631,2413 631,2430 787,2430 787,2413 788,2413 788,2411 790,2411 790,2410 791,2410 791,2409 834,2409 834,2410 835,2410 835,2430 982,2430 982,2412 984,2412 984,2411 985,2411 985,2410 1017,2410 1017,2411 1018,2411 1018,2412 1019,2412 1019,2414 1020,2414 1020,2416 1021,2416 1021,2417 1022,2417 1022,2421 1023,2421 1023,2422 1024,2422 1024,2425 1025,2425 1025,2431 1127,2431 1127,2432 1245,2432 1245,2431 1273,2431 1273,2419 1274,2419 1274,2416 1275,2416 1275,2415 1276,2415 1276,2414 1278,2414 1278,2413 1285,2413 1285,2414 1289,2414 1289,2416 1290,2416 1290,2417 1291,2417 1291,2419 1292,2419 1292,2433 1407,2433 1407,2419 1408,2419 1408,2418 1409,2418 1409,2417 1501,2417 1501,2416 1502,2416 1502,2415 1508,2415 1508,2416 1510,2416 1510,2417 1511,2417 1511,2418 1512,2418 1512,2419 1513,2419 1513,2420 1514,2420 1514,2422 1515,2422 1515,2433 1633,2433 1633,2424 1634,2424 1634,2422 1635,2422 1635,2421 1636,2421 1636,2420 1637,2420 1637,2419 1638,2419 1638,2418 1639,2418 1639,2417 1641,2417 1641,2416 1642,2416 1642,2417 1646,2417 1646,2418 1648,2418 1648,2419 1650,2419 1650,2420 1651,2420 1651,2422 1652,2422 1652,2434 1667,2434 1667,2435 1671,2435 1671,2436 1674,2436 1674,2437 1675,2437 1675,2439 1676,2439 1676,2442 1675,2442 1675,2444 1671,2444 1671,2461 1670,2461 1670,2462 1669,2462 1669,2464 1667,2464 1667,2465 1665,2465 1665,2466 1660,2466 1660,2462 1504,2462 1504,2473 1503,2473 1503,2474 1502,2474 1502,2475 1501,2475 1501,2476 1499,2476 1499,2477 1494,2477 1494,2476 1492,2476 1492,2475 1491,2475 1491,2460 1345,2460 1345,2461 1272,2461 1272,2472 1271,2472 1271,2474 1270,2474 1270,2475 1269,2475 1269,2476 1262,2476 1262,2475 1261,2475 1261,2474 1260,2474 1260,2459 1107,2459 1107,2460 1073,2460 1073,2459 985,2459 985,2458 849,2458 849,2459 844,2459 844,2460 770,2460 770,2463 769,2463 769,2469 768,2469 768,2471 766,2471 766,2472 740,2472 740,2473 739,2473 739,2474 738,2474 738,2475 736,2475 736,2476 674,2476 674,2475 673,2475 673,2474 672,2474 672,2458 512,2458 512,2459 367,2459 367,2467 366,2467 366,2469 365,2469 365,2470 363,2470 363,2471 361,2471 361,2472 358,2472 358,2473 355,2473 355,2472 353,2472 353,2471 351,2471 351,2460 350,2460 350,2459 275,2459 275,2458 273,2458 273,2457 271,2457 271,2456 270,2456 270,2455 268,2455 268,2453 267,2453 267,2452 266,2452 266,2449 265,2449 265,2445 266,2445 266,2443 267,2443 267,2441 268,2441 268,2439 269,2439 269,2437 270,2437 270,2436 272,2436 272,2435 274,2435 274,2434 276,2434 276,2433 278,2433 278,2412 279,2412 279,2411 298,2411 298,2410 299,2410 299,2409 338,2409 338,2408"/>
				<Word id="r202">
					<Coords points="338,2409 340,2409 340,2411 362,2411 362,2412 363,2412 363,2417 374,2417 374,2418 375,2418 375,2419 376,2419 376,2431 491,2431 491,2432 493,2432 493,2433 495,2433 495,2434 496,2434 496,2435 497,2435 497,2436 498,2436 498,2439 499,2439 499,2449 511,2449 511,2450 513,2450 513,2451 514,2451 514,2457 513,2457 513,2458 512,2458 512,2459 367,2459 367,2467 366,2467 366,2469 365,2469 365,2470 363,2470 363,2471 361,2471 361,2472 358,2472 358,2473 355,2473 355,2472 353,2472 353,2471 351,2471 351,2460 350,2460 350,2459 275,2459 275,2458 273,2458 273,2457 271,2457 271,2456 270,2456 270,2455 268,2455 268,2453 267,2453 267,2452 266,2452 266,2449 265,2449 265,2445 266,2445 266,2443 267,2443 267,2441 268,2441 268,2439 269,2439 269,2437 270,2437 270,2436 272,2436 272,2435 274,2435 274,2434 276,2434 276,2433 278,2433 278,2412 279,2412 279,2411 298,2411 298,2410 299,2410 299,2409 338,2409 338,2408"/>
					<TextEquiv>
						<Unicode>ἐδέξαντο.</Unicode>
					</TextEquiv>
				</Word>
				<Word id="r203">
					<Coords points="834,2409 834,2410 835,2410 835,2430 930,2430 930,2431 932,2431 932,2446 934,2446 934,2447 935,2447 935,2448 936,2448 935,2448 935,2451 934,2451 934,2453 933,2453 933,2454 932,2454 932,2455 931,2455 931,2456 930,2456 930,2457 928,2457 928,2458 849,2458 849,2459 844,2459 844,2460 770,2460 770,2463 769,2463 769,2469 768,2469 768,2471 766,2471 766,2472 740,2472 740,2473 739,2473 739,2474 738,2474 738,2475 736,2475 736,2476 674,2476 674,2475 673,2475 673,2474 672,2474 672,2458 589,2458 589,2457 588,2457 588,2456 587,2456 587,2415 586,2415 586,2412 630,2412 630,2413 631,2413 631,2430 787,2430 787,2413 788,2413 788,2411 790,2411 790,2410 791,2410 791,2409"/>
					<TextEquiv>
						<Unicode>Καρχηδόνιοι</Unicode>
					</TextEquiv>
				</Word>
				<Word id="r204">
					<Coords points="1017,2410 1017,2411 1018,2411 1018,2412 1019,2412 1019,2414 1020,2414 1020,2416 1021,2416 1021,2417 1022,2417 1022,2421 1023,2421 1023,2422 1024,2422 1024,2425 1025,2425 1025,2432 1027,2432 1027,2433 1028,2433 1028,2436 1027,2436 1027,2437 1026,2437 1026,2443 1025,2443 1025,2457 1023,2457 1023,2458 1020,2458 1020,2459 985,2459 985,2458 983,2458 983,2457 981,2457 981,2456 980,2456 980,2455 978,2455 978,2453 977,2453 977,2450 976,2450 976,2443 977,2443 977,2440 978,2440 978,2438 979,2438 979,2437 980,2437 980,2436 982,2436 982,2412 984,2412 984,2411 985,2411 985,2410"/>
					<TextEquiv>
						<Unicode>δὲ</Unicode>
					</TextEquiv>
				</Word>
				<Word id="r205">
					<Coords points="1278,2413 1285,2413 1285,2414 1289,2414 1289,2416 1290,2416 1290,2417 1291,2417 1291,2419 1292,2419 1292,2447 1291,2447 1291,2449 1290,2449 1290,2451 1289,2451 1289,2453 1288,2453 1288,2454 1287,2454 1287,2455 1285,2455 1285,2456 1283,2456 1283,2457 1281,2457 1281,2458 1272,2458 1272,2472 1271,2472 1271,2474 1270,2474 1270,2475 1269,2475 1269,2476 1262,2476 1262,2475 1261,2475 1261,2474 1260,2474 1260,2459 1107,2459 1107,2460 1073,2460 1073,2459 1072,2459 1072,2458 1071,2458 1071,2455 1072,2455 1072,2434 1073,2434 1073,2432 1075,2432 1075,2431 1127,2431 1127,2432 1245,2432 1245,2431 1273,2431 1273,2419 1274,2419 1274,2416 1275,2416 1275,2415 1276,2415 1276,2414 1278,2414"/>
					<TextEquiv>
						<Unicode>ναυτικῷ</Unicode>
					</TextEquiv>
				</Word>
				<Word id="r207">
					<Coords points="1508,2415 1508,2416 1510,2416 1510,2417 1511,2417 1511,2418 1512,2418 1512,2419 1513,2419 1513,2420 1514,2420 1514,2422 1515,2422 1515,2434 1516,2434 1516,2435 1518,2435 1518,2436 1519,2436 1519,2437 1520,2437 1520,2438 1521,2438 1521,2447 1520,2447 1520,2450 1519,2450 1519,2453 1518,2453 1518,2454 1517,2454 1517,2455 1516,2455 1516,2456 1515,2456 1515,2458 1513,2458 1513,2459 1509,2459 1509,2460 1504,2460 1504,2473 1503,2473 1503,2474 1502,2474 1502,2475 1501,2475 1501,2476 1499,2476 1499,2477 1494,2477 1494,2476 1492,2476 1492,2475 1491,2475 1491,2460 1345,2460 1345,2461 1342,2461 1342,2460 1340,2460 1340,2445 1336,2445 1336,2444 1335,2444 1335,2442 1334,2442 1334,2438 1335,2438 1335,2437 1336,2437 1336,2436 1337,2436 1337,2435 1338,2435 1338,2434 1346,2434 1346,2433 1407,2433 1407,2419 1408,2419 1408,2418 1409,2418 1409,2417 1501,2417 1501,2416 1502,2416 1502,2415"/>
					<TextEquiv>
						<Unicode>πολλῷ</Unicode>
					</TextEquiv>
				</Word>
				<Word id="r208">
					<Coords points="1642,2416 1642,2417 1646,2417 1646,2418 1648,2418 1648,2419 1650,2419 1650,2420 1651,2420 1651,2422 1652,2422 1652,2434 1667,2434 1667,2435 1671,2435 1671,2436 1674,2436 1674,2437 1675,2437 1675,2439 1676,2439 1676,2442 1675,2442 1675,2444 1671,2444 1671,2461 1670,2461 1670,2462 1669,2462 1669,2464 1667,2464 1667,2465 1665,2465 1665,2466 1660,2466 1660,2462 1574,2462 1574,2461 1573,2461 1573,2460 1572,2460 1572,2459 1571,2459 1571,2444 1565,2444 1565,2443 1564,2443 1564,2438 1565,2438 1565,2436 1566,2436 1566,2435 1568,2435 1568,2434 1570,2434 1570,2433 1633,2433 1633,2424 1634,2424 1634,2422 1635,2422 1635,2421 1636,2421 1636,2420 1637,2420 1637,2419 1638,2419 1638,2418 1639,2418 1639,2417 1641,2417 1641,2416"/>
					<TextEquiv>
						<Unicode>ταῖς</Unicode>
					</TextEquiv>
				</Word>
				<TextEquiv>
					<Unicode>ἐδέξαντο. Καρχηδόνιοι δὲ ναυτικῷ πολλῷ ταῖς</Unicode>
				</TextEquiv>
			</TextLine>
			<TextLine id="r266">
				<Coords points="241,2487 241,2577 400,2577 400,2487"/>
				<Word id="r272">
					<Coords points="251,2487 251,2574 374,2574 374,2487"/>
					<TextEquiv>
						<Unicode>408</Unicode>
					</TextEquiv>
				</Word>
				<TextEquiv>
					<Unicode>408</Unicode>
				</TextEquiv>
			</TextLine>
		</TextRegion>
	</Page>
</PcGts>
