1747 2693
143 271 250 309 CAP.

187 314 214 349 I

139 1292 245 1332 CAP.

170 1337 211 1373 II

329 119 641 212 APPIAN'S
661 116 916 209 ROMAN
929 116 1258 219 HISTORY,
1280 116 1477 206 BOOK
1483 122 1632 203 VIII

271 259 492 310 πόλεσιν
513 258 865 324 ἐφεδρεύοντες
884 259 977 322 τὴν
993 260 1188 326 ἀγορὰν
1205 262 1372 311 αὐτῶν
1393 262 1683 328 ἀφῃροῦντο

271 328 363 391 τὴν
388 331 442 378 ἐκ
467 333 557 390 τῆς
579 327 869 390 θαλάσσης,
888 327 1124 393 ἀσπόρου
1142 329 1193 378 δὲ
1213 331 1300 379 καὶ
1320 335 1409 392 τῆς
1425 336 1518 393 γῆς
1545 333 1608 385 ὡς
1634 333 1684 382 ἐν

271 396 485 462 πολέμῳ
534 396 820 460 γενομένης,
872 396 1085 457 Λιβύων
1132 397 1223 461 μὲν
1272 397 1353 447 διὰ
1403 399 1490 448 τὸν
1529 399 1682 463 λιμὸν

270 465 531 530 ἐκράτουν,
557 464 808 531 ἐμπόρους
834 464 889 521 δ᾽,
919 465 1033 515 ὅσοι
1059 465 1373 528 παρέπλεον,
1401 467 1683 533 ἐλῄστευον

270 535 327 597 ἐξ
374 533 607 597 ἀπορίας·
669 532 787 586 τοὺς
835 533 886 583 δὲ
934 534 1200 596 Ῥωμαίων
1260 535 1346 585 καὶ
1406 535 1685 591 κτείνοντες

271 602 504 661 ἔβαλλον
553 603 601 655 ἐς
649 600 707 651 τὸ
757 601 1001 665 πέλαγος,
1053 602 1134 652 ἵνα
1181 604 1501 654 λανθάνοιεν.
1599 606 1685 656 καὶ

271 670 509 720 διέλαθον
558 669 643 720 ἐπὶ
690 669 844 721 πολύ.
917 670 1238 734 γνωσθέντος
1281 671 1332 722 δὲ
1376 676 1468 722 τοῦ
1514 696 1685 737 γιγνο-

268 738 437 804 μένου,
481 738 665 801 ποινὴν
705 739 996 802 αἰτούμενοι
1038 740 1328 797 διωθοῦντο,
1368 740 1522 808 μέχρι
1563 741 1684 791 Ῥω-

267 806 431 873 μαίων
456 805 847 872 ἐπιστρατεύειν
883 809 1057 861 αὐτοῖς
1093 808 1481 875 ψηφισαμένων
1506 806 1685 876 Σαρδὼ

269 875 453 938 ποινὴν
490 876 697 926 ἔδωκαν.
771 876 859 926 καὶ
897 875 1012 927 τόδε
1050 898 1161 931 ταῖς
1197 877 1468 942 προτέραις
1499 879 1684 942 συνθή-

272 965 383 999 καις
409 944 681 1009 ἐνεγράφη.

925 1141 1022 1219 II

341 1282 382 1327 6.
423 1277 505 1327 Οὐ
529 1277 672 1327 πολὺ
694 1276 743 1327 δὲ
763 1277 981 1343 ὕστερον
998 1277 1045 1327 οἱ
1064 1276 1413 1344 Καρχηδόνιοι
1435 1278 1683 1344 στρατεύ-

271 1367 417 1395 ουσιν
441 1347 489 1400 ἐς
503 1344 753 1410 Ἰβηρίαν,
781 1345 868 1395 καὶ
892 1345 1052 1408 αὐτὴν
1078 1346 1212 1396 κατὰ
1235 1345 1384 1410 μέρος
1406 1347 1682 1411 ὑπήγοντο,

267 1414 420 1482 μέχρι
460 1413 799 1464 Ζακανθαίων
837 1414 922 1464 ἐπὶ
961 1413 1245 1478 Ῥωμαίους
1278 1414 1683 1480 καταφυγόντων

271 1482 647 1550 Καρχηδονίοις
683 1483 797 1549 ὅρος
837 1483 889 1532 ἐν
929 1483 1134 1550 Ἰβηρίᾳ
1171 1484 1419 1546 γίγνεται,
1463 1483 1533 1547 μὴ
1577 1485 1682 1534 δια-

267 1550 469 1614 βαίνειν
509 1551 596 1601 τὸν
616 1552 805 1617 Ἴβηρα
839 1551 1087 1615 ποταμόν.
1162 1552 1250 1601 καὶ
1293 1552 1452 1601 τάσδε
1483 1552 1547 1600 αὖ
1593 1552 1682 1607 τὰς

270 1619 501 1674 σπονδὰς
537 1619 735 1669 ἔλυσαν
774 1619 1141 1686 Καρχηδόνιοι,
1169 1620 1490 1683 περάσαντες
1515 1619 1681 1671 Ἀννί-

269 1690 371 1751 βου
433 1691 582 1755 σφῶν
641 1688 938 1753 ἡγουμένου.
1035 1688 1312 1747 διαβάντες
1380 1688 1447 1745 δέ,
1509 1687 1534 1738 ὁ
1593 1689 1683 1752 μὲν

267 1755 516 1818 Ἀννίβας
575 1757 975 1823 διαστρατηγεῖν
1034 1756 1219 1824 ἑτέροις
1267 1757 1331 1806 τὰ
1378 1758 1431 1807 ἐν
1478 1756 1683 1821 Ἰβηρία

269 1824 579 1876 καταλιπὼν
617 1827 665 1879 ἐς
708 1824 801 1887 τὴν
841 1824 1076 1875 Ἰταλίαν
1117 1825 1359 1885 ἐσέβαλε·
1399 1827 1683 1892 στρατηγοὶ

270 1893 322 1943 δὲ
366 1893 638 1956 Ῥωμαίων
679 1895 731 1944 ἐν
767 1892 987 1963 Ἰβηρίᾳ,
1027 1892 1265 1948 Πόπλιός
1295 1915 1350 1944 τε
1394 1895 1682 1965 Κορνήλιος

268 1958 500 2014 Σκιπίων
523 1961 611 2012 καὶ
637 1964 819 2016 Γναῖος
844 1963 1131 2026 Κορνήλιος
1156 1958 1400 2021 Σκιπίων,
1427 1961 1684 2026 ἀλλήλοιν

268 2030 492 2097 ἀδελφώ,
518 2030 740 2093 λαμπρὰ
783 2030 908 2095 ἔργα
952 2030 1359 2095 ἀποδεικνυμένω
1401 2030 1683 2094 θνήσκετον

268 2097 421 2165 ἄμφω
459 2098 588 2162 πρὸς
627 2102 729 2149 τῶν
766 2098 1043 2163 πολεμίων.
1117 2099 1204 2149 καὶ
1245 2099 1294 2149 οἱ
1340 2099 1450 2164 μετ᾽
1498 2099 1682 2154 αὐτοὺς

267 2167 555 2233 στρατηγοὶ
613 2171 784 2221 κακῶς
834 2167 1106 2234 ἔπραττον,
1156 2168 1310 2234 μέχρι
1360 2165 1592 2218 Σκιπίων
1652 2167 1677 2218 ὁ

266 2233 512 2285 Ποπλίου
571 2233 857 2290 Σκιπίωνος
917 2236 1064 2286 τοῦδε
1119 2240 1211 2285 τοῦ
1269 2235 1387 2301 περὶ
1444 2235 1681 2302 Ἰβηρίαν

267 2303 620 2369 ἀναιρεθέντος
661 2304 764 2357 υἱὸς
805 2303 1147 2360 ἐπιπλεύσας,
1176 2303 1263 2353 καὶ
1301 2303 1455 2367 δόξαν
1479 2303 1679 2354 ἅπασιν

265 2371 518 2432 ἐμβαλὼν
542 2373 608 2427 ὡς
630 2372 747 2435 ἥκοι
781 2371 916 2422 κατὰ
955 2371 1071 2422 θεὸν
1108 2372 1196 2422 καὶ
1239 2371 1479 2438 δαιμονίῳ
1505 2376 1677 2439 χρῷτο

254 2451 377 2532 410
