1747 2693
128 287 235 332 CAP.

160 332 206 371 II

296 122 635 229 APPIAN'S
641 135 903 229 ROMAN
916 135 1254 232 HISTORY,
1267 141 1464 232 BOOK
1480 141 1619 222 VIII

256 280 544 344 συμβούλῳ
589 279 707 344 περὶ
750 279 1008 335 ἁπάντων,
1054 281 1256 343 ἐκράτει
1299 301 1354 329 τε
1400 285 1665 346 λαμπρῶς,

256 349 343 400 καὶ
369 347 454 397 ἐπὶ
480 347 629 412 δόξης
655 350 710 397 ἐκ
748 348 895 398 τοῦδε
931 353 1137 411 πολλῆς
1173 347 1439 412 γενόμενος
1462 349 1555 413 τὴν
1578 352 1668 412 μὲν

255 415 578 479 στρατηγίαν
604 419 709 470 τοῖς
734 417 783 470 ἐς
822 415 1070 482 διαδοχὴν
1107 418 1486 483 ἐπιπεμφθεῖσι
1512 420 1666 486 παρέ-

255 485 429 543 δωκεν,
456 486 505 539 ἐς
532 484 583 535 δὲ
606 484 809 549 Ῥώμην
845 485 1147 535 ἐπανελθῶν
1183 485 1329 548 ἠξίου
1365 489 1668 553 πεμφθῆναι

255 553 548 621 στρατηγὸς
586 554 633 607 ἐς
660 552 866 614 Λιβύην
901 554 965 606 ὡς
1002 554 1317 616 ἀναστήσων
1340 554 1591 615 Ἀννίβαν
1615 558 1670 621 ἐξ

253 620 481 677 Ἰταλίας
530 622 617 672 καὶ
666 621 1041 688 Καρχηδονίοις
1092 621 1235 684 δίκην
1296 623 1559 686 ἐπιθήσων
1618 627 1668 675 ἐν

256 695 318 757 τῇ
343 690 568 756 πατρίδι.

327 764 367 810 7.
409 762 522 809 Τῶν
556 759 608 809 δὲ
640 758 1053 820 πολιτευομένων
1090 759 1135 809 οἱ
1170 760 1260 823 μὲν
1297 761 1573 825 ἀντέλεγον
1610 765 1668 813 οὐ

255 834 460 896 χρῆναι,
499 827 840 891 κεκενωμένης
877 827 994 892 ἄρτι
1031 832 1121 890 τῆς
1156 826 1389 883 Ἰταλίας
1427 831 1669 881 τοσοῖσδε

254 897 504 961 πολέμοις
530 897 617 946 καὶ
641 895 992 961 πορθουμένης
1029 896 1105 947 ἔτι
1142 897 1272 963 πρὸς
1294 896 1556 959 Ἀννίβου,
1581 901 1668 950 καὶ

257 966 516 1030 Μάγωνος
566 967 618 1015 ἐν
660 969 912 1030 πλευραῖς
951 963 1030 1015 ἐπ᾽
1058 964 1219 1028 αὐτὴν
1252 964 1452 1029 Λίγυάς
1491 989 1546 1018 τε
1582 970 1668 1019 καὶ

256 1034 489 1089 Κελτοὺς
542 1035 951 1097 ξενολογοῦντος,
1002 1035 1050 1087 ἐς
1100 1034 1304 1097 Λιβύην
1356 1036 1667 1101 στρατεύειν,

255 1103 369 1153 οὐδὲ
397 1102 488 1166 τὴν
525 1101 813 1168 ἀλλοτρίαν
849 1103 1157 1169 χειροῦσθαι
1194 1104 1317 1169 πρὶν
1354 1103 1447 1166 τὴν
1477 1106 1669 1157 οἰκείαν

256 1172 566 1236 ἀπαλλάξαι
600 1175 700 1221 τῶν
739 1171 1025 1236 παρόντων·
1066 1171 1113 1221 οἱ
1157 1170 1209 1221 δὲ
1253 1171 1411 1239 ᾤοντο
1455 1176 1667 1242 Καρχη-

256 1239 450 1295 δονίους
475 1244 562 1290 νῦν
585 1241 677 1302 μὲν
703 1239 863 1294 ἀδεεῖς
890 1241 1039 1294 ὄντας
1066 1239 1352 1306 ἐφεδρεύειν
1370 1245 1431 1306 τῇ
1447 1241 1667 1313 Ἰταλίᾳ,

256 1309 399 1360 οὐδὲν
438 1308 838 1375 ἐνοχλουμένους
887 1310 1034 1366 οἴκοι,
1086 1309 1318 1373 πολέμου
1370 1309 1423 1360 δὲ
1483 1311 1670 1362 οἰκείου

257 1376 415 1444 σφίσι
460 1377 732 1442 γενομένου
778 1377 865 1427 καὶ
913 1375 1162 1438 Ἀννίβαν
1207 1379 1669 1446 μεταπέμψεσθαι.

256 1447 389 1497 οὕτω
415 1446 505 1510 μὲν
532 1447 788 1512 ἐκράτησε
824 1445 1047 1509 πέμπειν
1084 1446 1133 1500 ἐς
1158 1446 1363 1510 Λιβύην
1386 1444 1668 1507 Σκιπίωνα,

257 1516 315 1565 οὐ
353 1514 453 1578 μὴν
494 1514 869 1583 συνεχώρησαν
910 1516 1051 1580 αὐτῷ
1091 1514 1402 1579 καταλέγειν
1443 1518 1670 1585 στρατὸν

258 1586 313 1648 ἐξ
352 1581 585 1638 Ἰταλίας
627 1582 941 1647 πονουμένης
984 1584 1060 1633 ἔτι
1099 1583 1227 1650 πρὸς
1265 1582 1526 1645 Ἀννίβου·
1565 1587 1667 1638 ἐθε-

256 1651 444 1707 λοντὰς
471 1651 538 1709 δέ,
565 1653 611 1702 εἴ
634 1673 764 1706 τινες
789 1651 901 1709 εἶεν,
929 1651 1229 1719 ἐπέτρεψαν
1255 1652 1561 1718 ἐπάγεσθαι,
1585 1657 1671 1707 καὶ

257 1725 362 1775 τοῖς
388 1720 522 1787 ἀμφὶ
542 1720 634 1782 τὴν
655 1717 897 1773 Σικελίαν
925 1720 999 1770 ἔτι
1016 1721 1135 1770 οὖσι
1149 1722 1400 1787 χρῆσθαι.
1451 1724 1669 1791 τριήρεις

257 1810 311 1840 τε
371 1788 558 1839 ἔδοσαν
616 1790 756 1855 αὐτῷ
815 1789 1324 1839 κατασκευάσασθαι
1385 1790 1523 1850 δέκα,
1582 1796 1670 1845 καὶ

256 1857 585 1925 πληρώματα
627 1859 807 1912 αὐταῖς
853 1860 1059 1919 λαβεῖν,
1100 1858 1447 1909 ἐπισκευάσαι
1491 1861 1543 1912 δὲ
1584 1863 1670 1913 καὶ

257 1925 347 1982 τὰς
374 1928 425 1977 ἐν
457 1925 687 1980 Σικελία.
759 1926 846 1975 καὶ
881 1928 1129 1993 χρήματα
1167 1928 1257 1977 οὐκ
1294 1926 1504 1986 ἔδωκαν,
1531 1930 1671 1995 πλὴν

257 1997 303 2046 εἴ
327 2016 403 2049 τις
428 1995 598 2045 ἐθέλοι
625 1998 694 2061 τῷ
721 1993 974 2047 Σκιπίωνι
998 1994 1135 2045 κατὰ
1163 1994 1349 2061 φιλίαν
1375 1999 1667 2066 συμφέρειν.

257 2064 417 2117 οὕτως
465 2064 667 2128 ἀμελῶς
716 2064 942 2125 ἥπτοντο
997 2063 1146 2113 τοῦδε
1193 2067 1286 2113 τοῦ
1331 2065 1565 2130 πολέμου
1605 2068 1671 2119 τὰ

255 2135 455 2198 πρῶτα,
497 2131 750 2196 μεγίστου
796 2130 955 2198 σφίσι
1003 2131 1090 2181 καὶ
1129 2132 1528 2197 ἀξιοτιμοτάτου
1561 2136 1670 2201 μετ᾽

257 2199 436 2263 ὀλίγον
459 2200 746 2265 γενομένου.

327 2275 368 2317 8.
406 2268 487 2335 ὁ
508 2269 559 2319 δὲ
585 2266 817 2320 Σκιπίων
853 2268 1026 2322 ἔνθους
1065 2269 1132 2318 ὢν
1170 2269 1256 2319 ἐπὶ
1292 2271 1593 2338 Καρχηδόνι
1616 2275 1670 2323 ἐκ

258 2341 477 2397 πολλοῦ,
529 2336 616 2387 καί
676 2358 815 2390 τινας
877 2337 1067 2391 ἱππέας
1126 2358 1182 2387 τε
1240 2338 1329 2387 καὶ
1375 2339 1573 2401 πεζούς,
1622 2343 1670 2396 ἐς

258 2403 690 2472 ἑπτακισχιλίους
717 2406 967 2458 μάλιστα.
995 2404 1257 2463 ἀθροίσας,
1287 2405 1590 2459 διέπλευσεν
1621 2411 1669 2464 ἐς

245 2487 367 2564 412
