1747 2693
145 272 246 307 CAP.

177 312 216 345 II

327 125 636 204 APPIAN'S
656 127 911 198 ROMAN
936 129 1259 201 HISTORY,
1272 131 1475 198 BOOK
1490 130 1627 200 VIII

271 255 516 310 Σικελίαν
561 260 695 327 ἔχων
743 261 869 327 ἀμφ᾽
922 261 1078 313 αὑτὸν
1128 265 1467 329 ἀρτιγενείους
1515 269 1682 319 ἐπιλέ-

271 354 421 387 κτους
458 335 800 399 τριακοσίους,
838 337 913 391 οἷς
951 340 1120 403 εἴρητο
1158 342 1317 406 χωρὶς
1355 342 1534 392 ὅπλων
1571 345 1681 394 ἕπε-

269 408 411 458 σθαι.
486 405 717 460 Σικελῶν
761 409 801 460 δ᾽
846 412 910 461 αὖ
959 414 1285 477 τριακοσίους
1332 420 1684 484 καταγράψας

268 481 568 545 εὐδαίμονας
629 485 899 537 ἐκέλευσεν
958 489 1098 552 ἥκειν
1160 492 1210 543 ἐς
1268 492 1460 556 ἡμέραν
1506 494 1679 558 ῥητήν,

267 559 678 622 ἐσκευασμένους
703 562 887 617 ὅπλοις
924 585 978 614 τε
1009 566 1097 614 καὶ
1137 563 1315 620 ἵπποις
1342 568 1421 616 ὅτι
1448 568 1681 619 δύναιντο

265 632 591 688 καλλίστοις.
683 637 749 689 ὡς
793 636 844 686 δὲ
888 636 1153 704 ἀφίκοντο,
1195 641 1483 705 προύθηκεν
1523 646 1569 694 εἴ
1607 666 1681 698 τις

266 708 451 758 ἑαυτοῦ
513 709 656 760 θέλοι
717 711 807 761 τὸν
867 713 1313 779 στρατευσόμενον
1373 718 1679 770 ἀντιδοῦναι.

264 782 551 847 δεξαμένων
610 785 661 835 δὲ
722 787 949 845 πάντων,
998 789 1191 854 ἤγαγεν
1240 793 1289 845 ἐς
1345 793 1506 855 μέσον
1564 794 1680 849 τοὺς

262 856 593 921 τριακοσίους
634 860 751 915 τοὺς
793 862 973 913 ὅπλων
1016 865 1247 929 ἐρήμους,
1286 868 1373 917 καὶ
1410 869 1459 922 ἐς
1494 869 1681 920 τούσδε

262 932 469 987 ἐκείνοις
495 935 789 1001 προσέταξε
813 941 1330 1001 μετασκευάσασθαι.
1393 943 1445 993 οἱ
1475 944 1515 994 δ᾽
1541 945 1677 997 ἑκόν-

261 1022 343 1055 τες
384 1003 734 1068 παρεδίδοσαν
774 1006 918 1056 ὅπλα
961 1009 1049 1058 καὶ
1095 1009 1298 1065 ἵππους.
1372 1013 1459 1062 καὶ
1498 1021 1679 1081 περιῆν

260 1072 331 1135 τῷ
369 1066 622 1123 Σκιπίωνι
660 1075 989 1137 τριακοσίους
1026 1077 1166 1131 νέους
1202 1079 1508 1135 Ἰταλιώτας
1541 1103 1679 1150 ἔχειν

259 1138 376 1187 ἀντὶ
427 1137 768 1199 Σικελιωτῶν,
822 1144 1090 1195 κάλλιστα
1141 1146 1319 1202 ἵπποις
1368 1150 1454 1199 καὶ
1493 1152 1677 1206 ὅπλοις

258 1205 559 1272 ἀλλοτρίοις
596 1210 1019 1275 ἐσκευασμένους,
1060 1214 1147 1265 καὶ
1193 1217 1351 1283 χάριν
1398 1219 1545 1273 εὐθὺς
1592 1222 1677 1271 ἐπὶ

257 1275 387 1340 τῷδε
411 1276 624 1331 εἰδότας·
665 1279 737 1332 οἷς
775 1279 834 1342 δὴ
871 1282 957 1331 καὶ
991 1284 1404 1348 προθυμοτάτοις
1429 1288 1477 1341 ἐς
1500 1288 1676 1339 πάντα

255 1344 516 1411 χρώμενος
543 1345 773 1397 διετέλει.

327 1417 368 1460 9.
414 1413 761 1482 Καρχηδόνιοι
810 1416 861 1466 δὲ
914 1423 1079 1468 ταῦτα
1127 1422 1502 1486 πυνθανόμενοι
1550 1424 1672 1476 Ἀσ-

256 1479 485 1545 δρούβαν
521 1483 613 1545 μὲν
655 1482 743 1534 τὸν
784 1486 1050 1541 Γέσκωνος
1083 1490 1168 1538 ἐπὶ
1193 1490 1354 1556 θήραν
1378 1493 1674 1558 ἐλεφάντων

255 1547 561 1614 ἐξέπεμπον,
591 1551 815 1616 Μάγωνι
841 1554 881 1603 δ᾽
908 1555 1042 1622 ἀμφὶ
1068 1556 1161 1620 τὴν
1187 1559 1505 1623 Λιγυστίνην
1533 1565 1670 1627 ξενα-

254 1620 430 1679 γοῦντι
467 1619 651 1681 πεζοὺς
688 1621 1021 1674 ἀπέστελλον
1064 1627 1112 1679 ἐς
1151 1627 1538 1695 ἑξακισχιλίους
1587 1634 1672 1682 καὶ

254 1684 446 1740 ἱππέας
467 1687 805 1744 ὀκτακοσίους
821 1692 908 1741 καὶ
929 1692 1215 1755 ἐλέφαντας
1233 1696 1379 1753 ἑπτά,
1399 1700 1485 1748 καὶ
1506 1720 1668 1765 προσ-

254 1752 483 1805 έτασσον
509 1757 647 1823 αὐτῷ
674 1758 786 1820 μεθ᾽
813 1760 951 1810 ὅσων
977 1762 1181 1812 δύναιτο
1208 1764 1386 1815 ἄλλων
1420 1768 1671 1827 ἐσβαλεῖν

253 1822 302 1875 ἐς
340 1822 641 1889 Τυρρηνίαν,
668 1823 753 1876 ἵνα
787 1827 875 1878 τὸν
906 1827 1173 1882 Σκιπίωνα
1210 1835 1587 1899 περισπάσειεν
1613 1839 1668 1887 ἐκ

251 1889 470 1953 Λιβύης.
578 1894 781 1958 Μάγων
828 1896 919 1960 μὲν
964 1897 1023 1960 δὴ
1073 1901 1160 1949 καὶ
1209 1901 1326 1951 τότε
1374 1904 1666 1970 ἐβράδυνεν,

249 1958 469 2029 Ἀννίβᾳ
494 1982 551 2011 τε
576 1964 847 2015 συνελθεῖν
872 1967 930 2016 οὐ
958 1966 1229 2031 δυνάμενος
1247 1972 1386 2020 πολὺ
1412 1972 1665 2032 διεστῶτι,

249 2027 337 2077 καὶ
376 2029 432 2077 τὸ
469 2029 665 2093 μέλλον
702 2032 781 2082 ἀεὶ
817 2035 1203 2099 περιορώμενος.
1259 2036 1589 2105 Ἀσδρούβας
1627 2044 1666 2093 δ᾽

248 2095 325 2145 ἀπ
329 2094 354 2145 ὸ
382 2102 472 2159 τῆς
498 2098 658 2163 θήρας
689 2102 988 2153 ἐπανελθὼν
1021 2104 1268 2169 κατέλεγε
1296 2109 1665 2175 Καρχηδονίων

247 2184 303 2212 τε
329 2165 415 2214 καὶ
450 2167 664 2227 Λιβύων
692 2169 742 2222 ἐς
779 2170 1166 2238 ἑξακισχιλίους
1201 2176 1385 2236 πεζοὺς
1414 2178 1665 2245 ἑκατέρων

246 2232 334 2281 καὶ
362 2233 555 2288 ἱππέας
582 2236 896 2301 ἑξακοσίους,
921 2239 1134 2296 δούλους
1154 2264 1209 2292 τε
1233 2243 1453 2331 ἠγόραζε
1478 2269 1662 2298 πεντα-

245 2301 562 2367 κισχιλίους,
603 2304 659 2354 τὸ
699 2310 938 2357 ναυτικὸν
978 2309 1223 2373 ἐρέσσειν,
1258 2334 1344 2362 καὶ
1381 2314 1524 2380 παρὰ
1561 2320 1661 2366 τῶν

245 2368 501 2431 Νομάδων
550 2372 716 2433 ἔλαβε
764 2374 1057 2443 δισχιλίους
1106 2377 1312 2436 ἱππέας,
1355 2382 1441 2431 καὶ
1490 2383 1659 2446 ξένους

231 2459 362 2535 414
