1747 2693
117 276 225 313 CAP.

153 319 199 351 II

300 121 617 202 APPIAN'S
631 125 885 206 ROMAN
907 122 1235 203 HISTORY,
1244 126 1450 201 BOOK
1469 128 1598 192 VIII

244 265 537 328 ἐμισθοῦτο,
567 266 654 313 καὶ
691 265 892 319 πάντας
926 265 1190 329 ἐγύμναζε,
1218 264 1513 319 διακοσίους
1537 287 1661 315 στα-

246 339 383 393 δίους
409 339 668 406 ἀποσχὼν
694 339 799 389 ἀπὸ
829 339 1183 408 Καρχηδόνος.

318 421 391 464 10.
432 414 690 479 Νομάδων
739 415 791 464 δὲ
842 418 943 464 τῶν
981 417 1032 465 ἐν
1071 413 1246 477 Λιβύῃ
1285 415 1537 465 δυνάσται
1574 415 1665 478 μὲν

243 491 381 553 ἦσαν
406 489 540 540 κατὰ
565 490 691 555 μέρη
732 488 943 548 πολλοί,
974 486 1159 555 Σύφαξ
1193 489 1232 539 δ᾽
1261 489 1388 555 ὑπὲρ
1413 490 1664 549 ἅπαντας,

246 567 333 616 καὶ
359 566 511 629 τιμὴν
538 564 648 634 εἶχε
684 565 812 632 πρὸς
849 568 951 615 τῶν
989 565 1168 615 ἄλλων
1194 566 1435 632 ἐπιφανῆ.
1510 569 1665 617 Μασ-

247 640 445 691 συλίων
505 639 545 690 δ᾽
607 641 688 698 αὖ,
738 640 913 704 γένους
970 640 1209 704 ἀλκίμου,
1273 646 1398 695 παῖς
1454 642 1517 705 ἦν
1576 646 1668 692 τοῦ

246 715 515 778 βασιλέως
565 716 995 778 Μασσανάσσης,
1047 716 1099 771 ὃς
1148 718 1434 781 ἐτέθραπτο
1477 717 1569 781 μὲν
1616 720 1667 768 ἐν

248 791 550 859 Καρχηδόνι
588 793 674 842 καὶ
713 791 1070 849 ἐπεπαίδευτο,
1099 793 1207 843 ὄντι
1235 790 1275 841 δ᾽
1313 794 1452 858 αὐτῷ
1490 794 1576 843 καὶ
1610 794 1667 842 τὸ

248 871 400 931 σῶμα
438 871 582 933 καλῷ
621 868 708 917 καὶ
746 867 835 917 τὸν
872 867 1065 934 τρόπον
1102 868 1299 933 ἀρίστῳ
1337 867 1668 932 Ἀσδρούβας

250 942 273 992 ὁ
315 942 595 1000 Γέσκωνος,
636 942 834 996 οὐδενὸς
876 942 1249 1010 Καρχηδονίων
1288 942 1533 1006 δεύτερος,
1579 944 1666 1007 ἠγ-

247 1012 413 1076 γύησε
450 1012 543 1073 τὴν
581 1012 855 1076 θυγατέρα,
897 1011 1082 1074 καίπερ
1120 1012 1229 1062 ὄντι
1267 1013 1487 1076 Νομάδι,
1530 1015 1667 1077 Καρ-

246 1079 485 1147 χηδόνιος
513 1080 595 1130 ὤν.
670 1083 735 1134 ὡς
769 1079 809 1129 δ᾽
847 1080 1123 1143 ἠλλύησεν,
1163 1080 1385 1144 ἐπήγετο
1411 1082 1459 1134 ἐς
1498 1081 1666 1146 Ἰβηρ-

248 1149 330 1199 ίαν
368 1152 677 1215 στρατηγῶν
714 1148 773 1197 τὸ
809 1150 1084 1214 μειράκιον.
1174 1146 1361 1215 Σύφαξ
1407 1149 1460 1198 δὲ
1508 1148 1670 1211 κνιζό-

247 1239 394 1282 μενος
433 1217 518 1266 ὑπ᾽
557 1219 741 1281 ἔρωτος
778 1218 866 1267 ἐπὶ
904 1222 965 1281 τῇ
1003 1217 1152 1267 παιδὶ
1190 1216 1255 1267 τὰ
1298 1217 1669 1285 Καρχηδονίων

250 1287 535 1348 ἐλεηλάτει,
563 1287 650 1335 καὶ
678 1283 930 1336 Σκιπίωνι
957 1285 1335 1336 διαπλεύσαντι
1361 1286 1487 1351 πρὸς
1513 1286 1670 1337 αὐτὸν

250 1357 306 1418 ἐξ
352 1355 589 1417 Ἰβηρίας
629 1354 873 1404 συνέθετο
915 1355 1285 1421 συμμαχήσειν
1326 1356 1412 1405 ἐπὶ
1457 1357 1668 1421 Καρχη-

250 1421 443 1477 δονίους
506 1423 650 1473 ἰόντι.
746 1422 1047 1488 αἰσθόμενοι
1107 1422 1148 1472 δ᾽
1210 1423 1257 1473 οἱ
1318 1422 1667 1490 Καρχηδόνιοι

250 1492 336 1543 καὶ
394 1490 528 1556 μέγα
585 1492 879 1556 ποιούμενοι
942 1493 990 1546 ἐς
1046 1490 1135 1541 τὸν
1193 1491 1322 1557 πρὸς
1385 1491 1668 1554 Ῥωμαίους

249 1560 478 1623 πόλεμον
509 1556 732 1627 Σύφακα
756 1561 1106 1626 προσλαβεῖν,
1132 1560 1377 1623 ἐξέδοσαν
1408 1561 1546 1627 αὐτῷ
1577 1560 1668 1624 τὴν

248 1628 505 1694 παρθένον
542 1628 862 1693 ἀγνοούντων
898 1631 985 1679 καὶ
1021 1629 1180 1679 ὄντων
1217 1631 1269 1679 ἐν
1305 1629 1511 1698 Ἰβηρίᾳ
1559 1632 1666 1679 Ασ-

249 1698 473 1763 δρούβου
510 1719 565 1748 τε
601 1697 688 1748 καὶ
724 1697 1153 1748 Μασσανάσσου.
1227 1696 1305 1763 ἐφ᾽
1344 1698 1416 1751 οἷς
1454 1697 1479 1747 ὁ
1507 1701 1663 1747 Μασ-

251 1766 525 1829 σανάσσης
593 1767 901 1832 ὑπεραλγῶν
962 1764 1257 1816 συνετίθετο
1326 1767 1413 1816 καὶ
1474 1766 1556 1817 ὅδε
1616 1767 1666 1816 ἐν

247 1834 453 1905 Ἰβηρίᾳ
526 1839 596 1901 τῷ
673 1831 937 1891 Σκιπίωνι,
1011 1834 1300 1892 λανθάνων,
1377 1836 1442 1889 ὡς
1523 1835 1663 1901 ᾤετο,

247 1902 597 1969 Ἀσδρούβαν.
673 1903 697 1953 ὁ
732 1903 775 1952 δ᾽
809 1902 1113 1967 αἰσθόμενος
1146 1902 1348 1969 βαρέως
1374 1903 1465 1968 μὲν
1491 1903 1666 1969 ἔφερεν

250 1972 378 2037 ὑπὲρ
428 1976 520 2021 τοῦ
566 1970 836 2037 μειρακίου
884 1973 973 2023 καὶ
1036 1977 1125 2036 τῆς
1188 1971 1458 2037 θυγατρός,
1521 1973 1665 2038 ὑβρι-

249 2040 457 2105 σμένοιν
494 2041 702 2108 ἀμφοῖν,
743 2043 915 2105 ἡγεῖτο
954 2040 995 2089 δ᾽
1032 2040 1167 2105 ὅμως
1193 2044 1255 2106 τῇ
1295 2039 1508 2106 πατρίδι
1536 2061 1662 2105 συμ-

247 2109 422 2176 φέρειν
459 2109 690 2159 ἐκποδὼν
728 2110 1145 2171 Μασσανάσσην
1193 2109 1540 2171 ποιήσασθαι,
1578 2109 1665 2159 καὶ

249 2176 513 2228 ἐπανιόντι
540 2179 588 2231 ἐς
614 2178 821 2239 Λιβύην
861 2178 917 2243 ἐξ
951 2176 1184 2243 Ἰβηρίας
1223 2177 1309 2227 ἐπὶ
1339 2178 1548 2243 θανάτῳ
1574 2181 1665 2227 τοῦ

248 2245 445 2312 πατρὸς
471 2246 769 2310 συνέπεμπε
793 2246 1137 2312 προπομποὺς
1165 2244 1369 2302 ἱππέας,
1397 2246 1469 2299 οἷς
1493 2246 1662 2312 εἴρητο

250 2316 458 2380 ἀφανῶς
520 2314 882 2376 ἐπιβουλεύειν
942 2315 1082 2381 αὐτῷ
1141 2315 1229 2364 καὶ
1289 2312 1501 2364 κτείνειν
1559 2314 1662 2377 ὅπῃ

249 2382 499 2432 δύναιντο.

232 2473 373 2534 416
