1747 2693
120 315 230 356 CAP.

161 360 206 394 II

310 172 614 240 APPIAN'S
637 175 896 238 ROMAN
913 171 1249 253 HISTORY,
1269 170 1470 258 BOOK
1489 173 1614 245 VIII

324 315 399 360 11.
438 308 500 359 Ὁ
541 310 583 360 δ᾽
620 309 927 375 αἰσθόμενος
964 310 1182 377 ἐξέφυγέ
1218 333 1288 371 τε,
1316 313 1404 363 καὶ
1442 313 1537 376 τὴν
1572 313 1671 363 πά-

251 383 423 452 τρῴαν
471 385 641 454 ἀρχὴν
690 385 1013 452 ἐκρατύνετο,
1061 385 1251 441 ἱππέας
1292 386 1559 452 ἀθροίζων,
1600 387 1673 442 οἷς

250 459 441 527 ἡμέρας
480 482 535 511 τε
571 461 660 511 καὶ
699 460 879 515 νυκτὸς
904 462 965 524 ἦν
998 461 1149 527 ἔργον
1175 461 1428 516 ἀκοντίοις
1454 466 1673 517 πολλοῖς

249 533 546 603 χρωμένους
605 535 905 586 ἐπελαύνειν
966 536 1045 586 ἀεὶ
1103 536 1194 586 καὶ
1254 537 1541 606 ἀναχωρεῖν
1585 539 1675 589 καὶ

251 611 400 665 αὖθις
468 610 784 662 ἐπελαύνειν.
859 611 946 661 καὶ
1004 612 1138 665 ὅλως
1204 611 1348 661 ἐστὶν
1409 613 1581 668 αὐτοῖς
1644 614 1673 674 ἡ

250 686 398 753 μάχη
457 684 599 753 φυγὴ
661 685 747 735 καὶ
807 683 992 751 δίωξις.
1066 686 1219 737 ἴσασι
1272 686 1323 736 δὲ
1377 687 1465 738 καὶ
1521 687 1676 754 λιμὸν

251 760 425 828 φέρειν
497 760 545 811 οἱ
610 760 849 826 Νομάδες
925 760 1046 819 οἵδε,
1106 761 1194 812 καὶ
1266 760 1372 831 πόᾳ
1442 765 1677 831 χρῆσθαι

253 836 516 891 πολλάκις
565 836 680 887 ἀντὶ
729 835 898 887 σίτου·
949 837 1036 887 καὶ
1085 836 1143 888 τὸ
1187 837 1412 901 πάμπαν
1462 837 1675 906 ὑδροπο-

257 915 449 962 τοῦσιν.
523 912 550 962 ὅ
577 933 631 963 τε
667 910 827 967 ἵππος
862 913 1038 966 αὐτοῖς
1075 913 1257 978 κριθῆς
1281 912 1374 978 μὲν
1407 912 1510 963 οὐδ᾽
1545 914 1676 970 ὅλως

255 987 475 1062 γεύεται,
524 991 815 1053 ποηφαγῶν
864 986 959 1045 ἀεί,
1009 986 1145 1038 πίνει
1202 988 1254 1037 δὲ
1317 987 1399 1038 διὰ
1451 994 1673 1041 πολλοῦ.

259 1062 514 1117 τοιούτους
541 1061 565 1112 ὁ
594 1062 1009 1125 Μασσανάσσης
1047 1063 1095 1117 ἐς
1123 1062 1423 1129 δισμυρίους
1451 1086 1675 1129 συναγα-

250 1137 357 1202 γὼν
382 1138 561 1203 ἐξῆγεν
587 1138 673 1188 ἐπὶ
699 1138 860 1204 θήρας
893 1139 924 1202 ἢ
950 1137 1244 1201 λεηλασίας
1281 1137 1463 1205 ἑτέρων
1501 1140 1673 1191 ἐθνῶν·

253 1213 385 1278 ἅπερ
425 1214 549 1280 ᾤετο
589 1212 677 1264 καὶ
711 1213 838 1280 ἔργα
875 1213 962 1264 καὶ
999 1215 1263 1278 γυμνάσια
1314 1213 1459 1265 εἶναι.
1535 1218 1675 1278 Καρ-

252 1288 484 1357 χηδόνιοι
522 1288 575 1338 δὲ
613 1288 701 1338 καὶ
738 1285 926 1355 Σύφαξ
951 1288 1240 1351 νομίζοντες
1267 1289 1351 1339 ἐπὶ
1381 1293 1520 1356 σφᾶς
1545 1290 1674 1340 εἶναι

252 1363 345 1427 τὴν
369 1362 710 1429 παρασκευὴν
741 1368 832 1415 τοῦ
864 1362 1133 1431 μειρακίου
1160 1365 1242 1428 (οὐ
1274 1363 1375 1431 γὰρ
1402 1363 1618 1429 ἠγνόουν
1643 1365 1675 1415 ἃ

251 1438 649 1502 ἐλελυπήκεσαν
714 1437 911 1504 αὐτόν),
973 1439 1179 1507 ἔκριναν
1243 1438 1475 1505 προτέρῳ
1548 1440 1674 1506 τῷδε

252 1517 498 1579 πολεμεῖν
557 1515 679 1565 ἔστε
736 1513 1018 1573 καθέλωσι,
1081 1514 1170 1565 καὶ
1228 1513 1343 1565 τότε
1401 1513 1673 1580 Ῥωμαίοις

250 1589 503 1641 ἀπαντᾶν.

324 1670 398 1714 12.
437 1663 623 1732 Σύφαξ
672 1666 765 1730 μὲν
801 1666 889 1717 οὖν
924 1666 1015 1716 καὶ
1065 1663 1416 1733 Καρχηδόνιοι
1463 1664 1670 1721 πλείους

251 1739 391 1802 ἦσαν
416 1741 560 1803 παρὰ
585 1740 739 1798 πολύ,
756 1740 885 1804 μετὰ
911 1741 964 1791 δὲ
991 1742 1201 1806 ἁμαξῶν
1221 1745 1308 1792 καὶ
1332 1746 1669 1808 παρασκευῆς

251 1807 471 1875 βαρείας
496 1809 585 1859 καὶ
611 1814 807 1876 τρυφῆς
828 1809 1217 1876 ἐστρατεύοντο·
1257 1809 1670 1872 Μασσανάσσης

253 1876 305 1927 δὲ
331 1875 501 1927 πόνων
528 1899 582 1927 τε
607 1882 772 1929 πᾶσιν
800 1880 1000 1945 ἐξῆρχε,
1027 1879 1113 1929 καὶ
1143 1877 1359 1929 ἱππικὸν
1384 1877 1537 1941 μόνον
1562 1877 1668 1945 εἶχε

252 1946 339 1996 καὶ
388 1945 665 2011 ὑποζύγιον
705 1947 861 2004 οὐδέν,
890 1948 1002 1997 οὐδὲ
1046 1948 1256 2012 ἀγοράν.
1329 1947 1443 1997 ὅθεν
1485 1945 1671 2015 ῥᾳδίως

253 2013 513 2081 ὑπέφευγέ
571 2036 627 2065 τε
687 2016 774 2065 καὶ
833 2014 1089 2083 ἐπεχείρει
1148 2016 1236 2066 καὶ
1285 2017 1333 2070 ἐς
1382 2015 1446 2065 τὰ
1505 2015 1670 2082 ὀχυρὰ

250 2082 497 2144 ἀνεπήδα.
569 2085 833 2138 πολλάκις
892 2106 948 2135 τε
1001 2084 1089 2135 καὶ
1136 2083 1671 2148 καταλαμβανόμενος

251 2150 510 2214 διεσκίδνη
549 2152 607 2202 τὸ
646 2153 960 2218 στράτευμα,
999 2153 1101 2219 ὅπῃ
1141 2152 1399 2215 δυνηθεῖεν
1441 2151 1667 2219 ἀποφεύ-

250 2241 361 2283 γειν
387 2220 521 2271 κατὰ
546 2220 688 2287 μέρη.
764 2221 851 2272 καὶ
885 2221 980 2271 σὺν
1016 2221 1213 2285 ὀλίγοις
1253 2220 1407 2275 αὐτὸς
1449 2219 1666 2287 ὑπεκρύ-

251 2288 411 2338 πτετό
437 2310 541 2346 ποι,
579 2289 733 2356 μέχρι
773 2290 1071 2340 συνέλθοιεν
1107 2291 1245 2353 αὐτῷ
1273 2288 1452 2343 νυκτὸς
1488 2289 1519 2352 ἢ
1555 2290 1667 2354 μεθ᾽

249 2356 442 2421 ἡμέραν
491 2360 539 2411 ἐς
586 2358 643 2407 τὸ
695 2358 1041 2421 συγκείμενον.
1132 2357 1299 2422 τρίτος
1343 2357 1397 2407 δέ
1442 2378 1569 2407 ποτε
1617 2360 1667 2407 ἐν

250 2424 500 2490 σπηλαίῳ
526 2425 875 2490 κρυπτόμενος
912 2427 1085 2483 ἔλαθε,
1113 2430 1213 2476 τῶν
1249 2425 1513 2490 πολεμίων
1549 2426 1665 2490 περὶ

239 2512 357 2575 418
