1747 2693
306 1263 380 1307 13.
424 1256 527 1307 Καὶ
552 1255 967 1318 Μασσανάσσης
979 1255 1070 1321 μὲν
1093 1255 1470 1325 Καρχηδονιοις
1495 1256 1654 1312 οὕτως

234 1325 493 1390 ἐπολέμει,
533 1323 558 1376 ὁ
611 1325 662 1375 δὲ
699 1321 947 1381 Σκιπίων,
992 1324 1103 1375 ἐπεί
1140 1325 1186 1375 οἱ
1222 1324 1397 1375 πάντα
1434 1325 1653 1392 εὐτρεπῆ

235 1394 503 1459 ἐγεγένητο
531 1396 583 1445 ἐν
608 1392 837 1463 Σικελίᾳ,
865 1393 981 1444 ἔθυε
1012 1393 1094 1443 Διὶ
1118 1393 1205 1443 καὶ
1233 1393 1538 1450 Ποσειδῶνι,
1568 1394 1653 1444 καὶ

234 1465 283 1517 ἐς
309 1463 517 1525 Λιβύην
542 1462 761 1526 ἀνήγετο
803 1462 888 1513 ἐπὶ
926 1465 1049 1513 νεῶν
1085 1465 1296 1527 μακρῶν
1330 1464 1424 1527 μὲν
1450 1461 1538 1512 δύο
1564 1462 1653 1513 καὶ

234 1531 560 1595 πεντήκοντα
585 1530 842 1599 φορτίδων
868 1530 919 1581 δὲ
955 1529 1321 1596 τετρακοσίων·
1361 1530 1574 1593 κέλητές
1598 1553 1653 1582 τε

234 1600 322 1652 καὶ
352 1599 544 1665 λέμβοι
579 1599 776 1650 πολλοὶ
813 1599 1117 1650 συνείποντο
1155 1600 1310 1665 αὐτῷ.
1383 1599 1471 1650 καὶ
1497 1621 1652 1666 στρα-

235 1669 349 1720 τιὰν
385 1670 479 1733 ἦγε
520 1669 703 1731 πεζοὺς
737 1667 828 1731 μὲν
867 1669 1260 1736 ἑξακισχιλίους
1309 1668 1394 1719 ἐπὶ
1439 1668 1651 1735 μυρίοις,

235 1737 426 1792 ἱππέας
466 1737 517 1787 δὲ
560 1736 764 1804 χιλίους
811 1737 899 1787 καὶ
939 1736 1256 1801 ἑξακοσίους.
1330 1737 1552 1801 ἐπήγετο
1599 1737 1651 1788 δὲ

233 1806 322 1857 καὶ
344 1805 481 1868 βέλη
508 1806 598 1856 καὶ
622 1806 767 1855 ὅπλα
803 1805 891 1856 καὶ
925 1808 1282 1872 μηχανήματα
1318 1806 1537 1856 ποικίλα
1564 1806 1652 1857 καὶ

233 1875 428 1942 ἀλορὰν
464 1874 690 1938 πολλήν.
762 1874 850 1925 καὶ
887 1873 1117 1924 Σκιπίων
1153 1873 1244 1938 μὲν
1293 1874 1386 1924 ὧδε
1434 1873 1648 1932 διέπλει,

235 1942 586 2011 Καρχηδόνιοι
612 1942 664 1993 δὲ
691 1943 777 1992 καὶ
804 1940 993 2008 Σύφαξ
1016 1941 1388 2007 πυνθανόμενοι
1418 1943 1651 2006 ἔγνωσαν

234 2013 285 2063 ἐν
332 2018 403 2079 τῷ
450 2010 670 2073 παρόντι
719 2010 1107 2077 ὑποκρίνασθαί
1142 2033 1196 2061 τε
1234 2011 1650 2074 Μασσανάσσην

233 2080 320 2131 καὶ
345 2082 393 2136 ἐς
420 2080 602 2147 φιλίαν
629 2079 1011 2144 ὑπαγαγέσθαι,
1037 2079 1191 2149 μέχρι
1218 2081 1340 2130 ὅτου
1363 2080 1649 2134 Σκιπίωνος

233 2149 653 2216 ἐπικρατήσαιεν.
705 2147 729 2198 ὁ
748 2148 790 2197 δ᾽
806 2150 898 2199 οὐκ
924 2148 1092 2213 ἠγνόει
1122 2148 1213 2213 μὲν
1239 2148 1646 2213 ἐξαπατώμενος,

232 2217 599 2284 ἀντενεδρεύων
624 2215 691 2275 δέ,
719 2216 805 2266 καὶ
837 2217 1043 2282 μηνύων
1074 2217 1247 2267 πάντα
1282 2221 1351 2283 τῷ
1380 2215 1647 2275 Σκιπίωνι,

231 2285 324 2350 ἧκε
372 2285 500 2352 πρὸς
557 2285 646 2336 τὸν
703 2284 1037 2349 Ἀσδρούβαν
1098 2287 1163 2340 ὡς
1226 2284 1648 2349 συνηλλαγμένος

230 2354 361 2420 μετὰ
398 2358 498 2404 τῶν
537 2353 675 2404 ἰδίων
712 2353 928 2404 ἱππέων.
1000 2353 1087 2403 καὶ
1123 2353 1564 2420 ἐστρατοπέδευον
1589 2354 1646 2404 οὐ

230 2421 437 2488 μακρὰν
461 2421 551 2472 ἀπ᾽
589 2422 841 2486 ἀλλήλων
876 2422 1208 2487 Ἀσδρούβας
1244 2442 1300 2472 τε
1336 2421 1424 2472 καὶ
1463 2418 1646 2488 Σύφαξ

290 153 605 237 APPIAN'S
618 157 888 229 ROMAN
905 157 1233 237 HISTORY,
1251 155 1448 231 BOOK
1461 155 1607 229 VIII

235 294 293 345 τὸ
332 295 598 358 σπήλαιον
636 294 1166 361 στρατοπεδευόντων.
1241 295 1346 346 οὐδ᾽
1382 296 1525 347 ἔστιν
1571 296 1653 347 ὅτε

228 365 551 428 ἐστάθμευεν
600 364 651 414 ἐν
700 364 1055 431 στρατοπέδῳ,
1106 363 1250 414 ἀλλὰ
1298 364 1386 415 καὶ
1438 365 1654 428 μάλιστ᾽

236 433 547 497 ἐστρατήγει
581 433 858 483 λανθάνειν
895 433 1016 483 ὅποι
1064 454 1193 483 ποτε
1242 435 1336 495 εἴη.
1408 434 1525 483 ὅθεν
1563 434 1653 483 οὐκ

237 501 378 568 εἶχον
418 503 559 567 αὐτῷ
596 504 826 568 συνεχῶς
863 506 1251 569 προεπιχειρεῖν
1301 501 1351 551 οἱ
1395 501 1651 567 πολέμιοι,

235 569 359 620 ἀλλ᾽
394 569 644 634 ἠμύνοντο
682 569 909 620 ἐπιόντα.
982 569 1147 636 ἀγορὰ
1185 569 1225 620 δ᾽
1263 570 1324 632 ἦν
1362 572 1501 637 αὐτῷ
1537 571 1655 620 καθ᾽

236 638 464 701 ἑκάστην
509 638 717 704 ἡμέραν,
916 638 1035 705 περὶ
1084 639 1308 704 ἑσπέραν
1356 639 1655 701 καταλάβοι
755 639 782 688 ὅ
820 661 869 689 τι

235 706 425 774 χωρίον
449 707 480 771 ἢ
507 707 682 770 κώμην
707 708 738 770 ἢ
765 706 936 765 πόλιν,
963 707 1225 773 λῃζομένῳ
1264 729 1319 758 τε
1356 707 1531 758 πάντα
1570 708 1655 758 καὶ

236 775 573 841 διαρπάζοντι
610 776 699 827 καὶ
731 775 1038 842 μεριζομένῳ
1064 779 1169 829 τοῖς
1203 780 1468 826 συνοῦσιν.
1539 776 1655 826 ὅθεν

236 844 373 910 αὐτῷ
417 843 613 894 πολλοὶ
653 848 754 894 τῶν
790 845 1047 909 Νομάδων
1097 844 1399 911 ἐπεφοίτων,
1439 845 1657 909 μισθοὺς

233 913 326 977 μὲν
353 913 409 963 οὐ
436 912 625 963 διδόντι
663 914 1018 978 τεταγμένους,
1046 912 1138 968 τὰς
1164 912 1206 963 δ᾽
1233 911 1485 980 ὠφελείας
1516 913 1656 964 πολὺ

235 980 484 1036 πλείονας
509 982 729 1049 ἔχοντες.

898 1120 998 1190 ΙΙΙ

228 2518 344 2578 420

112 308 215 343 CAP.

140 352 191 383 II

94 1263 198 1301 CAP.

108 1307 176 1341 III
