<?xml version="1.0" encoding="UTF-8"?>
<PcGts xmlns="http://schema.primaresearch.org/PAGE/gts/pagecontent/2013-07-15" xmlns:xsi="http://www.w3.org/2001/XMLSchema-instance" xsi:schemaLocation="http://schema.primaresearch.org/PAGE/gts/pagecontent/2013-07-15 http://schema.primaresearch.org/PAGE/gts/pagecontent/2013-07-15/pagecontent.xsd">
	<Metadata>
	<Creator></Creator>
	<Created>2014-06-12T02:11:57</Created>
	<LastChange>2014-06-12T13:13:11</LastChange></Metadata>
	<Page imageFilename="0438.jpg" imageWidth="1747" imageHeight="2693">
	<TextRegion id="r343" type="paragraph">
	<Coords points="118,326 118,418 245,418 245,326"/>
	<TextLine id="r344">
	<Coords points="126,330 126,369 239,369 239,330"/>
	<Word id="r347">
	<Coords points="131,332 131,369 237,369 237,332"/>
	<TextEquiv>
	<Unicode>CAP.</Unicode></TextEquiv></Word>
	<TextEquiv>
	<Unicode>CAP.</Unicode></TextEquiv></TextLine>
	<TextLine id="r345">
	<Coords points="138,373 138,408 233,408 233,373"/>
	<Word id="r348">
	<Coords points="141,375 141,407 229,407 229,375"/>
	<TextEquiv>
	<Unicode>III</Unicode></TextEquiv></Word>
	<TextEquiv>
	<Unicode>III</Unicode></TextEquiv></TextLine></TextRegion>
	<TextRegion id="r1" type="paragraph">
	<Coords points="293,135 1635,122 1641,170 1683,292 1702,2528 190,2641 182,2535 250,365"/>
	<TextLine id="r334">
	<Coords points="316,174 316,287 1625,287 1625,174"/>
	<Word id="r337">
	<Coords points="320,182 320,264 626,264 626,182"/>
	<TextEquiv>
	<Unicode>APPIAN'S</Unicode></TextEquiv></Word>
	<Word id="r338">
	<Coords points="642,185 642,270 901,270 901,185"/>
	<TextEquiv>
	<Unicode>ROMAN</Unicode></TextEquiv></Word>
	<Word id="r340">
	<Coords points="919,186 919,272 1251,272 1251,186"/>
	<TextEquiv>
	<Unicode>HISTORY,</Unicode></TextEquiv></Word>
	<Word id="r341">
	<Coords points="1268,191 1268,263 1469,263 1469,191"/>
	<TextEquiv>
	<Unicode>BOOK</Unicode></TextEquiv></Word>
	<Word id="r342">
	<Coords points="1485,195 1485,261 1618,261 1618,195"/>
	<TextEquiv>
	<Unicode>VIII</Unicode></TextEquiv></Word>
	<TextEquiv>
	<Unicode>APPIAN'S ROMAN HISTORY, BOOK VIII</Unicode></TextEquiv></TextLine>
	<TextLine id="r2">
	<Coords points="329,321 331,321 331,322 333,322 333,323 334,323 334,325 447,325 447,326 449,326 449,343 564,343 564,342 655,342 655,337 656,337 656,335 657,335 657,332 658,332 658,330 659,330 659,328 660,328 660,327 661,327 661,326 662,326 662,325 663,325 663,324 664,324 664,323 665,323 665,324 666,324 666,325 667,325 667,344 795,344 795,345 901,345 901,344 945,344 945,324 947,324 947,323 948,323 948,324 1109,324 1109,323 1111,323 1111,324 1112,324 1112,325 1113,325 1113,345 1155,345 1155,346 1302,346 1302,333 1303,333 1303,332 1304,332 1304,327 1305,327 1305,326 1306,326 1306,325 1307,325 1307,324 1311,324 1311,326 1312,326 1312,333 1324,333 1324,334 1325,334 1325,335 1327,335 1327,336 1329,336 1329,338 1330,338 1330,339 1331,339 1331,340 1332,340 1332,341 1333,341 1333,343 1334,343 1334,345 1335,345 1335,346 1365,346 1365,347 1467,347 1467,328 1468,328 1468,327 1469,327 1469,326 1555,326 1555,327 1557,327 1557,328 1558,328 1558,330 1660,330 1660,327 1661,327 1661,326 1662,326 1662,325 1664,325 1664,324 1667,324 1667,325 1669,325 1669,326 1671,326 1671,357 1672,357 1672,365 1671,365 1671,368 1670,368 1670,370 1669,370 1669,372 1668,372 1668,373 1667,373 1667,374 1666,374 1666,375 1665,375 1665,376 1662,376 1662,377 1562,377 1562,381 1561,381 1561,385 1560,385 1560,387 1559,387 1559,388 1555,388 1555,387 1554,387 1554,379 1412,379 1412,380 1411,380 1411,381 1410,381 1410,382 1406,382 1406,383 1405,383 1405,375 1171,375 1171,382 1170,382 1170,385 1167,385 1167,386 1167,385 1165,385 1165,374 1061,374 1061,373 1027,373 1027,372 917,372 917,378 916,378 916,386 915,386 915,389 912,389 912,388 911,388 911,373 800,373 800,374 798,374 798,375 796,375 796,376 795,376 795,377 773,377 773,381 772,381 772,383 771,383 771,384 766,384 766,371 498,371 498,370 335,370 335,371 313,371 313,372 312,372 312,371 258,371 258,370 256,370 256,366 259,359 259,357 260,357 260,354 261,354 261,352 262,352 262,349 263,349 263,346 264,346 264,345 265,345 265,344 280,344 280,343 327,343 327,323 328,323 328,322 329,322"/>
	<Word id="r66">
	<Coords points="331,321 331,322 333,322 333,323 334,323 334,325 335,325 335,327 336,327 336,330 337,330 337,333 338,333 338,336 339,336 339,338 340,338 340,358 343,358 343,359 344,359 344,363 343,363 343,365 342,365 342,366 341,366 341,368 339,368 339,369 338,369 338,370 335,370 335,371 313,371 313,372 312,372 312,371 258,371 258,370 256,370 256,366 257,366 257,363 258,363 258,361 259,361 259,357 260,357 260,354 261,354 261,352 262,352 262,349 263,349 263,346 264,346 264,345 265,345 265,344 280,344 280,343 327,343 327,323 328,323 328,322 329,322 329,321"/>
	<TextEquiv>
	<Unicode>καὶ</Unicode></TextEquiv></Word>
	<Word id="r67">
	<Coords points="665,323 665,324 666,324 666,325 667,325 667,344 795,344 795,345 800,345 800,346 802,346 802,347 804,347 804,348 805,348 805,349 806,349 806,350 807,350 807,353 806,353 806,354 804,354 804,355 802,355 802,367 801,367 801,373 800,373 800,374 798,374 798,375 796,375 796,376 795,376 795,377 773,377 773,381 772,381 772,383 771,383 771,384 766,384 766,371 498,371 498,370 395,370 395,369 393,369 393,326 394,326 394,325 447,325 447,326 449,326 449,343 564,343 564,342 655,342 655,337 656,337 656,335 657,335 657,332 658,332 658,330 659,330 659,328 660,328 660,327 661,327 661,326 662,326 662,325 663,325 663,324 664,324 664,323"/>
	<TextEquiv>
	<Unicode>Μασσανάσσης</Unicode></TextEquiv></Word>
	<Word id="r68">
	<Coords points="948,323 948,324 950,324 950,326 951,326 951,328 952,328 952,330 953,330 953,334 954,334 954,336 955,336 955,338 956,338 956,360 958,360 958,361 960,361 960,363 959,363 959,366 958,366 958,367 957,367 957,369 956,369 956,370 955,370 955,371 953,371 953,372 917,372 917,378 916,378 916,386 915,386 915,389 912,389 912,388 911,388 911,373 851,373 851,372 850,372 850,358 844,358 844,357 843,357 843,350 844,350 844,349 845,349 845,348 846,348 846,347 847,347 847,346 850,346 850,345 901,345 901,344 945,344 945,324 947,324 947,323"/>
	<TextEquiv>
	<Unicode>περὶ</Unicode></TextEquiv></Word>
	<Word id="r69">
	<Coords points="1111,323 1111,324 1112,324 1112,325 1113,325 1113,345 1155,345 1155,346 1207,346 1207,348 1208,348 1208,355 1207,355 1207,358 1206,358 1206,360 1205,360 1205,361 1204,361 1204,362 1203,362 1203,364 1201,364 1201,366 1200,366 1200,367 1198,367 1198,368 1197,368 1197,369 1195,369 1195,370 1194,370 1194,371 1191,371 1191,372 1189,372 1189,373 1173,373 1173,374 1172,374 1172,375 1171,375 1171,382 1170,382 1170,385 1167,385 1167,386 1167,385 1165,385 1165,374 1061,374 1061,373 1027,373 1027,372 1025,372 1025,340 1012,340 1012,339 1011,339 1011,329 1010,329 1010,327 1009,327 1010,327 1010,325 1011,325 1011,324 1109,324 1109,323"/>
	<TextEquiv>
	<Unicode>Ἰτύκην</Unicode></TextEquiv></Word>
	<Word id="r70">
	<Coords points="1311,324 1311,326 1312,326 1312,333 1324,333 1324,334 1325,334 1325,335 1327,335 1327,336 1329,336 1329,338 1330,338 1330,339 1331,339 1331,340 1332,340 1332,341 1333,341 1333,343 1334,343 1334,345 1335,345 1335,346 1365,346 1365,347 1399,347 1399,349 1400,349 1400,365 1413,365 1413,366 1414,366 1414,367 1415,367 1415,370 1416,370 1416,373 1415,373 1415,377 1414,377 1414,378 1413,378 1413,379 1412,379 1412,380 1411,380 1411,381 1410,381 1410,382 1406,382 1406,383 1405,383 1405,375 1252,375 1252,374 1251,374 1251,356 1244,356 1244,355 1243,355 1243,353 1244,353 1244,351 1245,351 1245,350 1251,350 1251,347 1252,347 1252,346 1302,346 1302,333 1303,333 1303,332 1304,332 1304,327 1305,327 1305,326 1306,326 1306,325 1307,325 1307,324"/>
	<TextEquiv>
	<Unicode>πόλιν,</Unicode></TextEquiv></Word>
	<Word id="r71">
	<Coords points="1474,326 1474,327 1476,327 1476,328 1477,328 1477,330 1478,330 1478,347 1495,347 1495,348 1498,348 1498,349 1500,349 1500,350 1501,350 1501,352 1502,352 1502,353 1503,353 1503,357 1502,357 1502,358 1498,358 1498,375 1497,375 1497,377 1495,377 1495,378 1493,378 1493,379 1488,379 1488,374 1464,374 1464,373 1461,373 1461,372 1460,372 1460,371 1458,371 1458,370 1457,370 1457,368 1456,368 1456,365 1455,365 1455,359 1456,359 1456,357 1457,357 1457,354 1458,354 1458,353 1459,353 1459,352 1460,352 1460,351 1461,351 1461,350 1462,350 1462,349 1463,349 1463,348 1465,348 1465,347 1467,347 1467,328 1468,328 1468,327 1469,327 1469,326"/>
	<TextEquiv>
	<Unicode>ἐς</Unicode></TextEquiv></Word>
	<Word id="r72">
	<Coords points="1555,326 1555,327 1557,327 1557,328 1558,328 1558,331 1559,331 1559,333 1560,333 1560,335 1561,335 1561,338 1562,338 1562,339 1563,339 1563,347 1597,347 1597,348 1599,348 1599,350 1600,350 1600,358 1599,358 1599,360 1598,360 1598,362 1597,362 1597,363 1596,363 1596,364 1595,364 1595,365 1594,365 1594,366 1593,366 1593,367 1592,367 1592,368 1591,368 1591,369 1590,369 1590,370 1589,370 1589,371 1588,371 1588,372 1586,372 1586,373 1584,373 1584,374 1582,374 1582,375 1578,375 1578,376 1562,376 1562,381 1561,381 1561,385 1560,385 1560,387 1559,387 1559,388 1555,388 1555,387 1554,387 1554,373 1542,373 1542,371 1541,371 1541,356 1539,356 1539,354 1538,354 1539,354 1539,352 1540,352 1540,351 1541,351 1541,350 1542,350 1542,349 1544,349 1544,348 1545,348 1545,336 1546,336 1546,334 1548,334 1548,333 1551,333 1551,329 1552,329 1552,327 1554,327 1554,326"/>
	<TextEquiv>
	<Unicode>ἣν</Unicode></TextEquiv></Word>
	<Word id="r73">
	<Coords points="1667,324 1667,325 1669,325 1669,326 1671,326 1671,357 1672,357 1672,365 1671,365 1671,368 1670,368 1670,370 1669,370 1669,372 1668,372 1668,373 1667,373 1667,374 1666,374 1666,375 1665,375 1665,376 1662,376 1662,377 1656,377 1656,376 1654,376 1654,375 1652,375 1652,374 1651,374 1651,373 1650,373 1650,371 1649,371 1649,369 1648,369 1648,367 1647,367 1647,361 1648,361 1648,357 1649,357 1649,355 1650,355 1650,354 1651,354 1651,352 1653,352 1653,351 1654,351 1654,350 1656,350 1656,349 1658,349 1658,348 1659,348 1659,330 1660,330 1660,327 1661,327 1661,326 1662,326 1662,325 1664,325 1664,324"/>
	<TextEquiv>
	<Unicode>ὁ</Unicode></TextEquiv></Word>
	<TextEquiv>
	<Unicode>καὶ Μασσανάσσης περὶ Ἰτύκην πόλιν, ἐς ἣν ὁ</Unicode></TextEquiv></TextLine>
	<TextLine id="r55">
	<Coords points="414,388 414,389 415,389 415,390 416,390 416,392 417,392 417,412 485,412 485,413 658,413 658,412 695,412 695,410 696,410 696,408 697,408 697,406 698,406 698,404 699,404 699,403 700,403 700,401 701,401 701,400 702,400 702,398 704,398 704,397 705,397 705,396 706,396 706,395 708,395 708,394 710,394 710,393 712,393 712,392 716,392 716,393 827,393 827,392 889,392 889,391 893,391 893,392 894,392 894,393 1001,393 1001,392 1002,392 1002,391 1005,391 1005,392 1006,392 1006,414 1205,414 1205,394 1206,394 1206,393 1209,393 1209,394 1354,394 1354,393 1357,393 1357,394 1444,394 1444,395 1446,395 1446,397 1448,397 1448,399 1449,399 1449,415 1543,415 1543,416 1642,416 1642,417 1646,417 1646,418 1647,418 1647,419 1648,419 1648,420 1649,420 1649,423 1650,423 1650,425 1670,425 1670,426 1672,426 1672,429 1671,429 1671,430 1650,430 1650,432 1649,432 1649,436 1648,436 1648,437 1647,437 1647,438 1646,438 1646,440 1645,440 1645,441 1644,441 1644,442 1643,442 1643,443 1641,443 1641,444 1638,444 1638,445 1633,445 1633,444 1529,444 1529,446 1528,446 1528,452 1527,452 1527,458 1526,458 1526,459 1524,459 1524,460 1523,460 1523,459 1522,459 1522,458 1521,458 1521,444 1501,444 1501,443 1393,443 1393,444 1392,444 1392,445 1391,445 1391,446 1389,446 1389,447 1385,447 1385,446 1384,446 1384,443 1254,443 1254,442 1092,442 1092,443 1014,443 1014,445 1013,445 1013,448 1012,448 1012,453 1011,453 1011,455 1008,455 1008,456 1008,455 1007,455 1007,441 956,441 956,440 825,440 825,441 788,441 788,442 787,442 787,443 786,443 786,444 785,444 785,445 686,445 686,451 685,451 685,452 684,452 684,453 683,453 683,454 682,454 682,456 680,456 680,457 676,457 676,458 675,458 675,457 648,457 648,441 592,441 592,440 291,440 291,442 290,442 290,443 289,443 289,442 288,442 288,439 256,439 256,437 255,437 256,437 256,394 257,394 257,393 283,393 283,392 285,392 285,391 286,391 286,390 289,390 289,392 290,392 290,395 291,395 291,398 292,398 292,411 404,411 404,402 405,402 405,400 406,400 406,397 407,397 407,394 408,394 408,393 409,393 409,390 410,390 410,389 412,389 412,388"/>
	<Word id="r278">
	<Coords points="414,388 414,389 415,389 415,390 416,390 416,392 417,392 417,412 485,412 485,413 486,413 486,421 485,421 485,423 484,423 484,425 483,425 483,427 482,427 482,428 481,428 481,429 480,429 480,430 479,430 479,431 478,431 478,432 477,432 477,433 476,433 476,434 475,434 475,435 473,435 473,436 472,436 472,437 471,437 471,438 468,438 468,439 465,439 465,440 291,440 291,442 290,442 290,443 289,443 289,442 288,442 288,439 256,439 256,437 255,437 256,437 256,394 257,394 257,393 283,393 283,392 285,392 285,391 286,391 286,390 289,390 289,392 290,392 290,395 291,395 291,398 292,398 292,411 404,411 404,402 405,402 405,400 406,400 406,397 407,397 407,394 408,394 408,393 409,393 409,390 410,390 410,389 412,389 412,388"/>
	<TextEquiv>
	<Unicode>Σκιπίων</Unicode></TextEquiv></Word>
	<Word id="r279">
	<Coords points="716,392 716,393 756,393 756,394 757,394 757,395 758,395 758,397 759,397 759,401 760,401 760,403 761,403 761,405 762,405 762,413 787,413 787,414 789,414 789,415 791,415 791,416 792,416 792,417 793,417 793,418 794,418 794,420 795,420 795,421 794,421 794,423 789,423 789,441 788,441 788,442 787,442 787,443 786,443 786,444 785,444 785,445 686,445 686,451 685,451 685,452 684,452 684,453 683,453 683,454 682,454 682,456 680,456 680,457 676,457 676,458 675,458 675,457 648,457 648,441 592,441 592,440 550,440 550,439 510,439 510,438 509,438 509,437 510,437 510,434 511,434 511,432 512,432 512,429 513,429 513,426 514,426 514,422 515,422 515,420 516,420 516,417 517,417 517,415 518,415 518,414 520,414 520,413 658,413 658,412 695,412 695,410 696,410 696,408 697,408 697,406 698,406 698,404 699,404 699,403 700,403 700,401 701,401 701,400 702,400 702,398 704,398 704,397 705,397 705,396 706,396 706,395 708,395 708,394 710,394 710,393 712,393 712,392"/>
	<TextEquiv>
	<Unicode>καταχθεὶς</Unicode></TextEquiv></Word>
	<Word id="r280">
	<Coords points="893,391 893,392 894,392 894,393 895,393 895,394 896,394 896,396 897,396 897,402 896,402 896,404 895,404 895,405 894,405 894,406 893,406 893,407 885,407 885,416 884,416 884,418 883,418 883,419 872,419 872,420 871,420 871,438 870,438 870,439 855,439 855,440 825,440 825,441 822,441 822,440 821,440 821,439 819,439 819,438 817,438 817,437 816,437 816,436 815,436 815,418 813,418 813,417 814,417 814,415 817,415 817,414 822,414 822,397 823,397 823,395 824,395 824,394 825,394 825,393 827,393 827,392 889,392 889,391"/>
	<TextEquiv>
	<Unicode>ὑπ᾽</Unicode></TextEquiv></Word>
	<Word id="r281">
	<Coords points="1005,391 1005,392 1006,392 1006,414 1113,414 1113,416 1114,416 1114,421 1115,421 1114,421 1114,424 1113,424 1113,427 1112,427 1112,428 1111,428 1111,430 1110,430 1110,431 1109,431 1109,432 1108,432 1108,433 1107,433 1107,435 1106,435 1106,436 1104,436 1104,437 1103,437 1103,438 1102,438 1102,439 1100,439 1100,440 1098,440 1098,441 1095,441 1095,442 1092,442 1092,443 1014,443 1014,445 1013,445 1013,448 1012,448 1012,453 1011,453 1011,455 1008,455 1008,456 1008,455 1007,455 1007,441 956,441 956,440 924,440 924,439 921,439 921,438 920,438 920,436 919,436 919,428 920,428 920,425 921,425 921,424 922,424 922,422 924,422 924,420 925,420 925,419 926,419 926,418 927,418 927,417 928,417 928,416 930,416 930,415 934,415 934,395 935,395 935,394 936,394 936,393 1001,393 1001,392 1002,392 1002,391"/>
	<TextEquiv>
	<Unicode>ἀνέμων</Unicode></TextEquiv></Word>
	<Word id="r282">
	<Coords points="1209,393 1209,394 1210,394 1210,396 1211,396 1211,398 1212,398 1212,400 1213,400 1213,402 1214,402 1214,404 1215,404 1215,408 1216,408 1216,410 1217,410 1217,430 1220,430 1220,431 1221,431 1221,433 1220,433 1220,435 1219,435 1219,437 1218,437 1218,438 1217,438 1217,440 1216,440 1216,441 1214,441 1214,442 1136,442 1136,441 1135,441 1135,438 1136,438 1136,435 1137,435 1137,432 1138,432 1138,430 1139,430 1139,428 1140,428 1140,425 1141,425 1141,422 1142,422 1142,418 1143,418 1143,417 1144,417 1144,416 1160,416 1160,415 1205,415 1205,394 1206,394 1206,393"/>
	<TextEquiv>
	<Unicode>καὶ</Unicode></TextEquiv></Word>
	<Word id="r283">
	<Coords points="1357,393 1357,394 1358,394 1358,395 1359,395 1359,397 1360,397 1360,398 1361,398 1361,400 1362,400 1362,402 1363,402 1363,404 1364,404 1364,406 1365,406 1365,408 1366,408 1366,414 1391,414 1391,415 1394,415 1394,416 1396,416 1396,417 1397,417 1397,418 1398,418 1398,419 1399,419 1399,422 1400,422 1400,423 1399,423 1399,425 1397,425 1397,426 1395,426 1395,441 1394,441 1394,443 1393,443 1393,444 1392,444 1392,445 1391,445 1391,446 1389,446 1389,447 1385,447 1385,446 1384,446 1384,443 1254,443 1254,442 1249,442 1249,441 1248,441 1248,439 1247,439 1247,432 1246,432 1246,430 1247,430 1247,426 1248,426 1248,425 1249,425 1249,423 1250,423 1250,421 1251,421 1251,420 1252,420 1252,419 1253,419 1253,418 1254,418 1254,417 1256,417 1256,416 1258,416 1258,415 1296,415 1296,395 1297,395 1297,394 1354,394 1354,393"/>
	<TextEquiv>
	<Unicode>αὐτὸς</Unicode></TextEquiv></Word>
	<Word id="r284">
	<Coords points="1444,394 1444,395 1446,395 1446,397 1448,397 1448,399 1449,399 1449,415 1543,415 1543,416 1642,416 1642,417 1646,417 1646,418 1647,418 1647,419 1648,419 1648,420 1649,420 1649,423 1650,423 1650,425 1670,425 1670,426 1672,426 1672,429 1671,429 1671,430 1650,430 1650,432 1649,432 1649,436 1648,436 1648,437 1647,437 1647,438 1646,438 1646,440 1645,440 1645,441 1644,441 1644,442 1643,442 1643,443 1641,443 1641,444 1638,444 1638,445 1633,445 1633,444 1529,444 1529,446 1528,446 1528,452 1527,452 1527,458 1526,458 1526,459 1524,459 1524,460 1523,460 1523,459 1522,459 1522,458 1521,458 1521,444 1501,444 1501,443 1461,443 1461,442 1435,442 1435,441 1432,441 1432,440 1431,440 1431,439 1430,439 1430,438 1429,438 1429,437 1428,437 1428,435 1427,435 1427,432 1426,432 1426,430 1427,430 1427,424 1428,424 1428,423 1429,423 1429,422 1430,422 1430,420 1431,420 1431,419 1433,419 1433,418 1434,418 1434,417 1435,417 1435,416 1437,416 1437,415 1438,415 1438,397 1439,397 1439,395 1440,395 1440,394"/>
	<TextEquiv>
	<Unicode>ἐστρατο-</Unicode></TextEquiv></Word>
	<TextEquiv>
	<Unicode>Σκιπίων καταχθεὶς ὑπ᾽ ἀνέμων καὶ αὐτὸς ἐστρατο-</Unicode></TextEquiv></TextLine>
	<TextLine id="r6">
	<Coords points="320,458 339,458 339,459 342,459 342,460 344,460 344,461 345,461 345,462 347,462 347,464 348,464 348,465 349,465 349,466 351,466 351,469 352,469 352,480 627,480 627,460 628,460 628,459 631,459 631,460 833,460 833,483 860,483 860,484 861,484 861,485 862,485 862,499 975,499 975,496 976,496 976,492 977,492 977,490 978,490 978,489 979,489 979,487 980,487 980,486 981,486 981,485 982,485 982,484 984,484 984,483 986,483 986,482 1016,482 1016,463 1017,463 1017,462 1018,462 1018,461 1023,461 1023,462 1024,462 1024,463 1025,463 1025,464 1026,464 1026,467 1027,467 1027,482 1165,482 1165,469 1166,469 1166,468 1215,468 1215,462 1216,462 1216,461 1314,461 1314,460 1318,460 1318,461 1319,461 1319,462 1320,462 1320,463 1393,463 1393,464 1394,464 1394,465 1395,465 1395,466 1487,466 1487,467 1491,467 1491,468 1493,468 1493,469 1494,469 1494,470 1495,470 1495,471 1496,471 1496,472 1497,472 1497,483 1532,483 1532,484 1660,484 1660,466 1661,466 1661,464 1662,464 1662,463 1663,463 1663,462 1665,462 1665,461 1668,461 1668,462 1670,462 1670,464 1671,464 1671,495 1672,495 1672,503 1671,503 1671,506 1670,506 1670,507 1669,507 1669,508 1668,508 1668,510 1667,510 1667,511 1665,511 1665,512 1663,512 1663,513 1656,513 1656,512 1533,512 1533,522 1532,522 1532,523 1531,523 1531,525 1530,525 1530,527 1528,527 1528,528 1526,528 1526,529 1497,529 1497,528 1496,528 1496,527 1495,527 1495,512 1464,512 1464,511 1376,511 1376,510 1147,510 1147,511 1145,511 1145,510 1015,510 1015,509 984,509 984,508 981,508 981,507 979,507 979,506 877,506 877,508 876,508 876,509 828,509 828,511 827,511 827,515 826,515 826,519 825,519 825,522 824,522 824,523 823,523 823,524 820,524 820,523 819,523 819,510 747,510 747,509 745,509 745,508 634,508 634,509 599,509 599,514 598,514 598,521 597,521 597,523 596,523 596,524 595,524 595,525 593,525 593,524 592,524 592,508 577,508 577,507 470,507 470,508 467,508 467,509 465,509 465,508 264,508 264,507 262,507 262,492 256,492 256,490 255,490 255,488 256,488 256,484 257,484 257,483 258,483 258,481 260,481 260,480 312,480 312,474 313,474 313,471 314,471 314,468 315,468 315,465 316,465 316,464 317,464 317,460 318,460 318,459 320,459"/>
	<Word id="r74">
	<Coords points="339,458 339,459 342,459 342,460 344,460 344,461 345,461 345,462 347,462 347,464 348,464 348,465 349,465 349,466 351,466 351,469 352,469 352,480 473,480 473,481 475,481 475,483 476,483 476,484 477,484 476,484 476,486 475,486 475,487 473,487 473,506 472,506 472,507 470,507 470,508 467,508 467,509 465,509 465,508 264,508 264,507 262,507 262,492 256,492 256,490 255,490 255,488 256,488 256,484 257,484 257,483 258,483 258,481 260,481 260,480 312,480 312,474 313,474 313,471 314,471 314,468 315,468 315,465 316,465 316,464 317,464 317,460 318,460 318,459 320,459 320,458"/>
	<TextEquiv>
	<Unicode>πέδευσε</Unicode></TextEquiv></Word>
	<Word id="r75">
	<Coords points="631,459 631,460 632,460 632,462 633,462 633,464 634,464 634,466 635,466 635,468 636,468 636,471 637,471 637,472 638,472 638,476 639,476 639,496 642,496 642,497 643,497 643,499 642,499 642,502 641,502 641,503 640,503 640,504 639,504 639,506 638,506 638,507 637,507 637,508 634,508 634,509 599,509 599,514 598,514 598,521 597,521 597,523 596,523 596,524 595,524 595,525 593,525 593,524 592,524 592,508 577,508 577,507 531,507 531,506 530,506 530,493 525,493 525,492 524,492 524,486 525,486 525,483 526,483 526,482 528,482 528,481 562,481 562,480 627,480 627,460 628,460 628,459"/>
	<TextEquiv>
	<Unicode>περὶ</Unicode></TextEquiv></Word>
	<Word id="r76">
	<Coords points="833,460 833,483 860,483 860,484 861,484 861,485 862,485 862,499 875,499 875,500 876,500 876,501 877,501 877,502 878,502 878,506 877,506 877,508 876,508 876,509 828,509 828,511 827,511 827,515 826,515 826,519 825,519 825,522 824,522 824,523 823,523 823,524 820,524 820,523 819,523 819,510 747,510 747,509 745,509 745,508 724,508 724,507 706,507 706,506 705,506 705,505 704,505 704,504 703,504 703,500 702,500 702,497 703,497 703,494 704,494 704,492 705,492 705,490 706,490 706,489 707,489 707,487 708,487 708,486 709,486 709,485 710,485 710,484 712,484 712,483 713,483 713,482 716,482 716,481 751,481 751,463 752,463 752,462 753,462 753,461 829,461 829,460"/>
	<TextEquiv>
	<Unicode>αὐτήν.</Unicode></TextEquiv></Word>
	<Word id="r77">
	<Coords points="1023,461 1023,462 1024,462 1024,463 1025,463 1025,464 1026,464 1026,467 1027,467 1027,483 1031,483 1031,485 1032,485 1032,488 1033,488 1032,488 1032,492 1031,492 1031,497 1030,497 1030,498 1029,498 1029,500 1028,500 1028,501 1027,501 1027,502 1026,502 1026,504 1025,504 1025,505 1024,505 1024,506 1022,506 1022,507 1021,507 1021,508 1018,508 1018,509 1015,509 1015,510 1015,509 984,509 984,508 981,508 981,507 979,507 979,506 978,506 978,505 977,505 977,503 976,503 976,501 975,501 975,496 976,496 976,492 977,492 977,490 978,490 978,489 979,489 979,487 980,487 980,486 981,486 981,485 982,485 982,484 984,484 984,483 986,483 986,482 1016,482 1016,463 1017,463 1017,462 1018,462 1018,461"/>
	<TextEquiv>
	<Unicode>οὐ</Unicode></TextEquiv></Word>
	<Word id="r78">
	<Coords points="1219,461 1219,462 1220,462 1220,464 1221,464 1221,467 1222,467 1222,469 1223,469 1223,474 1224,474 1224,476 1225,476 1225,483 1231,483 1231,487 1232,487 1231,487 1231,495 1230,495 1230,497 1229,497 1229,500 1228,500 1228,502 1227,502 1227,503 1226,503 1226,504 1225,504 1225,505 1224,505 1224,506 1223,506 1223,507 1221,507 1221,508 1219,508 1219,509 1217,509 1217,510 1147,510 1147,511 1145,511 1145,510 1098,510 1098,495 1092,495 1092,494 1091,494 1091,488 1092,488 1092,486 1093,486 1093,484 1094,484 1094,483 1097,483 1097,482 1165,482 1165,469 1166,469 1166,468 1215,468 1215,462 1216,462 1216,461"/>
	<TextEquiv>
	<Unicode>πολὺ</Unicode></TextEquiv></Word>
	<Word id="r79">
	<Coords points="1318,460 1318,461 1319,461 1319,462 1320,462 1320,463 1321,463 1321,471 1320,471 1320,472 1319,472 1319,474 1317,474 1317,475 1315,475 1315,476 1307,476 1307,495 1306,495 1306,501 1305,501 1305,504 1304,504 1304,505 1303,505 1303,506 1302,506 1302,507 1300,507 1300,508 1298,508 1298,509 1295,509 1295,510 1289,510 1289,509 1287,509 1287,508 1286,508 1286,507 1285,507 1285,506 1284,506 1284,505 1283,505 1283,503 1282,503 1282,494 1283,494 1283,492 1284,492 1284,490 1285,490 1285,489 1286,489 1286,487 1287,487 1287,466 1288,466 1288,464 1289,464 1289,462 1291,462 1291,461 1314,461 1314,460"/>
	<TextEquiv>
	<Unicode>δ᾽</Unicode></TextEquiv></Word>
	<Word id="r80">
	<Coords points="1393,463 1393,464 1394,464 1394,465 1395,465 1395,466 1487,466 1487,467 1491,467 1491,468 1493,468 1493,469 1494,469 1494,470 1495,470 1495,471 1496,471 1496,472 1497,472 1497,483 1532,483 1532,484 1585,484 1585,485 1587,485 1587,487 1588,487 1588,491 1587,491 1587,495 1586,495 1586,497 1585,497 1585,499 1584,499 1584,500 1583,500 1583,502 1582,502 1582,503 1581,503 1581,504 1580,504 1580,505 1578,505 1578,506 1577,506 1577,507 1576,507 1576,508 1574,508 1574,509 1572,509 1572,510 1570,510 1570,511 1568,511 1568,512 1533,512 1533,522 1532,522 1532,523 1531,523 1531,525 1530,525 1530,527 1528,527 1528,528 1526,528 1526,529 1497,529 1497,528 1496,528 1496,527 1495,527 1495,512 1464,512 1464,511 1376,511 1376,510 1374,510 1374,509 1373,509 1373,507 1372,507 1372,504 1371,504 1371,503 1372,503 1372,500 1373,500 1373,496 1374,496 1374,494 1375,494 1375,493 1376,493 1376,492 1377,492 1377,491 1378,491 1378,490 1379,490 1379,489 1380,489 1380,488 1381,488 1381,487 1382,487 1382,486 1384,486 1384,485 1387,485 1387,464 1389,464 1389,463"/>
	<TextEquiv>
	<Unicode>ἀπεῖχεν</Unicode></TextEquiv></Word>
	<Word id="r81">
	<Coords points="1668,461 1668,462 1670,462 1670,464 1671,464 1671,495 1672,495 1672,503 1671,503 1671,506 1670,506 1670,507 1669,507 1669,508 1668,508 1668,510 1667,510 1667,511 1665,511 1665,512 1663,512 1663,513 1656,513 1656,512 1654,512 1654,511 1652,511 1652,510 1651,510 1651,509 1650,509 1650,508 1649,508 1649,506 1648,506 1648,498 1649,498 1649,494 1650,494 1650,492 1651,492 1651,490 1653,490 1653,488 1654,488 1654,487 1656,487 1656,486 1660,486 1660,466 1661,466 1661,464 1662,464 1662,463 1663,463 1663,462 1665,462 1665,461"/>
	<TextEquiv>
	<Unicode>ὁ</Unicode></TextEquiv></Word>
	<TextEquiv>
	<Unicode>πέδευσε περὶ αὐτήν. οὐ πολὺ δ᾽ ἀπεῖχεν ὁ</Unicode></TextEquiv></TextLine>
	<TextLine id="r9">
	<Coords points="260,525 260,526 261,526 261,527 262,527 262,528 263,528 263,529 366,529 366,528 367,528 367,527 474,527 474,526 477,526 477,527 478,527 478,528 479,528 479,530 512,530 512,531 513,531 513,532 515,532 515,533 516,533 516,534 517,534 517,535 518,535 518,537 519,537 519,540 520,540 520,549 668,549 668,530 669,530 669,528 675,528 675,529 677,529 677,530 678,530 678,532 773,532 773,533 774,533 774,534 776,534 776,535 777,535 777,538 778,538 778,550 922,550 922,549 925,549 925,550 1035,550 1035,529 1036,529 1036,528 1041,528 1041,529 1042,529 1042,532 1144,532 1144,530 1147,530 1147,531 1148,531 1148,550 1184,550 1184,551 1305,551 1305,533 1306,533 1306,532 1307,532 1307,531 1308,531 1308,530 1394,530 1394,531 1396,531 1396,532 1397,532 1397,533 1398,533 1398,534 1399,534 1399,535 1400,535 1400,536 1402,536 1402,538 1403,538 1403,539 1404,539 1404,540 1405,540 1405,552 1576,552 1576,545 1577,545 1577,541 1578,541 1578,539 1579,539 1579,537 1580,537 1580,534 1581,534 1581,533 1582,533 1582,531 1583,531 1583,530 1585,530 1585,529 1585,530 1587,530 1587,531 1588,531 1588,532 1589,532 1589,552 1606,552 1606,553 1667,553 1667,554 1669,554 1669,555 1671,555 1671,556 1672,556 1672,557 1673,557 1673,558 1674,558 1674,564 1673,564 1673,565 1669,565 1669,582 1668,582 1668,583 1667,583 1667,584 1666,584 1666,585 1664,585 1664,586 1661,586 1661,587 1659,587 1659,586 1657,586 1657,581 1544,581 1544,586 1543,586 1543,592 1542,592 1542,594 1541,594 1541,596 1540,596 1540,597 1539,597 1539,596 1538,596 1538,595 1537,595 1537,594 1468,594 1468,593 1467,593 1467,580 1335,580 1335,581 1334,581 1334,582 1333,582 1333,583 1331,583 1331,584 1328,584 1328,585 1327,585 1327,584 1325,584 1325,579 1185,579 1185,588 1184,588 1184,590 1183,590 1183,592 1182,592 1182,593 1181,593 1181,594 1179,594 1179,595 1177,595 1177,596 1176,596 1176,595 1148,595 1148,594 1147,594 1147,579 1062,579 1062,578 910,578 910,583 909,583 909,587 908,587 908,591 907,591 907,593 906,593 906,594 904,594 904,593 903,593 903,591 902,591 902,578 793,578 793,579 792,579 792,581 791,581 791,582 790,582 790,583 789,583 789,584 787,584 787,585 783,585 783,578 762,578 762,577 576,577 576,578 575,578 575,579 574,579 574,580 572,580 572,581 569,581 569,582 484,582 484,583 483,583 483,586 390,586 390,588 389,588 389,589 388,589 388,576 328,576 328,575 269,575 269,574 268,574 268,542 254,542 254,541 253,541 253,531 252,531 252,526 254,526 254,525"/>
	<Word id="r82">
	<Coords points="254,525 260,525 260,526 261,526 261,527 262,527 262,528 263,528 263,529 366,529 366,528 367,528 367,527 474,527 474,526 477,526 477,527 478,527 478,528 479,528 479,530 512,530 512,531 513,531 513,532 515,532 515,533 516,533 516,534 517,534 517,535 518,535 518,537 519,537 519,540 520,540 520,549 574,549 574,550 577,550 577,551 579,551 579,552 580,552 580,553 581,553 581,554 582,554 582,556 583,556 583,557 582,557 582,559 580,559 580,560 577,560 577,577 576,577 576,578 575,578 575,579 574,579 574,580 572,580 572,581 569,581 569,582 484,582 484,583 483,583 483,586 390,586 390,588 389,588 389,589 388,589 388,576 328,576 328,575 269,575 269,574 268,574 268,542 254,542 254,541 253,541 253,531 252,531 252,526 254,526"/>
	<TextEquiv>
	<Unicode>Ἀσδρούβας</Unicode></TextEquiv></Word>
	<Word id="r84">
	<Coords points="669,528 675,528 675,529 677,529 677,530 678,530 678,532 773,532 773,533 774,533 774,534 776,534 776,535 777,535 777,538 778,538 778,551 779,551 779,552 780,552 780,554 781,554 781,568 792,568 792,569 793,569 793,571 794,571 794,577 793,577 793,579 792,579 792,581 791,581 791,582 790,582 790,583 789,583 789,584 787,584 787,585 783,585 783,578 762,578 762,577 624,577 624,576 622,576 622,575 621,575 621,574 620,574 620,572 619,572 619,563 620,563 620,561 621,561 621,560 622,560 622,557 623,557 623,556 624,556 624,554 625,554 625,553 626,553 626,552 627,552 627,551 629,551 629,550 631,550 631,549 668,549 668,530 669,530"/>
	<TextEquiv>
	<Unicode>αὐτοῦ,</Unicode></TextEquiv></Word>
	<Word id="r86">
	<Coords points="1041,528 1041,529 1042,529 1042,532 1043,532 1043,536 1044,536 1044,538 1045,538 1045,540 1046,540 1046,542 1047,542 1047,545 1048,545 1048,551 1085,551 1085,552 1086,552 1086,561 1085,561 1085,563 1084,563 1084,565 1083,565 1083,566 1082,566 1082,567 1081,567 1081,569 1079,569 1079,571 1078,571 1078,572 1077,572 1077,573 1075,573 1075,574 1074,574 1074,575 1072,575 1072,576 1071,576 1071,577 1068,577 1068,578 1066,578 1066,579 1062,579 1062,578 910,578 910,583 909,583 909,587 908,587 908,591 907,591 907,593 906,593 906,594 904,594 904,593 903,593 903,591 902,591 902,578 883,578 883,577 842,577 842,576 840,576 840,575 838,575 838,574 837,574 837,572 836,572 836,570 835,570 835,563 836,563 836,561 837,561 837,559 838,559 838,558 839,558 839,557 840,557 840,556 841,556 841,555 842,555 842,554 844,554 844,553 846,553 846,552 850,552 850,551 853,551 853,550 922,550 922,549 925,549 925,550 1035,550 1035,529 1036,529 1036,528"/>
	<TextEquiv>
	<Unicode>στρατιὰν</Unicode></TextEquiv></Word>
	<Word id="r87">
	<Coords points="1147,530 1147,531 1148,531 1148,550 1184,550 1184,551 1255,551 1255,552 1257,552 1257,559 1256,559 1256,562 1255,562 1255,564 1254,564 1254,566 1253,566 1253,567 1252,567 1252,568 1251,568 1251,569 1250,569 1250,570 1249,570 1249,571 1248,571 1248,572 1247,572 1247,573 1246,573 1246,574 1245,574 1245,575 1243,575 1243,576 1242,576 1242,577 1239,577 1239,578 1238,578 1238,579 1185,579 1185,588 1184,588 1184,590 1183,590 1183,592 1182,592 1182,593 1181,593 1181,594 1179,594 1179,595 1177,595 1177,596 1176,596 1176,595 1148,595 1148,594 1147,594 1147,579 1132,579 1132,578 1129,578 1129,577 1127,577 1127,576 1126,576 1126,575 1125,575 1125,574 1124,574 1124,573 1123,573 1123,569 1122,569 1122,568 1123,568 1123,562 1124,562 1124,560 1125,560 1125,558 1126,558 1126,557 1128,557 1128,544 1129,544 1129,533 1130,533 1130,532 1144,532 1144,530"/>
	<TextEquiv>
	<Unicode>ἔχων</Unicode></TextEquiv></Word>
	<Word id="r88">
	<Coords points="1312,530 1312,531 1313,531 1313,532 1315,532 1315,534 1316,534 1316,553 1335,553 1335,554 1337,554 1337,555 1338,555 1338,556 1339,556 1339,557 1340,557 1340,558 1341,558 1341,562 1340,562 1340,563 1336,563 1336,578 1335,578 1335,581 1334,581 1334,582 1333,582 1333,583 1331,583 1331,584 1328,584 1328,585 1327,585 1327,584 1325,584 1325,579 1305,579 1305,578 1301,578 1301,577 1299,577 1299,576 1298,576 1298,575 1296,575 1296,573 1295,573 1295,572 1294,572 1294,569 1293,569 1293,568 1294,568 1294,562 1295,562 1295,560 1296,560 1296,558 1297,558 1297,557 1298,557 1298,556 1299,556 1299,555 1300,555 1300,554 1301,554 1301,553 1303,553 1303,552 1305,552 1305,533 1306,533 1306,532 1307,532 1307,531 1308,531 1308,530"/>
	<TextEquiv>
	<Unicode>ἐς</Unicode></TextEquiv></Word>
	<Word id="r89">
	<Coords points="1585,530 1587,530 1587,531 1588,531 1588,532 1589,532 1589,552 1606,552 1606,553 1667,553 1667,554 1669,554 1669,555 1671,555 1671,556 1672,556 1672,557 1673,557 1673,558 1674,558 1674,564 1673,564 1673,565 1669,565 1669,582 1668,582 1668,583 1667,583 1667,584 1666,584 1666,585 1664,585 1664,586 1661,586 1661,587 1659,587 1659,586 1657,586 1657,581 1544,581 1544,586 1543,586 1543,592 1542,592 1542,594 1541,594 1541,596 1540,596 1540,597 1539,597 1539,596 1538,596 1538,595 1537,595 1537,594 1468,594 1468,593 1467,593 1467,580 1412,580 1412,579 1389,579 1389,578 1385,578 1385,577 1383,577 1383,576 1382,576 1382,575 1381,575 1381,573 1380,573 1380,570 1379,570 1379,565 1380,565 1380,562 1381,562 1381,560 1382,560 1382,558 1383,558 1383,557 1384,557 1384,534 1385,534 1385,532 1386,532 1386,531 1388,531 1388,530 1394,530 1394,531 1396,531 1396,532 1397,532 1397,533 1398,533 1398,534 1399,534 1399,535 1400,535 1400,536 1402,536 1402,538 1403,538 1403,539 1404,539 1404,540 1405,540 1405,552 1576,552 1576,545 1577,545 1577,541 1578,541 1578,539 1579,539 1579,537 1580,537 1580,534 1581,534 1581,533 1582,533 1582,531 1583,531 1583,530 1585,530 1585,529"/>
	<TextEquiv>
	<Unicode>δισμυρίους</Unicode></TextEquiv></Word>
	<TextEquiv>
	<Unicode>Ἀσδρούβας αὐτοῦ, στρατιὰν ἔχων ἐς δισμυρίους</Unicode></TextEquiv></TextLine>
	<TextLine id="r49">
	<Coords points="704,595 706,595 706,596 708,596 708,599 709,599 709,618 817,618 817,600 818,600 818,599 820,599 820,598 822,598 822,597 826,597 826,598 828,598 828,618 923,618 923,619 1099,619 1099,606 1101,606 1101,605 1145,605 1145,604 1146,604 1146,602 1147,602 1147,600 1148,600 1148,598 1149,598 1149,597 1153,597 1153,598 1154,598 1154,599 1155,599 1155,619 1172,619 1172,620 1338,620 1338,600 1339,600 1339,599 1340,599 1340,598 1343,598 1343,599 1471,599 1471,598 1472,598 1472,599 1473,599 1473,604 1499,604 1499,605 1500,605 1500,606 1501,606 1501,621 1666,621 1666,622 1669,622 1669,623 1671,623 1671,624 1672,624 1672,625 1673,625 1673,626 1674,626 1674,628 1675,628 1675,630 1674,630 1674,632 1673,632 1673,633 1669,633 1669,650 1668,650 1668,651 1667,651 1667,652 1666,652 1666,653 1663,653 1663,654 1661,654 1661,655 1660,655 1660,654 1658,654 1658,651 1619,651 1619,650 1492,650 1492,652 1491,652 1491,662 1490,662 1490,665 1489,665 1489,666 1485,666 1485,648 1345,648 1345,649 1344,649 1344,648 1234,648 1234,650 1233,650 1233,651 1231,651 1231,652 1228,652 1228,653 1226,653 1226,652 1225,652 1225,648 1195,648 1195,647 1076,647 1076,656 1075,656 1075,658 1074,658 1074,659 1073,659 1073,661 1072,661 1072,662 1071,662 1071,663 1069,663 1069,664 1039,664 1039,663 1037,663 1037,647 983,647 983,646 763,646 763,647 762,647 762,649 760,649 760,650 758,650 758,651 754,651 754,646 430,646 430,647 429,647 429,648 428,648 428,649 425,649 425,650 346,650 346,652 344,652 344,653 343,653 343,656 340,656 340,657 336,657 336,658 336,657 331,657 331,656 330,656 330,645 260,645 260,644 259,644 259,630 254,630 254,629 253,629 253,621 254,621 254,620 255,620 255,619 256,619 256,618 258,618 258,617 331,617 331,604 332,604 332,601 333,601 333,600 335,600 335,599 336,599 336,598 394,598 394,597 395,597 395,596 398,596 398,597 399,597 399,601 400,601 400,603 401,603 401,608 402,608 402,618 536,618 536,597 537,597 537,596 595,596 595,598 596,598 596,608 698,608 698,606 699,606 699,603 700,603 700,601 701,601 701,598 702,598 702,597 703,597 703,596 704,596"/>
	<Word id="r266">
	<Coords points="398,596 398,597 399,597 399,601 400,601 400,603 401,603 401,608 402,608 402,618 430,618 430,619 432,619 432,620 434,620 434,621 435,621 435,622 436,622 436,624 437,624 437,626 436,626 436,627 435,627 435,628 432,628 432,644 431,644 431,646 430,646 430,647 429,647 429,648 428,648 428,649 425,649 425,650 346,650 346,652 344,652 344,653 343,653 343,656 340,656 340,657 336,657 336,658 336,657 331,657 331,656 330,656 330,645 260,645 260,644 259,644 259,630 254,630 254,629 253,629 253,621 254,621 254,620 255,620 255,619 256,619 256,618 258,618 258,617 331,617 331,604 332,604 332,601 333,601 333,600 335,600 335,599 336,599 336,598 394,598 394,597 395,597 395,596"/>
	<TextEquiv>
	<Unicode>πεζοὺς</Unicode></TextEquiv></Word>
	<Word id="r267">
	<Coords points="540,596 540,597 541,597 541,598 542,598 542,600 543,600 543,603 544,603 544,605 545,605 545,608 546,608 546,611 547,611 547,633 551,633 551,634 552,634 552,635 551,635 551,638 550,638 550,640 549,640 549,641 548,641 548,642 547,642 547,643 546,643 546,644 545,644 545,645 543,645 543,646 504,646 504,645 501,645 501,644 464,644 464,643 463,643 463,640 464,640 464,638 465,638 465,635 466,635 466,632 467,632 467,629 468,629 468,627 469,627 469,625 470,625 470,621 471,621 471,619 473,619 473,618 536,618 536,597 537,597 537,596"/>
	<TextEquiv>
	<Unicode>καὶ</Unicode></TextEquiv></Word>
	<Word id="r268">
	<Coords points="706,595 706,596 708,596 708,599 709,599 709,618 760,618 760,619 764,619 764,620 766,620 766,621 767,621 767,622 768,622 768,623 769,623 769,626 770,626 769,626 769,628 768,628 768,629 764,629 764,645 763,645 763,647 762,647 762,649 760,649 760,650 758,650 758,651 754,651 754,646 583,646 583,645 581,645 581,644 580,644 580,642 579,642 579,637 580,637 580,632 581,632 581,629 582,629 582,625 583,625 583,622 584,622 584,620 585,620 585,619 586,619 586,600 587,600 587,598 588,598 588,597 590,597 590,596 595,596 595,598 596,598 596,618 696,618 696,613 697,613 697,608 698,608 698,606 699,606 699,603 700,603 700,601 701,601 701,598 702,598 702,597 703,597 703,596 704,596 704,595"/>
	<TextEquiv>
	<Unicode>ἱππέας</Unicode></TextEquiv></Word>
	<Word id="r269">
	<Coords points="826,597 826,598 828,598 828,618 923,618 923,619 1099,619 1099,606 1101,606 1101,605 1145,605 1145,604 1146,604 1146,602 1147,602 1147,600 1148,600 1148,598 1149,598 1149,597 1153,597 1153,598 1154,598 1154,599 1155,599 1155,619 1172,619 1172,620 1229,620 1229,621 1235,621 1235,622 1237,622 1237,623 1239,623 1239,626 1240,626 1240,629 1239,629 1239,630 1238,630 1238,631 1236,631 1236,645 1235,645 1235,648 1234,648 1234,650 1233,650 1233,651 1231,651 1231,652 1228,652 1228,653 1226,653 1226,652 1225,652 1225,648 1195,648 1195,647 1076,647 1076,656 1075,656 1075,658 1074,658 1074,659 1073,659 1073,661 1072,661 1072,662 1071,662 1071,663 1069,663 1069,664 1039,664 1039,663 1037,663 1037,647 983,647 983,646 816,646 816,645 813,645 813,644 812,644 812,643 811,643 811,642 810,642 810,640 809,640 809,639 808,639 808,631 809,631 809,628 810,628 810,626 811,626 811,625 812,625 812,624 813,624 813,623 814,623 814,622 815,622 815,621 816,621 816,620 817,620 817,600 818,600 818,599 820,599 820,598 822,598 822,597"/>
	<TextEquiv>
	<Unicode>ἑπτακισχιλίους</Unicode></TextEquiv></Word>
	<Word id="r270">
	<Coords points="1343,598 1343,600 1344,600 1344,602 1345,602 1345,604 1346,604 1346,606 1347,606 1347,608 1348,608 1348,610 1349,610 1349,616 1350,616 1350,636 1354,636 1354,639 1353,639 1353,642 1352,642 1352,643 1351,643 1351,645 1350,645 1350,646 1349,646 1349,647 1347,647 1347,648 1345,648 1345,649 1344,649 1344,648 1286,648 1286,647 1267,647 1267,646 1266,646 1266,643 1267,643 1267,640 1268,640 1268,638 1269,638 1269,636 1270,636 1270,634 1271,634 1271,631 1272,631 1272,628 1273,628 1273,624 1274,624 1274,622 1276,622 1276,621 1291,621 1291,620 1338,620 1338,600 1339,600 1339,599 1340,599 1340,598"/>
	<TextEquiv>
	<Unicode>καὶ</Unicode></TextEquiv></Word>
	<Word id="r271">
	<Coords points="1472,598 1472,599 1473,599 1473,604 1499,604 1499,605 1500,605 1500,606 1501,606 1501,621 1666,621 1666,622 1669,622 1669,623 1671,623 1671,624 1672,624 1672,625 1673,625 1673,626 1674,626 1674,628 1675,628 1675,630 1674,630 1674,632 1673,632 1673,633 1669,633 1669,650 1668,650 1668,651 1667,651 1667,652 1666,652 1666,653 1663,653 1663,654 1661,654 1661,655 1660,655 1660,654 1658,654 1658,651 1619,651 1619,650 1492,650 1492,652 1491,652 1491,662 1490,662 1490,665 1489,665 1489,666 1485,666 1485,648 1400,648 1400,647 1395,647 1395,646 1393,646 1393,645 1392,645 1392,644 1391,644 1391,643 1390,643 1390,642 1389,642 1389,638 1388,638 1388,632 1389,632 1389,630 1390,630 1390,627 1391,627 1391,626 1392,626 1392,625 1393,625 1393,624 1394,624 1394,623 1395,623 1395,622 1397,622 1397,621 1400,621 1400,601 1401,601 1401,600 1402,600 1402,599 1471,599 1471,598"/>
	<TextEquiv>
	<Unicode>ἐλέφαντας</Unicode></TextEquiv></Word>
	<TextEquiv>
	<Unicode>πεζοὺς καὶ ἱππέας ἑπτακισχιλίους καὶ ἐλέφαντας</Unicode></TextEquiv></TextLine>
	<TextLine id="r12">
	<Coords points="271,663 275,663 275,664 277,664 277,666 278,666 278,685 390,685 390,665 391,665 391,664 394,664 394,665 534,665 534,664 538,664 538,666 539,666 539,667 540,667 540,669 541,669 541,671 542,671 542,673 543,673 543,676 544,676 544,678 545,678 545,686 800,686 800,679 801,679 801,678 802,678 802,674 803,674 803,671 804,671 804,669 805,669 805,666 806,666 806,665 808,665 808,664 808,665 811,665 811,666 812,666 812,687 967,687 967,688 969,688 969,704 987,704 987,705 989,705 989,706 990,706 990,707 991,707 991,712 990,712 990,713 989,713 989,714 988,714 988,715 860,715 860,714 754,714 754,719 753,719 753,727 752,727 752,729 751,729 751,730 748,730 748,729 747,729 747,715 718,715 718,714 589,714 589,715 588,715 588,714 266,714 266,713 264,713 264,712 262,712 262,711 260,711 260,710 259,710 259,709 258,709 258,707 257,707 257,705 256,705 256,697 257,697 257,694 258,694 258,693 259,693 259,691 260,691 260,690 261,690 261,689 262,689 262,688 264,688 264,687 265,687 265,667 266,667 266,666 267,666 267,665 268,665 268,664 271,664"/>
	<Word id="r90">
	<Coords points="275,663 275,664 277,664 277,666 278,666 278,685 390,685 390,665 391,665 391,664 394,664 394,665 395,665 395,666 396,666 396,668 397,668 397,670 398,670 398,672 399,672 399,674 400,674 400,676 401,676 401,687 438,687 438,688 439,688 439,690 438,690 438,695 437,695 437,697 436,697 436,699 435,699 435,701 434,701 434,702 433,702 433,704 431,704 431,705 430,705 430,706 429,706 429,707 428,707 428,708 427,708 427,709 426,709 426,710 425,710 425,711 423,711 423,712 420,712 420,713 417,713 417,714 266,714 266,713 264,713 264,712 262,712 262,711 260,711 260,710 259,710 259,709 258,709 258,707 257,707 257,705 256,705 256,697 257,697 257,694 258,694 258,693 259,693 259,691 260,691 260,690 261,690 261,689 262,689 262,688 264,688 264,687 265,687 265,667 266,667 266,666 267,666 267,665 268,665 268,664 271,664 271,663"/>
	<TextEquiv>
	<Unicode>ἑκατὸν</Unicode></TextEquiv></Word>
	<Word id="r91">
	<Coords points="538,664 538,666 539,666 539,667 540,667 540,669 541,669 541,671 542,671 542,673 543,673 543,676 544,676 544,678 545,678 545,701 548,701 548,702 550,702 550,704 549,704 549,706 548,706 548,707 547,707 547,709 546,709 546,710 545,710 545,711 543,711 543,712 542,712 542,713 539,713 539,714 475,714 475,713 473,713 473,712 470,712 470,711 469,711 469,710 468,710 468,709 467,709 467,707 466,707 466,705 465,705 465,698 466,698 466,696 467,696 467,695 468,695 468,693 469,693 469,692 470,692 470,690 472,690 472,689 473,689 473,688 475,688 475,687 477,687 477,667 478,667 478,666 480,666 480,665 534,665 534,664"/>
	<TextEquiv>
	<Unicode>ἐπὶ</Unicode></TextEquiv></Word>
	<Word id="r92">
	<Coords points="808,664 808,665 811,665 811,666 812,666 812,687 967,687 967,688 969,688 969,704 987,704 987,705 989,705 989,706 990,706 990,707 991,707 991,712 990,712 990,713 989,713 989,714 988,714 988,715 860,715 860,714 754,714 754,719 753,719 753,727 752,727 752,729 751,729 751,730 748,730 748,729 747,729 747,715 718,715 718,714 589,714 589,715 588,715 588,714 586,714 586,712 585,712 585,699 578,699 578,698 577,698 577,696 576,696 576,693 577,693 577,690 578,690 578,689 579,689 579,688 582,688 582,687 624,687 624,686 800,686 800,679 801,679 801,678 802,678 802,674 803,674 803,671 804,671 804,669 805,669 805,666 806,666 806,665 808,665"/>
	<TextEquiv>
	<Unicode>τεσσαράκοντα.</Unicode></TextEquiv></Word>
	<TextEquiv>
	<Unicode>ἑκατὸν ἐπὶ τεσσαράκοντα. [14]</Unicode></TextEquiv></TextLine>
	<TextLine id="r13">
	<Coords points="474,729 475,729 475,731 476,731 476,733 515,733 515,736 699,736 699,734 700,734 700,733 701,733 701,734 703,734 703,736 704,736 704,737 705,737 705,740 807,740 807,738 808,738 808,737 809,737 809,736 812,736 812,735 818,735 818,736 819,736 819,737 822,737 822,738 823,738 823,739 824,739 824,741 825,741 825,755 927,755 927,738 928,738 928,737 940,737 940,736 941,736 941,735 1045,735 1045,734 1048,734 1048,733 1108,733 1108,732 1108,733 1110,733 1110,734 1111,734 1111,756 1277,756 1277,752 1278,752 1278,740 1279,740 1279,739 1291,739 1291,738 1292,738 1292,737 1293,737 1293,736 1295,736 1295,737 1403,737 1403,736 1405,736 1405,735 1407,735 1407,736 1408,736 1408,758 1637,758 1637,739 1638,739 1638,738 1640,738 1640,737 1645,737 1645,738 1647,738 1647,740 1648,740 1648,741 1649,741 1649,758 1666,758 1666,759 1669,759 1669,760 1670,760 1670,761 1672,761 1672,762 1673,762 1673,764 1674,764 1674,767 1673,767 1673,769 1669,769 1669,786 1668,786 1668,787 1667,787 1667,789 1666,789 1666,790 1664,790 1664,791 1588,791 1588,792 1584,792 1584,791 1582,791 1582,786 1420,786 1420,785 1418,785 1418,784 1309,784 1309,785 1204,785 1204,786 1203,786 1203,787 1202,787 1202,788 1201,788 1201,789 1195,789 1195,784 1096,784 1096,783 870,783 870,784 869,784 869,786 868,786 868,787 867,787 867,789 865,789 865,790 864,790 864,791 860,791 860,790 859,790 859,783 658,783 658,785 657,785 657,791 656,791 656,792 655,792 655,793 618,793 618,794 617,794 617,795 616,795 616,796 614,796 614,797 533,797 533,799 532,799 532,800 529,800 529,799 528,799 528,784 476,784 476,782 475,782 475,781 331,781 331,780 329,780 329,742 328,742 328,740 329,740 329,739 338,739 338,738 341,738 341,739 443,739 443,737 444,737 444,736 462,736 462,735 472,735 472,733 473,733 473,729 474,729 474,728"/>
	<Word id="r94">
	<Coords points="338,738 341,738 341,739 379,739 379,766 385,766 385,767 386,767 385,767 385,768 383,768 383,773 399,773 399,774 400,774 400,776 401,776 401,778 400,778 400,780 399,780 399,781 331,781 331,780 329,780 329,742 328,742 328,740 329,740 329,739 338,739"/>
	<TextEquiv>
	<Unicode>14.</Unicode></TextEquiv></Word>
	<Word id="r97">
	<Coords points="474,729 475,729 475,731 476,731 476,733 515,733 515,736 616,736 616,742 628,742 628,744 629,744 629,745 628,745 628,746 627,746 627,747 626,747 626,765 625,765 625,766 622,766 622,767 621,767 621,789 620,789 620,791 619,791 619,793 618,793 618,794 617,794 617,795 616,795 616,796 614,796 614,797 533,797 533,799 532,799 532,800 529,800 529,799 528,799 528,784 476,784 476,782 475,782 475,781 444,781 444,780 443,780 443,737 444,737 444,736 462,736 462,735 472,735 472,733 473,733 473,729 474,729 474,728"/>
	<TextEquiv>
	<Unicode>Σύφαξ</Unicode></TextEquiv></Word>
	<Word id="r98">
	<Coords points="701,733 701,734 703,734 703,736 704,736 704,737 705,737 705,740 706,740 706,741 707,741 707,744 708,744 708,746 709,746 709,756 742,756 742,757 743,757 743,758 742,758 742,763 741,763 741,767 740,767 740,769 739,769 739,770 738,770 738,771 737,771 737,773 736,773 736,774 735,774 735,775 733,775 733,776 732,776 732,777 731,777 731,778 730,778 730,779 728,779 728,780 726,780 726,781 724,781 724,782 721,782 721,783 658,783 658,785 657,785 657,791 656,791 656,792 655,792 655,793 653,793 653,787 654,787 654,784 655,784 655,780 656,780 656,778 657,778 657,773 658,773 658,770 659,770 659,768 660,768 660,764 661,764 661,762 662,762 662,757 664,757 664,756 666,756 666,755 699,755 699,734 700,734 700,733"/>
	<TextEquiv>
	<Unicode>μὲν</Unicode></TextEquiv></Word>
	<Word id="r99">
	<Coords points="818,735 818,736 819,736 819,737 822,737 822,738 823,738 823,739 824,739 824,741 825,741 825,756 855,756 855,757 856,757 856,759 857,759 857,774 868,774 868,775 869,775 869,776 870,776 870,784 869,784 869,786 868,786 868,787 867,787 867,789 865,789 865,790 864,790 864,791 860,791 860,790 859,790 859,783 777,783 777,782 775,782 775,781 774,781 774,780 773,780 773,779 772,779 772,778 771,778 771,777 770,777 770,775 769,775 769,770 770,770 770,767 771,767 771,765 772,765 772,763 773,763 773,761 774,761 774,760 775,760 775,759 776,759 776,758 778,758 778,757 780,757 780,756 806,756 806,740 807,740 807,738 808,738 808,737 809,737 809,736 812,736 812,735"/>
	<TextEquiv>
	<Unicode>οὖν,</Unicode></TextEquiv></Word>
	<Word id="r100">
	<Coords points="943,735 943,736 945,736 945,755 997,755 997,756 998,756 998,757 999,757 999,760 1000,760 999,760 999,761 998,761 998,762 997,762 997,768 996,768 996,781 995,781 995,782 992,782 992,783 907,783 907,782 905,782 905,781 903,781 903,780 902,780 902,778 901,778 901,776 900,776 900,769 901,769 901,766 902,766 902,764 903,764 903,762 904,762 904,761 905,761 905,760 906,760 906,759 908,759 908,758 910,758 910,757 913,757 913,756 915,756 915,755 927,755 927,738 928,738 928,737 940,737 940,736 941,736 941,735"/>
	<TextEquiv>
	<Unicode>εἴτε</Unicode></TextEquiv></Word>
	<Word id="r101">
	<Coords points="1108,733 1110,733 1110,734 1111,734 1111,756 1199,756 1199,757 1204,757 1204,758 1207,758 1207,759 1208,759 1208,760 1209,760 1209,761 1210,761 1210,763 1211,763 1211,765 1210,765 1210,767 1207,767 1207,768 1206,768 1206,783 1205,783 1205,785 1204,785 1204,786 1203,786 1203,787 1202,787 1202,788 1201,788 1201,789 1195,789 1195,784 1096,784 1096,783 1045,783 1045,782 1042,782 1042,781 1041,781 1041,780 1040,780 1040,779 1039,779 1039,778 1038,778 1038,776 1037,776 1037,767 1038,767 1038,764 1039,764 1039,763 1040,763 1040,761 1041,761 1041,760 1043,760 1043,736 1044,736 1044,735 1045,735 1045,734 1048,734 1048,733 1108,733 1108,732"/>
	<TextEquiv>
	<Unicode>δείσας</Unicode></TextEquiv></Word>
	<Word id="r102">
	<Coords points="1295,736 1295,737 1296,737 1296,739 1297,739 1297,756 1347,756 1347,757 1349,757 1349,758 1350,758 1350,759 1351,759 1351,763 1348,763 1348,782 1347,782 1347,783 1346,783 1346,784 1309,784 1309,785 1279,785 1279,784 1257,784 1257,783 1255,783 1255,782 1254,782 1254,781 1253,781 1253,780 1252,780 1252,779 1251,779 1251,777 1250,777 1250,774 1249,774 1249,772 1250,772 1250,768 1251,768 1251,766 1252,766 1252,764 1253,764 1253,763 1254,763 1254,762 1255,762 1255,761 1256,761 1256,760 1257,760 1257,758 1260,758 1260,757 1264,757 1264,756 1277,756 1277,752 1278,752 1278,740 1279,740 1279,739 1291,739 1291,738 1292,738 1292,737 1293,737 1293,736"/>
	<TextEquiv>
	<Unicode>εἴτε</Unicode></TextEquiv></Word>
	<Word id="r103">
	<Coords points="1407,735 1407,736 1408,736 1408,758 1591,758 1591,759 1594,759 1594,760 1596,760 1596,761 1597,761 1597,762 1598,762 1598,763 1599,763 1599,768 1598,768 1598,769 1597,769 1597,770 1595,770 1595,784 1594,784 1594,786 1593,786 1593,788 1592,788 1592,789 1591,789 1591,790 1590,790 1590,791 1588,791 1588,792 1584,792 1584,791 1582,791 1582,786 1420,786 1420,785 1418,785 1418,784 1382,784 1382,783 1380,783 1380,782 1379,782 1379,781 1378,781 1378,778 1377,778 1377,770 1378,770 1378,768 1379,768 1379,766 1380,766 1380,764 1381,764 1381,763 1382,763 1382,762 1384,762 1384,761 1385,761 1385,760 1386,760 1386,759 1388,759 1388,750 1389,750 1389,738 1390,738 1390,737 1403,737 1403,736 1405,736 1405,735"/>
	<TextEquiv>
	<Unicode>ἄπιστος</Unicode></TextEquiv></Word>
	<Word id="r104">
	<Coords points="1645,737 1645,738 1647,738 1647,740 1648,740 1648,741 1649,741 1649,758 1666,758 1666,759 1669,759 1669,760 1670,760 1670,761 1672,761 1672,762 1673,762 1673,764 1674,764 1674,767 1673,767 1673,769 1669,769 1669,786 1668,786 1668,787 1667,787 1667,789 1666,789 1666,790 1664,790 1664,791 1659,791 1659,790 1658,790 1658,786 1634,786 1634,785 1632,785 1632,784 1630,784 1630,783 1629,783 1629,782 1628,782 1628,781 1627,781 1627,779 1626,779 1626,776 1625,776 1625,773 1626,773 1626,770 1627,770 1627,767 1628,767 1628,765 1629,765 1629,763 1630,763 1630,762 1632,762 1632,761 1633,761 1633,760 1635,760 1635,759 1637,759 1637,739 1638,739 1638,738 1640,738 1640,737"/>
	<TextEquiv>
	<Unicode>ἐς</Unicode></TextEquiv></Word>
	<TextEquiv>
	<Unicode>14. Σύφαξ μὲν οὖν, εἴτε δείσας εἴτε ἄπιστος ἐς</Unicode></TextEquiv></TextLine>
	<TextLine id="r51">
	<Coords points="274,801 274,802 275,802 275,803 276,803 276,822 395,822 395,815 396,815 396,813 397,813 397,809 398,809 398,807 399,807 399,805 400,805 400,803 401,803 401,801 406,801 406,803 407,803 407,822 430,822 430,823 517,823 517,824 693,824 693,813 694,813 694,809 695,809 695,808 696,808 696,804 697,804 697,802 698,802 698,801 702,801 702,802 703,802 703,823 764,823 764,824 849,824 849,825 996,825 996,824 999,824 999,823 1025,823 1025,802 1026,802 1026,801 1029,801 1029,802 1030,802 1030,803 1031,803 1031,806 1032,806 1032,808 1033,808 1033,811 1034,811 1034,813 1035,813 1035,818 1036,818 1036,819 1037,819 1037,824 1041,824 1041,825 1042,825 1042,826 1144,826 1144,817 1145,817 1145,815 1146,815 1146,812 1147,812 1147,808 1148,808 1148,807 1149,807 1149,805 1150,805 1150,804 1151,804 1151,803 1153,803 1153,802 1155,802 1155,803 1156,803 1156,824 1179,824 1179,825 1310,825 1310,806 1311,806 1311,805 1312,805 1312,804 1313,804 1313,803 1316,803 1316,804 1318,804 1318,805 1422,805 1422,804 1425,804 1425,809 1458,809 1458,810 1460,810 1460,813 1562,813 1562,810 1563,810 1563,807 1564,807 1564,806 1565,806 1565,805 1567,805 1567,804 1568,804 1568,805 1571,805 1571,806 1572,806 1572,826 1669,826 1669,827 1670,827 1670,843 1673,843 1673,846 1672,846 1672,847 1671,847 1671,849 1670,849 1670,850 1669,850 1669,851 1668,851 1668,853 1666,853 1666,854 1665,854 1665,855 1453,855 1453,868 1452,868 1452,869 1451,869 1451,870 1450,870 1450,871 1447,871 1447,870 1446,870 1446,867 1412,867 1412,866 1411,866 1411,854 1362,854 1362,853 1256,853 1256,855 1255,855 1255,856 1254,856 1254,857 1253,857 1253,858 1252,858 1252,859 1249,859 1249,860 1162,860 1162,863 1161,863 1161,867 1160,867 1160,868 1158,868 1158,867 1157,867 1157,866 1094,866 1094,864 1093,864 1093,851 988,851 988,855 987,855 987,860 986,860 986,863 985,863 985,867 983,867 983,868 982,868 982,867 981,867 981,866 980,866 980,852 847,852 847,853 846,853 846,854 842,854 842,855 842,854 840,854 840,852 714,852 714,855 713,855 713,858 712,858 712,860 711,860 711,863 710,863 710,864 631,864 631,865 573,865 573,864 572,864 572,855 413,855 413,859 412,859 412,863 411,863 411,865 408,865 408,863 407,863 407,850 268,850 268,851 267,851 267,850 263,850 263,849 260,849 260,848 259,848 259,847 258,847 258,846 257,846 257,845 256,845 256,841 255,841 255,835 256,835 256,832 257,832 257,830 258,830 258,828 260,828 260,827 261,827 261,826 262,826 262,825 263,825 263,808 264,808 264,804 265,804 265,803 266,803 266,802 267,802 267,801"/>
	<Word id="r272">
	<Coords points="274,801 274,802 275,802 275,803 276,803 276,822 395,822 395,815 396,815 396,813 397,813 397,809 398,809 398,807 399,807 399,805 400,805 400,803 401,803 401,801 406,801 406,803 407,803 407,822 430,822 430,823 517,823 517,824 521,824 521,825 522,825 522,826 523,826 523,827 524,827 524,829 525,829 525,831 524,831 524,832 523,832 523,833 520,833 520,848 519,848 519,850 518,850 518,852 517,852 517,853 515,853 515,854 514,854 514,855 413,855 413,859 412,859 412,863 411,863 411,865 408,865 408,863 407,863 407,850 268,850 268,851 267,851 267,850 263,850 263,849 260,849 260,848 259,848 259,847 258,847 258,846 257,846 257,845 256,845 256,841 255,841 255,835 256,835 256,832 257,832 257,830 258,830 258,828 260,828 260,827 261,827 261,826 262,826 262,825 263,825 263,808 264,808 264,804 265,804 265,803 266,803 266,802 267,802 267,801"/>
	<TextEquiv>
	<Unicode>ἑκατέρους</Unicode></TextEquiv></Word>
	<Word id="r273">
	<Coords points="702,801 702,802 703,802 703,823 764,823 764,824 849,824 849,825 851,825 851,826 852,826 852,827 853,827 853,829 854,829 854,831 855,831 855,832 854,832 854,833 853,833 853,834 849,834 849,850 848,850 848,852 847,852 847,853 846,853 846,854 842,854 842,855 842,854 840,854 840,852 714,852 714,855 713,855 713,858 712,858 712,860 711,860 711,863 710,863 710,864 631,864 631,865 573,865 573,864 572,864 572,841 562,841 562,840 561,840 561,837 560,837 560,834 559,834 559,832 560,832 560,830 561,830 561,828 562,828 562,827 564,827 564,826 566,826 566,825 568,825 568,824 693,824 693,813 694,813 694,809 695,809 695,808 696,808 696,804 697,804 697,802 698,802 698,801"/>
	<TextEquiv>
	<Unicode>γιγνόμενος</Unicode></TextEquiv></Word>
	<Word id="r274">
	<Coords points="1029,801 1029,802 1030,802 1030,803 1031,803 1031,806 1032,806 1032,808 1033,808 1033,811 1034,811 1034,813 1035,813 1035,818 1036,818 1036,819 1037,819 1037,824 1041,824 1041,825 1042,825 1042,840 1046,840 1046,842 1045,842 1045,845 1044,845 1044,846 1043,846 1043,848 1042,848 1042,849 1041,849 1041,850 1039,850 1039,851 988,851 988,855 987,855 987,860 986,860 986,863 985,863 985,867 983,867 983,868 982,868 982,867 981,867 981,866 980,866 980,852 908,852 908,837 903,837 903,836 902,836 902,829 903,829 903,828 904,828 904,827 905,827 905,826 907,826 907,825 996,825 996,824 999,824 999,823 1025,823 1025,802 1026,802 1026,801"/>
	<TextEquiv>
	<Unicode>παρὰ</Unicode></TextEquiv></Word>
	<Word id="r275">
	<Coords points="1155,802 1155,803 1156,803 1156,824 1179,824 1179,825 1237,825 1237,826 1239,826 1239,827 1240,827 1240,828 1241,828 1241,829 1242,829 1242,830 1243,830 1243,832 1244,832 1244,842 1253,842 1253,843 1255,843 1255,844 1256,844 1256,845 1257,845 1257,853 1256,853 1256,855 1255,855 1255,856 1254,856 1254,857 1253,857 1253,858 1252,858 1252,859 1249,859 1249,860 1162,860 1162,863 1161,863 1161,867 1160,867 1160,868 1158,868 1158,867 1157,867 1157,866 1094,866 1094,864 1093,864 1093,862 1094,862 1094,859 1095,859 1095,858 1096,858 1096,854 1097,854 1097,850 1098,850 1098,847 1099,847 1099,844 1100,844 1100,840 1101,840 1101,836 1102,836 1102,831 1103,831 1103,828 1104,828 1104,827 1105,827 1105,826 1144,826 1144,817 1145,817 1145,815 1146,815 1146,812 1147,812 1147,808 1148,808 1148,807 1149,807 1149,805 1150,805 1150,804 1151,804 1151,803 1153,803 1153,802"/>
	<TextEquiv>
	<Unicode>μέρος,</Unicode></TextEquiv></Word>
	<Word id="r276">
	<Coords points="1316,803 1316,804 1318,804 1318,805 1422,805 1422,804 1425,804 1425,809 1458,809 1458,810 1460,810 1460,813 1562,813 1562,810 1563,810 1563,807 1564,807 1564,806 1565,806 1565,805 1567,805 1567,804 1568,804 1568,805 1571,805 1571,806 1572,806 1572,832 1573,832 1573,835 1574,835 1574,843 1573,843 1573,847 1572,847 1572,849 1571,849 1571,850 1570,850 1570,851 1569,851 1569,852 1568,852 1568,853 1567,853 1567,854 1565,854 1565,855 1453,855 1453,868 1452,868 1452,869 1451,869 1451,870 1450,870 1450,871 1447,871 1447,870 1446,870 1446,867 1412,867 1412,866 1411,866 1411,854 1362,854 1362,853 1332,853 1332,852 1306,852 1306,851 1303,851 1303,850 1302,850 1302,849 1301,849 1301,848 1300,848 1300,847 1299,847 1299,845 1298,845 1298,842 1297,842 1298,842 1298,840 1299,840 1299,834 1300,834 1300,832 1301,832 1301,831 1302,831 1302,829 1303,829 1303,828 1304,828 1304,827 1306,827 1306,826 1310,826 1310,806 1311,806 1311,805 1312,805 1312,804 1313,804 1313,803"/>
	<TextEquiv>
	<Unicode>ἐσκήψατό</Unicode></TextEquiv></Word>
	<Word id="r277">
	<Coords points="1669,826 1669,827 1670,827 1670,843 1673,843 1673,846 1672,846 1672,847 1671,847 1671,849 1670,849 1670,850 1669,850 1669,851 1668,851 1668,853 1666,853 1666,854 1665,854 1665,855 1633,855 1633,854 1632,854 1632,838 1625,838 1625,837 1624,837 1624,836 1623,836 1623,834 1624,834 1624,832 1625,832 1625,829 1626,829 1626,828 1629,828 1629,827 1664,827 1664,826"/>
	<TextEquiv>
	<Unicode>τι</Unicode></TextEquiv></Word>
	<TextEquiv>
	<Unicode>ἑκατέρους γιγνόμενος παρὰ μέρος, ἐσκήψατό τι</Unicode></TextEquiv></TextLine>
	<TextLine id="r16">
	<Coords points="507,869 511,869 511,870 512,870 512,871 703,871 703,870 705,870 705,871 706,871 706,872 707,872 707,875 708,875 708,877 709,877 709,880 710,880 710,883 711,883 711,892 828,892 828,873 829,873 829,872 835,872 835,873 836,873 836,874 1039,874 1039,872 1040,872 1040,871 1126,871 1126,870 1131,870 1131,871 1199,871 1199,872 1200,872 1200,893 1252,893 1252,894 1357,894 1357,891 1358,891 1358,888 1359,888 1359,885 1360,885 1360,884 1361,884 1361,882 1362,882 1362,880 1364,880 1364,878 1365,878 1365,877 1367,877 1367,876 1369,876 1369,875 1372,875 1372,874 1376,874 1376,875 1379,875 1379,876 1381,876 1381,877 1483,877 1483,876 1528,876 1528,875 1529,875 1529,874 1531,874 1531,873 1533,873 1533,874 1534,874 1534,875 1535,875 1535,894 1559,894 1559,895 1647,895 1647,896 1651,896 1651,897 1653,897 1653,898 1654,898 1654,900 1655,900 1655,901 1656,901 1656,913 1667,913 1667,914 1669,914 1669,916 1670,916 1670,918 1671,918 1671,921 1670,921 1670,924 1669,924 1669,926 1668,926 1668,927 1667,927 1667,929 1665,929 1665,930 1662,930 1662,931 1659,931 1659,930 1658,930 1658,928 1545,928 1545,929 1544,929 1544,932 1543,932 1543,938 1542,938 1542,939 1541,939 1541,940 1539,940 1539,939 1538,939 1538,938 1537,938 1537,932 1432,932 1432,936 1431,936 1431,938 1429,938 1429,939 1429,938 1427,938 1427,932 1346,932 1346,931 1345,931 1345,927 1209,927 1209,932 1208,932 1208,935 1207,935 1207,936 1205,936 1205,935 1138,935 1138,934 1137,934 1137,933 1136,933 1136,925 1069,925 1069,924 1068,924 1068,920 715,920 715,921 714,921 714,925 713,925 713,929 712,929 712,930 711,930 711,931 687,931 687,932 685,932 685,933 684,933 684,934 683,934 683,935 619,935 619,934 618,934 618,931 514,931 514,930 513,930 513,918 382,918 382,919 376,919 376,918 259,918 259,919 255,919 255,918 254,918 254,881 253,881 253,880 252,880 252,878 253,878 253,877 254,877 254,876 260,876 260,877 263,877 263,878 265,878 265,879 266,879 266,880 267,880 267,881 268,881 268,882 269,882 269,883 270,883 270,885 271,885 271,888 272,888 272,889 273,889 273,890 393,890 393,880 394,880 394,878 395,878 395,877 396,877 396,875 398,875 398,874 400,874 400,873 506,873 506,870 507,870"/>
	<Word id="r115">
	<Coords points="405,873 405,874 408,874 408,875 409,875 409,876 410,876 410,877 411,877 411,878 412,878 412,892 437,892 437,893 439,893 439,898 438,898 438,901 437,901 437,903 436,903 436,905 435,905 435,906 434,906 434,907 433,907 433,908 432,908 432,909 431,909 431,911 429,911 429,912 428,912 428,913 427,913 427,914 426,914 426,915 423,915 423,916 421,916 421,917 418,917 418,918 382,918 382,919 376,919 376,918 259,918 259,919 255,919 255,918 254,918 254,881 253,881 253,880 252,880 252,878 253,878 253,877 254,877 254,876 260,876 260,877 263,877 263,878 265,878 265,879 266,879 266,880 267,880 267,881 268,881 268,882 269,882 269,883 270,883 270,885 271,885 271,888 272,888 272,889 273,889 273,890 393,890 393,880 394,880 394,878 395,878 395,877 396,877 396,875 398,875 398,874 400,874 400,873"/>
	<TextEquiv>
	<Unicode>λυπεῖν</Unicode></TextEquiv></Word>
	<Word id="r116">
	<Coords points="511,869 511,870 512,870 512,871 513,871 513,873 514,873 514,875 515,875 515,878 516,878 516,882 517,882 517,884 518,884 518,891 557,891 557,892 558,892 558,893 559,893 559,899 558,899 558,901 557,901 557,903 556,903 556,905 555,905 555,906 554,906 554,908 553,908 553,909 552,909 552,910 551,910 551,911 549,911 549,912 548,912 548,913 547,913 547,914 546,914 546,915 544,915 544,916 543,916 543,917 540,917 540,918 535,918 535,919 520,919 520,924 519,924 519,928 518,928 518,930 517,930 517,931 514,931 514,930 513,930 513,918 475,918 475,917 474,917 474,902 467,902 467,901 466,901 466,895 467,895 467,894 468,894 468,893 469,893 469,892 472,892 472,891 506,891 506,870 507,870 507,869"/>
	<TextEquiv>
	<Unicode>τὴν</Unicode></TextEquiv></Word>
	<Word id="r117">
	<Coords points="705,870 705,871 706,871 706,872 707,872 707,875 708,875 708,877 709,877 709,880 710,880 710,883 711,883 711,892 750,892 750,893 751,893 751,894 752,894 752,898 753,898 752,898 752,900 751,900 751,904 750,904 750,905 749,905 749,907 748,907 748,909 746,909 746,910 745,910 745,912 744,912 744,913 742,913 742,914 741,914 741,915 739,915 739,916 738,916 738,917 736,917 736,918 734,918 734,919 715,919 715,921 714,921 714,925 713,925 713,929 712,929 712,930 711,930 711,931 687,931 687,932 685,932 685,933 684,933 684,934 683,934 683,935 619,935 619,934 618,934 618,918 587,918 587,917 586,917 586,916 585,916 585,914 584,914 584,911 583,911 583,910 584,910 584,906 585,906 585,904 586,904 586,902 587,902 587,900 588,900 588,899 589,899 589,898 590,898 590,897 591,897 591,896 592,896 592,895 594,895 594,894 597,894 597,893 599,893 599,873 600,873 600,872 601,872 601,871 703,871 703,870"/>
	<TextEquiv>
	<Unicode>ἀρχὴν</Unicode></TextEquiv></Word>
	<Word id="r320">
	<Coords points="835,872 835,873 836,873 836,874 932,874 932,875 934,875 934,876 935,876 935,878 937,878 937,880 938,880 938,893 940,893 940,895 941,895 941,900 940,900 940,903 939,903 939,906 938,906 938,908 937,908 937,911 936,911 936,912 935,912 935,914 934,914 934,915 933,915 933,916 932,916 932,917 930,917 930,918 929,918 929,919 893,919 893,920 784,920 784,919 781,919 781,918 780,918 780,917 779,917 779,915 778,915 778,907 779,907 779,904 780,904 780,902 781,902 781,901 782,901 782,899 783,899 783,898 784,898 784,897 785,897 785,896 786,896 786,895 787,895 787,894 788,894 788,893 792,893 792,892 828,892 828,873 829,873 829,872"/>
	<TextEquiv>
	<Unicode>αὐτοῦ</Unicode></TextEquiv></Word>
	<Word id="r319">
	<Coords points="1042,871 1042,872 1043,872 1043,873 1044,873 1044,875 1045,875 1045,877 1046,877 1046,882 1047,882 1047,893 1075,893 1075,894 1078,894 1078,895 1079,895 1079,896 1081,896 1081,897 1082,897 1082,900 1083,900 1082,900 1082,902 1081,902 1081,903 1077,903 1077,920 1076,920 1076,922 1075,922 1075,923 1073,923 1073,924 1071,924 1071,925 1069,925 1069,924 1068,924 1068,920 976,920 976,919 975,919 975,918 974,918 974,904 966,904 966,902 965,902 965,898 966,898 966,896 967,896 967,895 968,895 968,894 969,894 969,893 1012,893 1012,892 1039,892 1039,872 1040,872 1040,871"/>
	<TextEquiv>
	<Unicode>τοὺς</Unicode></TextEquiv></Word>
	<Word id="r123">
	<Coords points="1131,870 1131,871 1199,871 1199,872 1200,872 1200,893 1252,893 1252,894 1312,894 1312,895 1316,895 1316,896 1318,896 1318,897 1319,897 1319,898 1320,898 1320,899 1321,899 1321,903 1320,903 1320,904 1319,904 1319,905 1317,905 1317,919 1316,919 1316,922 1315,922 1315,924 1314,924 1314,925 1313,925 1313,926 1309,926 1309,927 1209,927 1209,932 1208,932 1208,935 1207,935 1207,936 1205,936 1205,935 1138,935 1138,934 1137,934 1137,933 1136,933 1136,920 1116,920 1116,919 1115,919 1115,918 1114,918 1114,917 1113,917 1113,916 1112,916 1112,915 1111,915 1111,914 1110,914 1110,904 1111,904 1111,902 1112,902 1112,900 1113,900 1113,899 1114,899 1114,898 1116,898 1116,896 1118,896 1118,895 1121,895 1121,894 1122,894 1122,875 1123,875 1123,872 1124,872 1124,871 1126,871 1126,870"/>
	<TextEquiv>
	<Unicode>ὁμόρους</Unicode></TextEquiv></Word>
	<Word id="r124">
	<Coords points="1533,873 1533,874 1534,874 1534,875 1535,875 1535,894 1559,894 1559,895 1647,895 1647,896 1651,896 1651,897 1653,897 1653,898 1654,898 1654,900 1655,900 1655,901 1656,901 1656,913 1667,913 1667,914 1669,914 1669,916 1670,916 1670,918 1671,918 1671,921 1670,921 1670,924 1669,924 1669,926 1668,926 1668,927 1667,927 1667,929 1665,929 1665,930 1662,930 1662,931 1659,931 1659,930 1658,930 1658,928 1545,928 1545,929 1544,929 1544,932 1543,932 1543,938 1542,938 1542,939 1541,939 1541,940 1539,940 1539,939 1538,939 1538,938 1537,938 1537,932 1432,932 1432,936 1431,936 1431,938 1429,938 1429,939 1429,938 1427,938 1427,932 1346,932 1346,931 1345,931 1345,929 1346,929 1346,926 1347,926 1347,923 1348,923 1348,920 1349,920 1349,917 1350,917 1350,914 1351,914 1351,910 1352,910 1352,908 1353,908 1353,903 1354,903 1354,899 1355,899 1355,896 1356,896 1356,894 1357,894 1357,891 1358,891 1358,888 1359,888 1359,885 1360,885 1360,884 1361,884 1361,882 1362,882 1362,880 1364,880 1364,878 1365,878 1365,877 1367,877 1367,876 1369,876 1369,875 1372,875 1372,874 1376,874 1376,875 1379,875 1379,876 1381,876 1381,877 1483,877 1483,876 1528,876 1528,875 1529,875 1529,874 1531,874 1531,873"/>
	<TextEquiv>
	<Unicode>βαρβάρους,</Unicode></TextEquiv></Word>
	<TextEquiv>
	<Unicode>λυπεῖν τὴν ἀρχὴν αὐτοῦ τοὺς ὁμόρους βαρβάρους,</Unicode></TextEquiv></TextLine>
	<TextLine id="r17">
	<Coords points="328,937 328,938 329,938 329,939 548,939 548,938 549,938 549,937 552,937 552,938 553,938 553,960 765,960 765,942 766,942 766,940 894,940 894,938 896,938 896,939 1003,939 1003,940 1004,940 1004,941 1005,941 1005,943 1217,943 1217,942 1219,942 1219,941 1220,941 1220,940 1345,940 1345,939 1348,939 1348,940 1349,940 1349,941 1508,941 1508,942 1509,942 1509,943 1669,943 1669,944 1670,944 1670,945 1671,945 1671,947 1672,947 1672,954 1671,954 1671,955 1670,955 1670,956 1669,956 1669,957 1667,957 1667,958 1658,958 1658,969 1657,969 1657,970 1655,970 1655,971 1646,971 1646,972 1645,972 1645,979 1644,979 1644,989 1643,989 1643,991 1641,991 1641,992 1596,992 1596,991 1223,991 1223,989 793,989 793,990 792,990 792,991 791,991 791,992 786,992 786,988 577,988 577,989 576,989 576,991 575,991 575,996 574,996 574,999 573,999 573,1000 572,1000 572,1001 569,1001 569,1000 479,1000 479,999 477,999 477,998 476,998 476,988 417,988 417,987 256,987 256,986 255,986 255,982 256,982 256,978 257,978 257,975 258,975 258,973 259,973 259,968 260,968 260,966 261,966 261,963 262,963 262,961 264,961 264,960 278,960 278,959 323,959 323,938 324,938 324,937"/>
	<Word id="r125">
	<Coords points="328,937 328,938 329,938 329,939 330,939 330,941 331,941 331,944 332,944 332,948 333,948 333,950 334,950 334,951 335,951 335,954 336,954 336,974 339,974 339,976 340,976 340,977 339,977 339,979 338,979 338,980 337,980 337,982 336,982 336,983 335,983 335,985 334,985 334,986 331,986 331,987 256,987 256,986 255,986 255,982 256,982 256,978 257,978 257,975 258,975 258,973 259,973 259,968 260,968 260,966 261,966 261,963 262,963 262,961 264,961 264,960 278,960 278,959 323,959 323,938 324,938 324,937"/>
	<TextEquiv>
	<Unicode>καὶ</Unicode></TextEquiv></Word>
	<Word id="r126">
	<Coords points="552,937 552,938 553,938 553,960 701,960 701,961 702,961 702,962 703,962 703,969 702,969 702,973 701,973 701,974 700,974 700,975 699,975 699,977 698,977 698,978 697,978 697,979 696,979 696,980 694,980 694,981 693,981 693,982 692,982 692,983 690,983 690,984 689,984 689,985 687,985 687,986 685,986 685,987 595,987 595,988 577,988 577,989 576,989 576,991 575,991 575,996 574,996 574,999 573,999 573,1000 572,1000 572,1001 569,1001 569,1000 479,1000 479,999 477,999 477,998 476,998 476,988 417,988 417,987 386,987 386,986 382,986 382,985 381,985 381,984 380,984 380,982 379,982 379,974 380,974 380,971 381,971 381,970 382,970 382,968 383,968 383,967 384,967 384,966 385,966 385,965 386,965 386,964 388,964 388,963 389,963 389,962 391,962 391,961 394,961 394,940 396,940 396,939 401,939 401,940 547,940 547,939 548,939 548,938 549,938 549,937"/>
	<TextEquiv>
	<Unicode>ἀνεζεύγνυεν</Unicode></TextEquiv></Word>
	<Word id="r127">
	<Coords points="771,940 771,941 773,941 773,943 775,943 775,961 795,961 795,962 796,962 796,963 797,963 797,964 799,964 799,967 800,967 800,969 799,969 799,970 798,970 798,971 796,971 796,986 795,986 795,988 794,988 794,989 793,989 793,990 792,990 792,991 791,991 791,992 786,992 786,988 760,988 760,987 759,987 759,986 757,986 757,985 756,985 756,983 755,983 755,981 754,981 754,979 753,979 753,972 754,972 754,970 755,970 755,968 756,968 756,966 757,966 757,965 758,965 758,964 760,964 760,963 761,963 761,962 762,962 762,961 765,961 765,942 766,942 766,940"/>
	<TextEquiv>
	<Unicode>ἐς</Unicode></TextEquiv></Word>
	<Word id="r128">
	<Coords points="896,938 896,939 898,939 898,940 899,940 899,941 900,941 900,943 901,943 901,947 902,947 902,948 903,948 903,951 904,951 904,952 905,952 905,961 909,961 909,962 910,962 910,977 914,977 914,978 915,978 915,979 914,979 914,981 913,981 913,983 912,983 912,984 911,984 911,985 909,985 909,986 908,986 908,987 863,987 863,988 860,988 860,986 859,986 859,972 852,972 852,971 850,971 850,966 851,966 851,964 852,964 852,963 853,963 853,962 855,962 855,961 893,961 893,940 894,940 894,938"/>
	<TextEquiv>
	<Unicode>τὰ</Unicode></TextEquiv></Word>
	<Word id="r129">
	<Coords points="1003,939 1003,940 1004,940 1004,941 1005,941 1005,944 1081,944 1081,945 1082,945 1082,946 1084,946 1084,947 1085,947 1085,949 1086,949 1086,951 1087,951 1087,961 1135,961 1135,962 1136,962 1136,963 1137,963 1137,968 1136,968 1136,969 1135,969 1135,970 1134,970 1134,971 1120,971 1120,983 1119,983 1119,984 1118,984 1118,985 1117,985 1117,986 1116,986 1116,987 1114,987 1114,988 1111,988 1111,989 970,989 970,988 964,988 964,987 962,987 962,986 960,986 960,984 959,984 959,983 958,983 958,981 957,981 957,975 958,975 958,971 959,971 959,969 960,969 960,968 961,968 961,966 962,966 962,965 963,965 963,964 964,964 964,963 965,963 965,962 966,962 966,961 969,961 969,960 995,960 995,941 996,941 996,940 997,940 997,939"/>
	<TextEquiv>
	<Unicode>οἰκεῖα·</Unicode></TextEquiv></Word>
	<Word id="r130">
	<Coords points="1348,939 1348,940 1349,940 1349,941 1350,941 1350,963 1417,963 1417,964 1418,964 1418,966 1419,966 1419,970 1418,970 1418,972 1417,972 1417,974 1416,974 1416,975 1415,975 1415,978 1414,978 1414,980 1412,980 1412,981 1411,981 1411,983 1410,983 1410,984 1408,984 1408,985 1406,985 1406,986 1405,986 1405,987 1404,987 1404,988 1402,988 1402,989 1399,989 1399,990 1396,990 1396,991 1394,991 1394,990 1224,990 1224,991 1223,991 1223,989 1190,989 1190,988 1189,988 1189,944 1191,944 1191,943 1217,943 1217,942 1219,942 1219,941 1220,941 1220,940 1222,940 1222,941 1223,941 1223,944 1224,944 1224,946 1225,946 1225,962 1338,962 1338,954 1339,954 1339,951 1340,951 1340,949 1341,949 1341,947 1342,947 1342,944 1343,944 1343,942 1344,942 1344,940 1345,940 1345,939"/>
	<TextEquiv>
	<Unicode>Σκιπίων</Unicode></TextEquiv></Word>
	<Word id="r131">
	<Coords points="1508,941 1508,942 1509,942 1509,943 1510,943 1510,944 1511,944 1511,947 1512,947 1512,949 1513,949 1513,952 1514,952 1514,954 1515,954 1515,957 1516,957 1516,964 1518,964 1518,965 1519,965 1519,967 1520,967 1519,967 1519,969 1517,969 1517,989 1516,989 1516,990 1514,990 1514,991 1507,991 1507,990 1478,990 1478,989 1474,989 1474,988 1472,988 1472,987 1470,987 1470,985 1469,985 1469,983 1468,983 1468,981 1467,981 1467,974 1468,974 1468,972 1469,972 1469,970 1470,970 1470,969 1471,969 1471,968 1472,968 1472,967 1473,967 1473,944 1474,944 1474,943 1475,943 1475,942 1476,942 1476,941"/>
	<TextEquiv>
	<Unicode>δὲ</Unicode></TextEquiv></Word>
	<Word id="r132">
	<Coords points="1669,943 1669,944 1670,944 1670,945 1671,945 1671,947 1672,947 1672,954 1671,954 1671,955 1670,955 1670,956 1669,956 1669,957 1668,957 1668,958 1666,958 1666,959 1664,959 1664,960 1662,960 1662,961 1660,961 1660,962 1658,962 1658,963 1657,963 1657,965 1658,965 1658,969 1657,969 1657,970 1655,970 1655,971 1646,971 1646,972 1645,972 1645,979 1644,979 1644,989 1643,989 1643,991 1641,991 1641,992 1596,992 1596,991 1557,991 1557,990 1556,990 1556,986 1557,986 1557,985 1558,985 1558,982 1559,982 1559,980 1560,980 1560,978 1561,978 1561,974 1562,974 1562,971 1563,971 1563,968 1564,968 1564,966 1565,966 1565,965 1567,965 1567,964 1617,964 1617,963 1617,964 1619,964 1619,963 1621,963 1621,962 1623,962 1623,961 1626,961 1626,960 1628,960 1628,959 1630,959 1630,958 1632,958 1632,957 1635,957 1635,956 1636,956 1636,955 1638,955 1638,954 1641,954 1641,953 1643,953 1643,952 1646,952 1646,951 1648,951 1648,950 1650,950 1650,949 1652,949 1652,948 1655,948 1655,947 1657,947 1657,946 1659,946 1659,945 1661,945 1661,944 1663,944 1663,943"/>
	<TextEquiv>
	<Unicode>κατ᾽</Unicode></TextEquiv></Word>
	<TextEquiv>
	<Unicode>καὶ ἀνεζεύγνυεν ἐς τὰ οἰκεῖα· Σκιπίων δὲ κατ᾽</Unicode></TextEquiv></TextLine>
	<TextLine id="r18">
	<Coords points="339,1004 339,1005 340,1005 340,1006 341,1006 341,1028 518,1028 518,1021 519,1021 519,1010 520,1010 520,1009 522,1009 522,1008 533,1008 533,1007 534,1007 534,1006 536,1006 536,1007 537,1007 537,1008 538,1008 538,1028 600,1028 600,1029 790,1029 790,1009 791,1009 791,1008 792,1008 792,1007 793,1007 793,1008 796,1008 796,1009 798,1009 798,1010 799,1010 799,1013 800,1013 800,1028 903,1028 903,1029 1011,1029 1011,1018 1012,1018 1012,1016 1013,1016 1013,1015 1014,1015 1014,1014 1016,1014 1016,1013 1018,1013 1018,1012 1023,1012 1023,1013 1025,1013 1025,1014 1027,1014 1027,1015 1028,1015 1028,1018 1029,1018 1029,1029 1148,1029 1148,1015 1149,1015 1149,1014 1150,1014 1150,1013 1151,1013 1151,1012 1153,1012 1153,1011 1217,1011 1217,1010 1218,1010 1218,1009 1223,1009 1223,1010 1225,1010 1225,1012 1328,1012 1328,1011 1329,1011 1329,1010 1330,1010 1330,1009 1332,1009 1332,1008 1334,1008 1334,1009 1442,1009 1442,1012 1476,1012 1476,1013 1478,1013 1478,1014 1480,1014 1480,1015 1482,1015 1482,1016 1483,1016 1483,1019 1484,1019 1484,1021 1485,1021 1485,1032 1663,1032 1663,1024 1664,1024 1664,1021 1665,1021 1665,1017 1666,1017 1666,1015 1667,1015 1667,1014 1668,1014 1668,1012 1669,1012 1669,1011 1672,1011 1672,1010 1672,1011 1675,1011 1675,1012 1676,1012 1676,1016 1675,1016 1675,1017 1674,1017 1674,1018 1673,1018 1673,1052 1672,1052 1672,1054 1671,1054 1671,1056 1670,1056 1670,1057 1669,1057 1669,1058 1668,1058 1668,1059 1666,1059 1666,1060 1645,1060 1645,1061 1644,1061 1644,1060 1535,1060 1535,1061 1534,1061 1534,1063 1533,1063 1533,1064 1532,1064 1532,1065 1531,1065 1531,1066 1530,1066 1530,1067 1509,1067 1509,1075 1508,1075 1508,1076 1507,1076 1507,1077 1505,1077 1505,1078 1504,1078 1504,1079 1500,1079 1500,1078 1498,1078 1498,1075 1497,1075 1497,1071 1355,1071 1355,1074 1354,1074 1354,1075 1351,1075 1351,1074 1350,1074 1350,1058 1291,1058 1291,1057 1146,1057 1146,1069 1145,1069 1145,1071 1144,1071 1144,1072 1143,1072 1143,1073 1138,1073 1138,1072 1136,1072 1136,1058 1107,1058 1107,1057 997,1057 997,1058 958,1058 958,1061 957,1061 957,1067 956,1067 956,1071 955,1071 955,1072 954,1072 954,1073 866,1073 866,1072 865,1072 865,1057 826,1057 826,1056 702,1056 702,1057 612,1057 612,1058 611,1058 611,1065 610,1065 610,1068 609,1068 609,1069 606,1069 606,1068 605,1068 605,1056 457,1056 457,1057 456,1057 456,1058 455,1058 455,1059 453,1059 453,1060 363,1060 363,1063 362,1063 362,1066 361,1066 361,1068 360,1068 360,1069 356,1069 356,1068 355,1068 355,1055 262,1055 262,1054 260,1054 260,1053 258,1053 258,1052 257,1052 257,1049 256,1049 256,1046 255,1046 255,1040 256,1040 256,1037 257,1037 257,1036 258,1036 258,1035 259,1035 259,1033 260,1033 260,1032 261,1032 261,1031 262,1031 262,1030 264,1030 264,1029 266,1029 266,1007 267,1007 267,1006 336,1006 336,1005 338,1005 338,1004"/>
	<Word id="r133">
	<Coords points="339,1004 339,1005 340,1005 340,1006 341,1006 341,1028 455,1028 455,1029 458,1029 458,1030 460,1030 460,1031 461,1031 461,1032 462,1032 462,1034 463,1034 463,1038 461,1038 461,1039 458,1039 458,1055 457,1055 457,1057 456,1057 456,1058 455,1058 455,1059 453,1059 453,1060 363,1060 363,1063 362,1063 362,1066 361,1066 361,1068 360,1068 360,1069 356,1069 356,1068 355,1068 355,1055 262,1055 262,1054 260,1054 260,1053 258,1053 258,1052 257,1052 257,1049 256,1049 256,1046 255,1046 255,1040 256,1040 256,1037 257,1037 257,1036 258,1036 258,1035 259,1035 259,1033 260,1033 260,1032 261,1032 261,1031 262,1031 262,1030 264,1030 264,1029 266,1029 266,1007 267,1007 267,1006 336,1006 336,1005 338,1005 338,1004"/>
	<TextEquiv>
	<Unicode>ὀλίγους</Unicode></TextEquiv></Word>
	<Word id="r134">
	<Coords points="536,1006 536,1007 537,1007 537,1008 538,1008 538,1028 600,1028 600,1029 738,1029 738,1030 739,1030 739,1037 738,1037 738,1039 737,1039 737,1041 736,1041 736,1043 735,1043 735,1045 734,1045 734,1046 733,1046 733,1047 731,1047 731,1049 730,1049 730,1050 729,1050 729,1051 727,1051 727,1052 725,1052 725,1053 724,1053 724,1054 721,1054 721,1055 718,1055 718,1056 702,1056 702,1057 612,1057 612,1058 611,1058 611,1065 610,1065 610,1068 609,1068 609,1069 606,1069 606,1068 605,1068 605,1056 522,1056 522,1055 519,1055 519,1054 517,1054 517,1053 516,1053 516,1052 515,1052 515,1051 514,1051 514,1049 513,1049 513,1046 512,1046 512,1045 513,1045 513,1039 514,1039 514,1037 515,1037 515,1036 516,1036 516,1034 517,1034 517,1033 518,1033 518,1021 519,1021 519,1010 520,1010 520,1009 522,1009 522,1008 533,1008 533,1007 534,1007 534,1006"/>
	<TextEquiv>
	<Unicode>ἔπεμπεν</Unicode></TextEquiv></Word>
	<Word id="r135">
	<Coords points="793,1007 793,1008 796,1008 796,1009 798,1009 798,1010 799,1010 799,1013 800,1013 800,1028 903,1028 903,1029 1011,1029 1011,1018 1012,1018 1012,1016 1013,1016 1013,1015 1014,1015 1014,1014 1016,1014 1016,1013 1018,1013 1018,1012 1023,1012 1023,1013 1025,1013 1025,1014 1027,1014 1027,1015 1028,1015 1028,1018 1029,1018 1029,1029 1055,1029 1055,1030 1057,1030 1057,1034 1058,1034 1058,1035 1057,1035 1057,1039 1056,1039 1056,1040 1055,1040 1055,1041 1054,1041 1054,1043 1053,1043 1053,1045 1052,1045 1052,1046 1051,1046 1051,1047 1050,1047 1050,1049 1048,1049 1048,1050 1046,1050 1046,1052 1044,1052 1044,1053 1043,1053 1043,1054 1041,1054 1041,1055 1039,1055 1039,1056 1036,1056 1036,1057 997,1057 997,1058 958,1058 958,1061 957,1061 957,1067 956,1067 956,1071 955,1071 955,1072 954,1072 954,1073 866,1073 866,1072 865,1072 865,1057 826,1057 826,1056 787,1056 787,1055 784,1055 784,1054 782,1054 782,1053 781,1053 781,1052 780,1052 780,1051 779,1051 779,1049 778,1049 778,1047 777,1047 777,1041 778,1041 778,1039 779,1039 779,1037 780,1037 780,1035 781,1035 781,1034 782,1034 782,1032 784,1032 784,1031 786,1031 786,1030 788,1030 788,1029 790,1029 790,1009 791,1009 791,1008 792,1008 792,1007"/>
	<TextEquiv>
	<Unicode>ἐπιχειρεῖν</Unicode></TextEquiv></Word>
	<Word id="r136">
	<Coords points="1161,1011 1161,1012 1163,1012 1163,1014 1164,1014 1164,1015 1165,1015 1165,1018 1166,1018 1166,1021 1165,1021 1165,1047 1164,1047 1164,1049 1163,1049 1163,1051 1162,1051 1162,1052 1161,1052 1161,1053 1159,1053 1159,1054 1158,1054 1158,1055 1146,1055 1146,1069 1145,1069 1145,1071 1144,1071 1144,1072 1143,1072 1143,1073 1138,1073 1138,1072 1136,1072 1136,1058 1107,1058 1107,1057 1106,1057 1106,1056 1105,1056 1105,1042 1097,1042 1097,1038 1096,1038 1096,1036 1097,1036 1097,1033 1098,1033 1098,1032 1101,1032 1101,1031 1148,1031 1148,1015 1149,1015 1149,1014 1150,1014 1150,1013 1151,1013 1151,1012 1153,1012 1153,1011"/>
	<TextEquiv>
	<Unicode>τῷ</Unicode></TextEquiv></Word>
	<Word id="r137">
	<Coords points="1332,1008 1334,1008 1334,1009 1442,1009 1442,1012 1476,1012 1476,1013 1478,1013 1478,1014 1480,1014 1480,1015 1482,1015 1482,1016 1483,1016 1483,1019 1484,1019 1484,1021 1485,1021 1485,1032 1516,1032 1516,1033 1517,1033 1517,1034 1518,1034 1518,1048 1520,1048 1520,1049 1521,1049 1521,1051 1533,1051 1533,1052 1535,1052 1535,1061 1534,1061 1534,1063 1533,1063 1533,1064 1532,1064 1532,1065 1531,1065 1531,1066 1530,1066 1530,1067 1509,1067 1509,1075 1508,1075 1508,1076 1507,1076 1507,1077 1505,1077 1505,1078 1504,1078 1504,1079 1500,1079 1500,1078 1498,1078 1498,1075 1497,1075 1497,1071 1355,1071 1355,1074 1354,1074 1354,1075 1351,1075 1351,1074 1350,1074 1350,1058 1291,1058 1291,1057 1236,1057 1236,1056 1233,1056 1233,1026 1219,1026 1219,1025 1218,1025 1218,1024 1217,1024 1217,1013 1216,1013 1216,1012 1217,1012 1217,1010 1218,1010 1218,1009 1223,1009 1223,1010 1225,1010 1225,1012 1328,1012 1328,1011 1329,1011 1329,1010 1330,1010 1330,1009 1332,1009"/>
	<TextEquiv>
	<Unicode>Ἀσδρούβᾳ,</Unicode></TextEquiv></Word>
	<Word id="r139">
	<Coords points="1672,1011 1675,1011 1675,1012 1676,1012 1676,1016 1675,1016 1675,1017 1674,1017 1674,1018 1673,1018 1673,1052 1672,1052 1672,1054 1671,1054 1671,1056 1670,1056 1670,1057 1669,1057 1669,1058 1668,1058 1668,1059 1666,1059 1666,1060 1645,1060 1645,1061 1644,1061 1644,1060 1624,1060 1624,1059 1588,1059 1588,1058 1587,1058 1587,1055 1588,1055 1588,1053 1589,1053 1589,1051 1590,1051 1590,1048 1591,1048 1591,1045 1592,1045 1592,1042 1593,1042 1593,1039 1594,1039 1594,1036 1595,1036 1595,1034 1596,1034 1596,1033 1612,1033 1612,1032 1663,1032 1663,1024 1664,1024 1664,1021 1665,1021 1665,1017 1666,1017 1666,1015 1667,1015 1667,1014 1668,1014 1668,1012 1669,1012 1669,1011 1672,1011 1672,1010"/>
	<TextEquiv>
	<Unicode>καί</Unicode></TextEquiv></Word>
	<TextEquiv>
	<Unicode>ὀλίγους ἔπεμπεν ἐπιχειρεῖν τῷ Ἀσδρούβᾳ, καί</Unicode></TextEquiv></TextLine>
	<TextLine id="r57">
	<Coords points="463,1076 467,1076 467,1077 468,1077 468,1078 469,1078 469,1079 537,1079 537,1080 539,1080 539,1081 541,1081 541,1082 542,1082 542,1083 543,1083 543,1085 544,1085 544,1097 649,1097 649,1076 650,1076 650,1075 652,1075 652,1076 653,1076 653,1077 654,1077 654,1079 747,1079 747,1080 749,1080 749,1081 750,1081 750,1082 751,1082 751,1083 752,1083 752,1084 753,1084 753,1098 872,1098 872,1089 873,1089 873,1084 874,1084 874,1082 875,1082 875,1079 876,1079 876,1076 877,1076 877,1075 881,1075 881,1076 882,1076 882,1083 892,1083 892,1084 896,1084 896,1085 898,1085 898,1086 900,1086 900,1087 901,1087 901,1088 902,1088 902,1090 903,1090 903,1092 904,1092 904,1093 905,1093 905,1095 906,1095 906,1097 1018,1097 1018,1098 1110,1098 1110,1099 1248,1099 1248,1098 1250,1098 1250,1097 1277,1097 1277,1090 1278,1090 1278,1086 1279,1086 1279,1085 1280,1085 1280,1083 1281,1083 1281,1080 1282,1080 1282,1078 1284,1078 1284,1077 1286,1077 1286,1076 1286,1077 1288,1077 1288,1080 1289,1080 1289,1099 1384,1099 1384,1100 1416,1100 1416,1101 1530,1101 1530,1100 1627,1100 1627,1080 1628,1080 1628,1079 1632,1079 1632,1080 1633,1080 1633,1081 1634,1081 1634,1083 1635,1083 1635,1085 1636,1085 1636,1087 1637,1087 1637,1090 1638,1090 1638,1092 1639,1092 1639,1095 1640,1095 1640,1100 1666,1100 1666,1101 1668,1101 1668,1102 1669,1102 1669,1103 1671,1103 1671,1104 1672,1104 1672,1105 1673,1105 1673,1110 1672,1110 1672,1111 1669,1111 1669,1126 1668,1126 1668,1128 1667,1128 1667,1129 1666,1129 1666,1130 1665,1130 1665,1131 1664,1131 1664,1132 1659,1132 1659,1131 1658,1131 1658,1130 1632,1130 1632,1129 1599,1129 1599,1128 1302,1128 1302,1132 1301,1132 1301,1137 1300,1137 1300,1141 1298,1141 1298,1142 1246,1142 1246,1143 1216,1143 1216,1144 1216,1143 1214,1143 1214,1127 1199,1127 1199,1126 1094,1126 1094,1132 1093,1132 1093,1137 1092,1137 1092,1140 1091,1140 1091,1141 1090,1141 1090,1142 1089,1142 1089,1141 1088,1141 1088,1126 1052,1126 1052,1125 533,1125 533,1136 532,1136 532,1138 531,1138 531,1139 529,1139 529,1140 525,1140 525,1141 524,1141 524,1140 523,1140 523,1139 522,1139 522,1138 521,1138 521,1124 378,1124 378,1125 377,1125 377,1126 376,1126 376,1127 372,1127 372,1128 371,1128 371,1127 370,1127 370,1124 267,1124 267,1123 265,1123 265,1122 264,1122 264,1108 258,1108 258,1107 257,1107 257,1106 256,1106 256,1103 255,1103 255,1102 256,1102 256,1099 257,1099 257,1098 258,1098 258,1097 260,1097 260,1096 459,1096 459,1078 460,1078 460,1077 461,1077 461,1076 463,1076 463,1075"/>
	<Word id="r285">
	<Coords points="376,1096 376,1097 379,1097 379,1098 381,1098 381,1099 382,1099 382,1100 383,1100 383,1101 384,1101 384,1103 385,1103 384,1103 384,1106 382,1106 382,1107 379,1107 379,1124 378,1124 378,1125 377,1125 377,1126 376,1126 376,1127 372,1127 372,1128 371,1128 371,1127 370,1127 370,1124 267,1124 267,1123 265,1123 265,1122 264,1122 264,1108 258,1108 258,1107 257,1107 257,1106 256,1106 256,1103 255,1103 255,1102 256,1102 256,1099 257,1099 257,1098 258,1098 258,1097 260,1097 260,1096"/>
	<TextEquiv>
	<Unicode>τινες</Unicode></TextEquiv></Word>
	<Word id="r286">
	<Coords points="463,1076 467,1076 467,1077 468,1077 468,1078 469,1078 469,1079 537,1079 537,1080 539,1080 539,1081 541,1081 541,1082 542,1082 542,1083 543,1083 543,1085 544,1085 544,1098 545,1098 545,1099 547,1099 547,1100 548,1100 548,1102 549,1102 549,1104 550,1104 550,1110 549,1110 549,1114 548,1114 548,1116 547,1116 547,1117 546,1117 546,1119 545,1119 545,1121 543,1121 543,1122 541,1122 541,1123 533,1123 533,1136 532,1136 532,1138 531,1138 531,1139 529,1139 529,1140 525,1140 525,1141 524,1141 524,1140 523,1140 523,1139 522,1139 522,1138 521,1138 521,1124 456,1124 456,1123 416,1123 416,1122 414,1122 414,1121 413,1121 413,1119 412,1119 412,1112 413,1112 413,1109 414,1109 414,1107 415,1107 415,1105 416,1105 416,1104 417,1104 417,1102 418,1102 418,1101 420,1101 420,1100 421,1100 421,1099 422,1099 422,1098 424,1098 424,1097 459,1097 459,1078 460,1078 460,1077 461,1077 461,1076 463,1076 463,1075"/>
	<TextEquiv>
	<Unicode>αὐτῷ</Unicode></TextEquiv></Word>
	<Word id="r287">
	<Coords points="652,1075 652,1076 653,1076 653,1077 654,1077 654,1079 655,1079 655,1081 656,1081 656,1083 657,1083 657,1086 658,1086 658,1087 659,1087 659,1114 664,1114 664,1116 663,1116 663,1118 662,1118 662,1120 660,1120 660,1121 659,1121 659,1122 658,1122 658,1123 657,1123 657,1124 617,1124 617,1125 615,1125 615,1124 614,1124 614,1123 575,1123 575,1120 576,1120 576,1118 577,1118 577,1115 578,1115 578,1113 579,1113 579,1111 580,1111 580,1107 581,1107 581,1104 582,1104 582,1101 583,1101 583,1100 584,1100 584,1099 586,1099 586,1098 635,1098 635,1097 649,1097 649,1076 650,1076 650,1075"/>
	<TextEquiv>
	<Unicode>καὶ</Unicode></TextEquiv></Word>
	<Word id="r288">
	<Coords points="747,1079 747,1080 749,1080 749,1081 750,1081 750,1082 751,1082 751,1083 752,1083 752,1084 753,1084 753,1098 788,1098 788,1099 789,1099 789,1100 790,1100 790,1104 789,1104 789,1108 788,1108 788,1110 787,1110 787,1112 786,1112 786,1113 785,1113 785,1114 784,1114 784,1115 783,1115 783,1116 782,1116 782,1117 781,1117 781,1118 780,1118 780,1119 778,1119 778,1120 777,1120 777,1121 776,1121 776,1122 774,1122 774,1123 772,1123 772,1124 749,1124 749,1125 701,1125 701,1124 700,1124 700,1122 699,1122 699,1108 691,1108 691,1101 692,1101 692,1100 693,1100 693,1099 696,1099 696,1098 734,1098 734,1085 735,1085 735,1083 736,1083 736,1082 737,1082 737,1081 738,1081 738,1080 740,1080 740,1079"/>
	<TextEquiv>
	<Unicode>τῶν</Unicode></TextEquiv></Word>
	<Word id="r289">
	<Coords points="881,1075 881,1076 882,1076 882,1083 892,1083 892,1084 896,1084 896,1085 898,1085 898,1086 900,1086 900,1087 901,1087 901,1088 902,1088 902,1090 903,1090 903,1092 904,1092 904,1093 905,1093 905,1095 906,1095 906,1097 1018,1097 1018,1098 1020,1098 1020,1099 1021,1099 1021,1104 1020,1104 1020,1107 1019,1107 1019,1109 1018,1109 1018,1111 1017,1111 1017,1112 1016,1112 1016,1113 1015,1113 1015,1114 1014,1114 1014,1115 1013,1115 1013,1117 1012,1117 1012,1118 1011,1118 1011,1119 1010,1119 1010,1120 1008,1120 1008,1121 1007,1121 1007,1122 1005,1122 1005,1123 1002,1123 1002,1124 1001,1124 1001,1125 822,1125 822,1109 816,1109 816,1108 815,1108 815,1104 816,1104 816,1102 817,1102 817,1101 818,1101 818,1100 819,1100 819,1099 843,1099 843,1098 872,1098 872,1089 873,1089 873,1084 874,1084 874,1082 875,1082 875,1079 876,1079 876,1076 877,1076 877,1075"/>
	<TextEquiv>
	<Unicode>πόλεων</Unicode></TextEquiv></Word>
	<Word id="r290">
	<Coords points="1286,1077 1288,1077 1288,1080 1289,1080 1289,1099 1384,1099 1384,1100 1416,1100 1416,1102 1417,1102 1417,1118 1428,1118 1428,1119 1430,1119 1430,1120 1431,1120 1431,1122 1432,1122 1432,1125 1431,1125 1431,1126 1430,1126 1430,1127 1396,1127 1396,1128 1302,1128 1302,1132 1301,1132 1301,1137 1300,1137 1300,1141 1298,1141 1298,1142 1246,1142 1246,1143 1216,1143 1216,1144 1216,1143 1214,1143 1214,1127 1199,1127 1199,1126 1094,1126 1094,1132 1093,1132 1093,1137 1092,1137 1092,1140 1091,1140 1091,1141 1090,1141 1090,1142 1089,1142 1089,1141 1088,1141 1088,1126 1052,1126 1052,1125 1051,1125 1051,1111 1047,1111 1047,1110 1046,1110 1046,1109 1045,1109 1045,1104 1046,1104 1046,1103 1047,1103 1047,1101 1048,1101 1048,1100 1049,1100 1049,1099 1103,1099 1103,1098 1110,1098 1110,1099 1248,1099 1248,1098 1250,1098 1250,1097 1277,1097 1277,1090 1278,1090 1278,1086 1279,1086 1279,1085 1280,1085 1280,1083 1281,1083 1281,1080 1282,1080 1282,1078 1284,1078 1284,1077 1286,1077 1286,1076"/>
	<TextEquiv>
	<Unicode>προσεχώρουν.</Unicode></TextEquiv></Word>
	<Word id="r291">
	<Coords points="1632,1079 1632,1080 1633,1080 1633,1081 1634,1081 1634,1083 1635,1083 1635,1085 1636,1085 1636,1087 1637,1087 1637,1090 1638,1090 1638,1092 1639,1092 1639,1095 1640,1095 1640,1100 1666,1100 1666,1101 1668,1101 1668,1102 1669,1102 1669,1103 1671,1103 1671,1104 1672,1104 1672,1105 1673,1105 1673,1110 1672,1110 1672,1111 1669,1111 1669,1126 1668,1126 1668,1128 1667,1128 1667,1129 1666,1129 1666,1130 1665,1130 1665,1131 1664,1131 1664,1132 1659,1132 1659,1131 1658,1131 1658,1130 1632,1130 1632,1129 1599,1129 1599,1128 1495,1128 1495,1127 1494,1127 1494,1103 1495,1103 1495,1102 1496,1102 1496,1101 1530,1101 1530,1100 1627,1100 1627,1080 1628,1080 1628,1079"/>
	<TextEquiv>
	<Unicode>νυκτὸς</Unicode></TextEquiv></Word>
	<TextEquiv>
	<Unicode>τινες αὐτῷ καὶ τῶν πόλεων προσεχώρουν. νυκτὸς</Unicode></TextEquiv></TextLine>
	<TextLine id="r58">
	<Coords points="297,1142 297,1144 298,1144 298,1145 299,1145 299,1147 300,1147 300,1150 435,1150 435,1149 436,1149 436,1148 437,1148 437,1147 439,1147 439,1146 441,1146 441,1145 442,1145 442,1144 470,1144 470,1143 471,1143 471,1144 473,1144 473,1146 576,1146 576,1145 577,1145 577,1144 578,1144 578,1143 580,1143 580,1142 581,1142 581,1143 583,1143 583,1144 584,1144 584,1146 681,1146 681,1147 682,1147 682,1165 716,1165 716,1166 887,1166 887,1160 888,1160 888,1158 889,1158 889,1156 890,1156 890,1154 891,1154 891,1152 892,1152 892,1150 893,1150 893,1148 894,1148 894,1147 895,1147 895,1146 896,1146 896,1145 899,1145 899,1146 900,1146 900,1166 1085,1166 1085,1154 1086,1154 1086,1150 1087,1150 1087,1149 1088,1149 1088,1148 1089,1148 1089,1147 1092,1147 1092,1146 1098,1146 1098,1147 1100,1147 1100,1148 1101,1148 1101,1149 1102,1149 1102,1150 1103,1150 1103,1152 1104,1152 1104,1167 1248,1167 1248,1148 1250,1148 1250,1147 1306,1147 1306,1146 1396,1146 1396,1145 1398,1145 1398,1146 1399,1146 1399,1147 1400,1147 1400,1148 1401,1148 1401,1151 1402,1151 1402,1153 1403,1153 1403,1155 1404,1155 1404,1157 1405,1157 1405,1160 1406,1160 1406,1161 1407,1161 1407,1169 1539,1169 1539,1168 1637,1168 1637,1161 1638,1161 1638,1156 1639,1156 1639,1154 1640,1154 1640,1151 1641,1151 1641,1148 1642,1148 1642,1147 1647,1147 1647,1148 1648,1148 1648,1176 1649,1176 1649,1179 1671,1179 1671,1180 1672,1180 1672,1183 1671,1183 1671,1184 1669,1184 1669,1185 1649,1185 1649,1186 1648,1186 1648,1190 1647,1190 1647,1192 1646,1192 1646,1193 1645,1193 1645,1194 1644,1194 1644,1195 1642,1195 1642,1196 1640,1196 1640,1197 1528,1197 1528,1203 1527,1203 1527,1210 1526,1210 1526,1211 1525,1211 1525,1212 1524,1212 1524,1213 1522,1213 1522,1212 1521,1212 1521,1197 1501,1197 1501,1196 1366,1196 1366,1195 1101,1195 1101,1196 1100,1196 1100,1199 1099,1199 1099,1202 1098,1202 1098,1204 1097,1204 1097,1205 1096,1205 1096,1206 1095,1206 1095,1207 1094,1207 1094,1206 1000,1206 1000,1205 999,1205 999,1194 954,1194 954,1193 842,1193 842,1192 713,1192 713,1193 694,1193 694,1192 691,1192 691,1191 578,1191 578,1192 576,1192 576,1193 568,1193 568,1192 465,1192 465,1193 464,1193 464,1192 295,1192 295,1191 272,1191 272,1185 258,1185 258,1184 256,1184 256,1182 257,1182 257,1172 258,1172 258,1170 259,1170 259,1169 260,1169 260,1168 261,1168 261,1146 262,1146 262,1145 263,1145 263,1144 264,1144 264,1143 265,1143 265,1142"/>
	<Word id="r292">
	<Coords points="297,1142 297,1144 298,1144 298,1145 299,1145 299,1147 300,1147 300,1150 301,1150 301,1152 302,1152 302,1154 303,1154 303,1157 304,1157 304,1165 306,1165 306,1166 307,1166 307,1168 308,1168 308,1169 307,1169 307,1170 306,1170 306,1189 305,1189 305,1190 304,1190 304,1191 300,1191 300,1192 295,1192 295,1191 272,1191 272,1185 258,1185 258,1184 256,1184 256,1182 257,1182 257,1172 258,1172 258,1170 259,1170 259,1169 260,1169 260,1168 261,1168 261,1146 262,1146 262,1145 263,1145 263,1144 264,1144 264,1143 265,1143 265,1142"/>
	<TextEquiv>
	<Unicode>δὲ</Unicode></TextEquiv></Word>
	<Word id="r293">
	<Coords points="471,1143 471,1144 473,1144 473,1146 474,1146 474,1147 475,1147 475,1149 476,1149 476,1152 477,1152 477,1153 478,1153 478,1154 479,1154 479,1164 522,1164 522,1165 524,1165 524,1167 525,1167 525,1170 524,1170 524,1173 523,1173 523,1175 522,1175 522,1177 521,1177 521,1179 519,1179 519,1181 518,1181 518,1182 517,1182 517,1183 516,1183 516,1184 515,1184 515,1185 514,1185 514,1186 513,1186 513,1187 511,1187 511,1188 509,1188 509,1189 508,1189 508,1190 506,1190 506,1191 503,1191 503,1192 465,1192 465,1193 464,1193 464,1192 388,1192 388,1191 348,1191 348,1190 347,1190 347,1155 345,1155 345,1154 344,1154 344,1151 348,1151 348,1150 435,1150 435,1149 436,1149 436,1148 437,1148 437,1147 439,1147 439,1146 441,1146 441,1145 442,1145 442,1144 470,1144 470,1143"/>
	<TextEquiv>
	<Unicode>λαθὼν</Unicode></TextEquiv></Word>
	<Word id="r294">
	<Coords points="581,1142 581,1143 583,1143 583,1144 584,1144 584,1178 585,1178 585,1181 584,1181 584,1184 583,1184 583,1186 582,1186 582,1188 581,1188 581,1189 580,1189 580,1191 578,1191 578,1192 576,1192 576,1193 568,1193 568,1192 567,1192 567,1191 566,1191 566,1190 565,1190 565,1189 563,1189 563,1188 562,1188 562,1186 561,1186 561,1179 562,1179 562,1175 563,1175 563,1173 564,1173 564,1172 565,1172 565,1170 566,1170 566,1169 568,1169 568,1168 569,1168 569,1167 570,1167 570,1166 574,1166 574,1146 576,1146 576,1145 577,1145 577,1144 578,1144 578,1143 580,1143 580,1142"/>
	<TextEquiv>
	<Unicode>ὁ</Unicode></TextEquiv></Word>
	<Word id="r295">
	<Coords points="899,1145 899,1146 900,1146 900,1166 1031,1166 1031,1167 1036,1167 1036,1168 1037,1168 1037,1169 1039,1169 1039,1171 1040,1171 1040,1172 1041,1172 1041,1175 1040,1175 1040,1176 1039,1176 1039,1177 1035,1177 1035,1195 1034,1195 1034,1196 1033,1196 1033,1197 1031,1197 1031,1198 1007,1198 1007,1199 1006,1199 1006,1203 1005,1203 1005,1205 1004,1205 1004,1206 1000,1206 1000,1205 999,1205 999,1194 954,1194 954,1193 842,1193 842,1192 713,1192 713,1193 694,1193 694,1192 691,1192 691,1191 627,1191 627,1190 626,1190 627,1190 627,1147 634,1147 634,1146 681,1146 681,1147 682,1147 682,1165 716,1165 716,1166 887,1166 887,1160 888,1160 888,1158 889,1158 889,1156 890,1156 890,1154 891,1154 891,1152 892,1152 892,1150 893,1150 893,1148 894,1148 894,1147 895,1147 895,1146 896,1146 896,1145"/>
	<TextEquiv>
	<Unicode>Μασσανάσσης</Unicode></TextEquiv></Word>
	<Word id="r296">
	<Coords points="1098,1146 1098,1147 1100,1147 1100,1148 1101,1148 1101,1149 1102,1149 1102,1150 1103,1150 1103,1152 1104,1152 1104,1167 1194,1167 1194,1168 1195,1168 1195,1169 1196,1169 1196,1177 1195,1177 1195,1179 1194,1179 1194,1181 1193,1181 1193,1182 1192,1182 1192,1183 1191,1183 1191,1185 1190,1185 1190,1186 1189,1186 1189,1187 1188,1187 1188,1188 1187,1188 1187,1189 1186,1189 1186,1190 1184,1190 1184,1191 1183,1191 1183,1192 1181,1192 1181,1193 1179,1193 1179,1194 1176,1194 1176,1195 1101,1195 1101,1196 1100,1196 1100,1199 1099,1199 1099,1202 1098,1202 1098,1204 1097,1204 1097,1205 1096,1205 1096,1206 1095,1206 1095,1207 1094,1207 1094,1206 1093,1206 1093,1192 1080,1192 1080,1191 1079,1191 1079,1178 1077,1178 1077,1177 1076,1177 1076,1173 1077,1173 1077,1171 1078,1171 1078,1169 1080,1169 1080,1168 1081,1168 1081,1167 1085,1167 1085,1154 1086,1154 1086,1150 1087,1150 1087,1149 1088,1149 1088,1148 1089,1148 1089,1147 1092,1147 1092,1146"/>
	<TextEquiv>
	<Unicode>ἧκεν</Unicode></TextEquiv></Word>
	<Word id="r297">
	<Coords points="1308,1146 1308,1147 1309,1147 1309,1148 1310,1148 1310,1152 1311,1152 1311,1154 1312,1154 1312,1156 1313,1156 1313,1158 1314,1158 1314,1161 1315,1161 1315,1183 1317,1183 1317,1184 1319,1184 1319,1186 1318,1186 1318,1189 1317,1189 1317,1191 1316,1191 1316,1192 1315,1192 1315,1193 1314,1193 1314,1194 1312,1194 1312,1195 1245,1195 1245,1194 1241,1194 1241,1193 1239,1193 1239,1192 1238,1192 1238,1191 1237,1191 1237,1190 1236,1190 1236,1188 1235,1188 1235,1179 1236,1179 1236,1178 1237,1178 1237,1176 1238,1176 1238,1173 1240,1173 1240,1171 1242,1171 1242,1170 1244,1170 1244,1169 1246,1169 1246,1168 1248,1168 1248,1148 1250,1148 1250,1147 1306,1147 1306,1146"/>
	<TextEquiv>
	<Unicode>ἐπὶ</Unicode></TextEquiv></Word>
	<Word id="r298">
	<Coords points="1398,1145 1398,1146 1399,1146 1399,1147 1400,1147 1400,1148 1401,1148 1401,1151 1402,1151 1402,1153 1403,1153 1403,1155 1404,1155 1404,1157 1405,1157 1405,1160 1406,1160 1406,1161 1407,1161 1407,1170 1408,1170 1408,1171 1410,1171 1410,1172 1411,1172 1411,1174 1412,1174 1412,1176 1413,1176 1413,1184 1412,1184 1412,1187 1411,1187 1411,1189 1410,1189 1410,1191 1409,1191 1409,1192 1408,1192 1408,1193 1407,1193 1407,1194 1406,1194 1406,1195 1404,1195 1404,1196 1366,1196 1366,1195 1365,1195 1365,1178 1357,1178 1357,1176 1356,1176 1356,1173 1357,1173 1357,1171 1358,1171 1358,1170 1359,1170 1359,1169 1362,1169 1362,1168 1394,1168 1394,1147 1395,1147 1395,1146 1396,1146 1396,1145"/>
	<TextEquiv>
	<Unicode>τὸ</Unicode></TextEquiv></Word>
	<Word id="r299">
	<Coords points="1647,1147 1647,1148 1648,1148 1648,1176 1649,1176 1649,1179 1671,1179 1671,1180 1672,1180 1672,1183 1671,1183 1671,1184 1669,1184 1669,1185 1649,1185 1649,1186 1648,1186 1648,1190 1647,1190 1647,1192 1646,1192 1646,1193 1645,1193 1645,1194 1644,1194 1644,1195 1642,1195 1642,1196 1640,1196 1640,1197 1528,1197 1528,1203 1527,1203 1527,1210 1526,1210 1526,1211 1525,1211 1525,1212 1524,1212 1524,1213 1522,1213 1522,1212 1521,1212 1521,1197 1501,1197 1501,1196 1461,1196 1461,1195 1458,1195 1458,1194 1457,1194 1457,1193 1456,1193 1456,1192 1455,1192 1455,1191 1454,1191 1454,1189 1453,1189 1453,1181 1454,1181 1454,1178 1455,1178 1455,1177 1456,1177 1456,1176 1457,1176 1457,1175 1458,1175 1458,1174 1459,1174 1459,1173 1460,1173 1460,1172 1462,1172 1462,1171 1465,1171 1465,1170 1470,1170 1470,1169 1539,1169 1539,1168 1637,1168 1637,1161 1638,1161 1638,1156 1639,1156 1639,1154 1640,1154 1640,1151 1641,1151 1641,1148 1642,1148 1642,1147"/>
	<TextEquiv>
	<Unicode>στρατό-</Unicode></TextEquiv></Word>
	<TextEquiv>
	<Unicode>δὲ λαθὼν ὁ Μασσανάσσης ἧκεν ἐπὶ τὸ στρατό-</Unicode></TextEquiv></TextLine>
	<TextLine id="r59">
	<Coords points="628,1209 628,1212 629,1212 629,1214 630,1214 630,1218 631,1218 631,1220 632,1220 632,1234 744,1234 744,1227 745,1227 745,1224 746,1224 746,1222 747,1222 747,1219 748,1219 748,1216 749,1216 749,1214 750,1214 750,1213 751,1213 751,1212 752,1212 752,1211 755,1211 755,1212 756,1212 756,1234 847,1234 847,1235 875,1235 875,1236 997,1236 997,1235 1000,1235 1000,1234 1022,1234 1022,1214 1023,1214 1023,1213 1024,1213 1024,1212 1025,1212 1025,1213 1101,1213 1101,1214 1104,1214 1104,1215 1106,1215 1106,1216 1161,1216 1161,1221 1172,1221 1172,1222 1174,1222 1174,1236 1296,1236 1296,1232 1297,1232 1297,1229 1298,1229 1298,1226 1299,1226 1299,1225 1300,1225 1300,1223 1301,1223 1301,1222 1302,1222 1302,1218 1303,1218 1303,1217 1304,1217 1304,1216 1305,1216 1305,1215 1306,1215 1306,1214 1308,1214 1308,1215 1309,1215 1309,1236 1368,1236 1368,1237 1450,1237 1450,1238 1453,1238 1453,1239 1561,1239 1561,1238 1566,1238 1566,1219 1567,1219 1567,1218 1568,1218 1568,1217 1626,1217 1626,1216 1629,1216 1629,1217 1630,1217 1630,1219 1631,1219 1631,1221 1632,1221 1632,1222 1633,1222 1633,1225 1634,1225 1634,1227 1635,1227 1635,1229 1636,1229 1636,1238 1671,1238 1671,1239 1672,1239 1672,1240 1673,1240 1673,1247 1672,1247 1672,1249 1671,1249 1671,1250 1670,1250 1670,1252 1669,1252 1669,1253 1668,1253 1668,1255 1667,1255 1667,1256 1666,1256 1666,1257 1665,1257 1665,1258 1664,1258 1664,1259 1662,1259 1662,1260 1661,1260 1661,1261 1659,1261 1659,1262 1657,1262 1657,1263 1656,1263 1656,1264 1653,1264 1653,1265 1631,1265 1631,1266 1450,1266 1450,1267 1449,1267 1449,1268 1448,1268 1448,1269 1443,1269 1443,1268 1442,1268 1442,1265 1319,1265 1319,1271 1318,1271 1318,1274 1317,1274 1317,1277 1316,1277 1316,1278 1315,1278 1315,1279 1315,1278 1313,1278 1313,1277 1312,1277 1312,1263 1165,1263 1165,1269 1164,1269 1164,1272 1163,1272 1163,1274 1162,1274 1162,1275 1161,1275 1161,1276 1159,1276 1159,1277 1150,1277 1150,1276 1149,1276 1149,1274 1148,1274 1148,1264 1147,1264 1147,1263 1100,1263 1100,1262 993,1262 993,1263 898,1263 898,1264 897,1264 897,1266 895,1266 895,1267 893,1267 893,1268 888,1268 888,1267 868,1267 868,1266 867,1266 867,1263 841,1263 841,1262 803,1262 803,1261 679,1261 679,1262 630,1262 630,1265 629,1265 629,1264 628,1264 628,1261 526,1261 526,1260 389,1260 389,1261 311,1261 311,1262 261,1262 261,1243 256,1243 256,1242 254,1242 254,1240 255,1240 255,1237 256,1237 256,1235 258,1235 258,1234 260,1234 260,1233 285,1233 285,1232 330,1232 330,1216 331,1216 331,1214 332,1214 332,1212 334,1212 334,1211 336,1211 336,1212 337,1212 337,1213 342,1213 342,1214 344,1214 344,1215 345,1215 345,1216 346,1216 346,1217 347,1217 347,1218 348,1218 348,1220 349,1220 349,1221 350,1221 350,1233 525,1233 525,1223 526,1223 526,1220 527,1220 527,1219 528,1219 528,1218 529,1218 529,1217 530,1217 530,1216 532,1216 532,1215 624,1215 624,1214 625,1214 625,1211 626,1211 626,1209"/>
	<Word id="r300">
	<Coords points="336,1211 336,1212 337,1212 337,1213 342,1213 342,1214 344,1214 344,1215 345,1215 345,1216 346,1216 346,1217 347,1217 347,1218 348,1218 348,1220 349,1220 349,1221 350,1221 350,1233 409,1233 409,1234 410,1234 410,1242 409,1242 409,1244 408,1244 408,1245 407,1245 407,1247 406,1247 406,1249 405,1249 405,1250 404,1250 404,1252 403,1252 403,1253 402,1253 402,1254 401,1254 401,1255 399,1255 399,1256 397,1256 397,1257 395,1257 395,1258 394,1258 394,1259 391,1259 391,1260 389,1260 389,1261 311,1261 311,1262 261,1262 261,1243 256,1243 256,1242 254,1242 254,1240 255,1240 255,1237 256,1237 256,1235 258,1235 258,1234 260,1234 260,1233 285,1233 285,1232 330,1232 330,1216 331,1216 331,1214 332,1214 332,1212 334,1212 334,1211"/>
	<TextEquiv>
	<Unicode>πεδον</Unicode></TextEquiv></Word>
	<Word id="r301">
	<Coords points="535,1215 535,1216 539,1216 539,1217 541,1217 541,1218 542,1218 542,1219 543,1219 543,1221 544,1221 544,1223 545,1223 545,1234 546,1234 546,1236 547,1236 547,1242 546,1242 546,1247 545,1247 545,1249 544,1249 544,1250 543,1250 543,1252 542,1252 542,1254 541,1254 541,1255 540,1255 540,1256 539,1256 539,1257 538,1257 538,1258 537,1258 537,1259 535,1259 535,1260 533,1260 533,1261 526,1261 526,1260 467,1260 467,1259 466,1259 466,1243 458,1243 458,1241 457,1241 457,1239 458,1239 458,1236 460,1236 460,1235 461,1235 461,1234 504,1234 504,1233 525,1233 525,1223 526,1223 526,1220 527,1220 527,1219 528,1219 528,1218 529,1218 529,1217 530,1217 530,1216 532,1216 532,1215"/>
	<TextEquiv>
	<Unicode>τοῦ</Unicode></TextEquiv></Word>
	<Word id="r302">
	<Coords points="628,1209 628,1212 629,1212 629,1214 630,1214 630,1218 631,1218 631,1220 632,1220 632,1234 744,1234 744,1227 745,1227 745,1224 746,1224 746,1222 747,1222 747,1219 748,1219 748,1216 749,1216 749,1214 750,1214 750,1213 751,1213 751,1212 752,1212 752,1211 755,1211 755,1212 756,1212 756,1234 847,1234 847,1235 875,1235 875,1236 877,1236 877,1237 879,1237 879,1238 881,1238 881,1240 882,1240 882,1241 883,1241 883,1253 897,1253 897,1254 898,1254 898,1255 899,1255 899,1262 898,1262 898,1264 897,1264 897,1266 895,1266 895,1267 893,1267 893,1268 888,1268 888,1267 868,1267 868,1266 867,1266 867,1263 841,1263 841,1262 803,1262 803,1261 679,1261 679,1262 630,1262 630,1265 629,1265 629,1264 628,1264 628,1261 599,1261 599,1260 597,1260 597,1218 596,1218 596,1217 597,1217 597,1216 599,1216 599,1215 624,1215 624,1214 625,1214 625,1211 626,1211 626,1209"/>
	<TextEquiv>
	<Unicode>Σκιπίωνος,</Unicode></TextEquiv></Word>
	<Word id="r303">
	<Coords points="1025,1212 1025,1213 1026,1213 1026,1214 1027,1214 1027,1215 1028,1215 1028,1216 1029,1216 1029,1218 1030,1218 1030,1220 1031,1220 1031,1223 1032,1223 1032,1225 1033,1225 1033,1228 1034,1228 1034,1251 1038,1251 1038,1253 1037,1253 1037,1255 1036,1255 1036,1257 1035,1257 1035,1259 1034,1259 1034,1260 1033,1260 1033,1261 1032,1261 1032,1262 993,1262 993,1263 951,1263 951,1261 950,1261 950,1260 951,1260 951,1258 952,1258 952,1254 953,1254 953,1252 954,1252 954,1250 955,1250 955,1246 956,1246 956,1243 957,1243 957,1239 958,1239 958,1237 959,1237 959,1236 997,1236 997,1235 1000,1235 1000,1234 1022,1234 1022,1214 1023,1214 1023,1213 1024,1213 1024,1212"/>
	<TextEquiv>
	<Unicode>καὶ</Unicode></TextEquiv></Word>
	<Word id="r304">
	<Coords points="1101,1213 1101,1214 1104,1214 1104,1215 1106,1215 1106,1216 1161,1216 1161,1221 1172,1221 1172,1222 1174,1222 1174,1236 1296,1236 1296,1232 1297,1232 1297,1229 1298,1229 1298,1226 1299,1226 1299,1225 1300,1225 1300,1223 1301,1223 1301,1222 1302,1222 1302,1218 1303,1218 1303,1217 1304,1217 1304,1216 1305,1216 1305,1215 1306,1215 1306,1214 1308,1214 1308,1215 1309,1215 1309,1236 1368,1236 1368,1237 1450,1237 1450,1238 1453,1238 1453,1239 1455,1239 1455,1240 1456,1240 1456,1241 1457,1241 1457,1243 1458,1243 1458,1246 1457,1246 1457,1248 1452,1248 1452,1265 1451,1265 1451,1266 1450,1266 1450,1267 1449,1267 1449,1268 1448,1268 1448,1269 1443,1269 1443,1268 1442,1268 1442,1265 1319,1265 1319,1271 1318,1271 1318,1274 1317,1274 1317,1277 1316,1277 1316,1278 1315,1278 1315,1279 1315,1278 1313,1278 1313,1277 1312,1277 1312,1263 1165,1263 1165,1269 1164,1269 1164,1272 1163,1272 1163,1274 1162,1274 1162,1275 1161,1275 1161,1276 1159,1276 1159,1277 1150,1277 1150,1276 1149,1276 1149,1274 1148,1274 1148,1264 1147,1264 1147,1263 1100,1263 1100,1262 1096,1262 1096,1261 1094,1261 1094,1260 1092,1260 1092,1259 1091,1259 1091,1258 1090,1258 1090,1256 1089,1256 1089,1245 1090,1245 1090,1244 1091,1244 1091,1243 1092,1243 1092,1242 1093,1242 1093,1240 1094,1240 1094,1216 1095,1216 1095,1215 1096,1215 1096,1214 1098,1214 1098,1213"/>
	<TextEquiv>
	<Unicode>δεξιωσάμενος</Unicode></TextEquiv></Word>
	<Word id="r305">
	<Coords points="1629,1216 1629,1217 1630,1217 1630,1219 1631,1219 1631,1221 1632,1221 1632,1222 1633,1222 1633,1225 1634,1225 1634,1227 1635,1227 1635,1229 1636,1229 1636,1238 1671,1238 1671,1239 1672,1239 1672,1240 1673,1240 1673,1247 1672,1247 1672,1249 1671,1249 1671,1250 1670,1250 1670,1252 1669,1252 1669,1253 1668,1253 1668,1255 1667,1255 1667,1256 1666,1256 1666,1257 1665,1257 1665,1258 1664,1258 1664,1259 1662,1259 1662,1260 1661,1260 1661,1261 1659,1261 1659,1262 1657,1262 1657,1263 1656,1263 1656,1264 1653,1264 1653,1265 1631,1265 1631,1266 1523,1266 1523,1265 1520,1265 1520,1264 1519,1264 1519,1263 1518,1263 1518,1261 1517,1261 1517,1254 1518,1254 1518,1251 1519,1251 1519,1250 1520,1250 1520,1247 1521,1247 1521,1246 1522,1246 1522,1244 1524,1244 1524,1243 1525,1243 1525,1242 1526,1242 1526,1241 1527,1241 1527,1240 1528,1240 1528,1239 1561,1239 1561,1238 1566,1238 1566,1219 1567,1219 1567,1218 1568,1218 1568,1217 1626,1217 1626,1216"/>
	<TextEquiv>
	<Unicode>αὐτὸν</Unicode></TextEquiv></Word>
	<TextEquiv>
	<Unicode>πεδον τοῦ Σκιπίωνος, καὶ δεξιωσάμενος αὐτὸν</Unicode></TextEquiv></TextLine>
	<TextLine id="r26">
	<Coords points="324,1279 326,1279 326,1280 346,1280 346,1281 348,1281 348,1282 349,1282 349,1283 351,1283 351,1285 353,1285 353,1287 354,1287 354,1288 355,1288 355,1291 356,1291 356,1301 562,1301 562,1289 563,1289 563,1288 564,1288 564,1287 565,1287 565,1286 567,1286 567,1285 645,1285 645,1284 646,1284 646,1282 648,1282 648,1281 651,1281 651,1282 653,1282 653,1283 654,1283 654,1284 655,1284 655,1302 767,1302 767,1294 768,1294 768,1293 769,1293 769,1291 770,1291 770,1289 771,1289 771,1288 772,1288 772,1285 773,1285 773,1284 774,1284 774,1282 776,1282 776,1280 779,1280 779,1281 780,1281 780,1302 905,1302 905,1296 906,1296 906,1285 907,1285 907,1284 908,1284 908,1283 920,1283 920,1282 922,1282 922,1281 923,1281 923,1282 925,1282 925,1284 926,1284 926,1303 1085,1303 1085,1302 1172,1302 1172,1295 1173,1295 1173,1293 1174,1293 1174,1292 1175,1292 1175,1287 1176,1287 1176,1286 1177,1286 1177,1283 1178,1283 1178,1282 1182,1282 1182,1283 1357,1283 1357,1284 1358,1284 1358,1287 1359,1287 1359,1290 1360,1290 1360,1292 1361,1292 1361,1294 1362,1294 1362,1295 1363,1295 1363,1298 1364,1298 1364,1305 1499,1305 1499,1299 1500,1299 1500,1296 1501,1296 1501,1294 1502,1294 1502,1293 1503,1293 1503,1292 1504,1292 1504,1290 1505,1290 1505,1288 1506,1288 1506,1287 1507,1287 1507,1286 1508,1286 1508,1285 1512,1285 1512,1287 1513,1287 1513,1306 1565,1306 1565,1307 1668,1307 1668,1308 1669,1308 1669,1323 1672,1323 1672,1324 1673,1324 1673,1326 1672,1326 1672,1327 1671,1327 1671,1330 1669,1330 1669,1331 1668,1331 1668,1332 1667,1332 1667,1333 1666,1333 1666,1334 1582,1334 1582,1333 1432,1333 1432,1338 1431,1338 1431,1343 1430,1343 1430,1347 1429,1347 1429,1348 1427,1348 1427,1347 1426,1347 1426,1333 1353,1333 1353,1332 1324,1332 1324,1331 1219,1331 1219,1332 1139,1332 1139,1336 1138,1336 1138,1340 1137,1340 1137,1345 1136,1345 1136,1347 1081,1347 1081,1348 1078,1348 1078,1349 1076,1349 1076,1348 1049,1348 1049,1347 1048,1347 1048,1331 942,1331 942,1332 941,1332 941,1333 939,1333 939,1334 936,1334 936,1335 845,1335 845,1337 844,1337 844,1340 843,1340 843,1341 842,1341 842,1342 839,1342 839,1341 838,1341 838,1330 760,1330 760,1329 601,1329 601,1331 599,1331 599,1332 577,1332 577,1334 576,1334 576,1338 575,1338 575,1340 574,1340 574,1341 573,1341 573,1342 570,1342 570,1341 569,1341 569,1330 478,1330 478,1329 368,1329 368,1330 366,1330 366,1329 291,1329 291,1328 261,1328 261,1327 258,1327 258,1325 257,1325 257,1324 256,1324 256,1323 255,1323 255,1322 254,1322 254,1312 255,1312 255,1310 256,1310 256,1308 257,1308 257,1306 258,1306 258,1305 260,1305 260,1304 261,1304 261,1303 264,1303 264,1302 266,1302 266,1281 267,1281 267,1280 324,1280"/>
	<Word id="r140">
	<Coords points="324,1279 326,1279 326,1280 346,1280 346,1281 348,1281 348,1282 349,1282 349,1283 351,1283 351,1285 353,1285 353,1287 354,1287 354,1288 355,1288 355,1291 356,1291 356,1301 489,1301 489,1302 491,1302 491,1303 492,1303 492,1304 493,1304 493,1308 492,1308 492,1309 491,1309 491,1327 490,1327 490,1328 489,1328 489,1329 487,1329 487,1330 478,1330 478,1329 368,1329 368,1330 366,1330 366,1329 291,1329 291,1328 261,1328 261,1327 258,1327 258,1325 257,1325 257,1324 256,1324 256,1323 255,1323 255,1322 254,1322 254,1312 255,1312 255,1310 256,1310 256,1308 257,1308 257,1306 258,1306 258,1305 260,1305 260,1304 261,1304 261,1303 264,1303 264,1302 266,1302 266,1281 267,1281 267,1280 324,1280"/>
	<TextEquiv>
	<Unicode>ἐδίδασκε</Unicode></TextEquiv></Word>
	<Word id="r321">
	<Coords points="572,1285 572,1286 574,1286 574,1287 576,1287 576,1288 578,1288 578,1290 579,1290 579,1292 580,1292 580,1301 601,1301 601,1302 603,1302 603,1303 604,1303 604,1304 605,1304 605,1305 607,1305 607,1307 608,1307 608,1308 609,1308 608,1308 608,1310 603,1310 603,1328 602,1328 602,1329 601,1329 601,1331 599,1331 599,1332 577,1332 577,1334 576,1334 576,1338 575,1338 575,1340 574,1340 574,1341 573,1341 573,1342 570,1342 570,1341 569,1341 569,1329 529,1329 529,1328 528,1328 528,1313 521,1313 521,1312 520,1312 520,1305 521,1305 521,1304 523,1304 523,1303 562,1303 562,1289 563,1289 563,1288 564,1288 564,1287 565,1287 565,1286 567,1286 567,1285"/>
	<TextEquiv>
	<Unicode>τῆς</Unicode></TextEquiv></Word>
	<Word id="r144">
	<Coords points="776,1280 779,1280 779,1281 780,1281 780,1302 845,1302 845,1303 871,1303 871,1304 875,1304 875,1305 877,1305 877,1306 878,1306 878,1307 879,1307 879,1312 878,1312 878,1313 876,1313 876,1314 875,1314 875,1329 874,1329 874,1331 873,1331 873,1332 872,1332 872,1333 871,1333 871,1334 868,1334 868,1335 845,1335 845,1337 844,1337 844,1340 843,1340 843,1341 842,1341 842,1342 839,1342 839,1341 838,1341 838,1330 760,1330 760,1329 645,1329 645,1328 641,1328 641,1327 637,1327 637,1326 636,1326 636,1324 635,1324 635,1323 634,1323 634,1313 635,1313 635,1310 636,1310 636,1308 637,1308 637,1307 638,1307 638,1306 640,1306 640,1305 641,1305 641,1304 643,1304 643,1303 645,1303 645,1284 646,1284 646,1282 648,1282 648,1281 651,1281 651,1282 653,1282 653,1283 654,1283 654,1284 655,1284 655,1302 767,1302 767,1294 768,1294 768,1293 769,1293 769,1291 770,1291 770,1289 771,1289 771,1288 772,1288 772,1285 773,1285 773,1284 774,1284 774,1282 776,1282"/>
	<TextEquiv>
	<Unicode>ἐπιούσης</Unicode></TextEquiv></Word>
	<Word id="r150">
	<Coords points="923,1281 923,1282 925,1282 925,1284 926,1284 926,1303 937,1303 937,1304 942,1304 942,1305 944,1305 944,1306 945,1306 945,1307 946,1307 946,1308 947,1308 947,1313 943,1313 943,1331 942,1331 942,1332 941,1332 941,1333 939,1333 939,1334 936,1334 936,1335 934,1335 934,1334 933,1334 933,1331 910,1331 910,1330 906,1330 906,1329 904,1329 904,1327 902,1327 902,1324 901,1324 901,1322 900,1322 900,1315 901,1315 901,1312 902,1312 902,1311 903,1311 903,1310 904,1310 904,1308 905,1308 905,1296 906,1296 906,1285 907,1285 907,1284 908,1284 908,1283 920,1283 920,1282 922,1282 922,1281"/>
	<TextEquiv>
	<Unicode>ἔς</Unicode></TextEquiv></Word>
	<Word id="r151">
	<Coords points="1017,1303 1019,1303 1019,1304 1020,1304 1020,1319 1023,1319 1023,1320 1024,1320 1024,1323 1023,1323 1023,1324 1022,1324 1022,1326 1021,1326 1021,1327 1020,1327 1020,1328 1019,1328 1019,1329 1018,1329 1018,1330 989,1330 989,1331 985,1331 985,1330 984,1330 984,1315 976,1315 976,1314 975,1314 975,1308 976,1308 976,1306 979,1306 979,1305 981,1305 981,1304 1017,1304"/>
	<TextEquiv>
	<Unicode>τι</Unicode></TextEquiv></Word>
	<Word id="r153">
	<Coords points="1182,1282 1182,1283 1183,1283 1183,1304 1200,1304 1200,1305 1239,1305 1239,1309 1240,1309 1240,1313 1239,1313 1239,1315 1238,1315 1238,1317 1237,1317 1237,1319 1236,1319 1236,1320 1235,1320 1235,1321 1234,1321 1234,1322 1233,1322 1233,1324 1231,1324 1231,1326 1229,1326 1229,1327 1228,1327 1228,1328 1226,1328 1226,1329 1224,1329 1224,1330 1223,1330 1223,1331 1219,1331 1219,1332 1139,1332 1139,1336 1138,1336 1138,1340 1137,1340 1137,1345 1136,1345 1136,1347 1081,1347 1081,1348 1078,1348 1078,1349 1076,1349 1076,1348 1049,1348 1049,1347 1048,1347 1048,1346 1049,1346 1049,1311 1050,1311 1050,1309 1051,1309 1051,1308 1052,1308 1052,1306 1053,1306 1053,1305 1054,1305 1054,1304 1057,1304 1057,1303 1085,1303 1085,1302 1172,1302 1172,1295 1173,1295 1173,1293 1174,1293 1174,1292 1175,1292 1175,1287 1176,1287 1176,1286 1177,1286 1177,1283 1178,1283 1178,1282"/>
	<TextEquiv>
	<Unicode>χωρίον</Unicode></TextEquiv></Word>
	<Word id="r154">
	<Coords points="1283,1283 1357,1283 1357,1284 1358,1284 1358,1287 1359,1287 1359,1290 1360,1290 1360,1292 1361,1292 1361,1294 1362,1294 1362,1295 1363,1295 1363,1298 1364,1298 1364,1308 1366,1308 1366,1309 1367,1309 1367,1310 1368,1310 1368,1312 1369,1312 1369,1314 1370,1314 1370,1319 1369,1319 1369,1323 1368,1323 1368,1326 1367,1326 1367,1328 1366,1328 1366,1329 1365,1329 1365,1330 1364,1330 1364,1331 1362,1331 1362,1332 1358,1332 1358,1333 1353,1333 1353,1332 1324,1332 1324,1331 1269,1331 1269,1330 1267,1330 1267,1329 1266,1329 1266,1327 1265,1327 1265,1320 1266,1320 1266,1318 1267,1318 1267,1315 1268,1315 1268,1314 1269,1314 1269,1312 1270,1312 1270,1311 1271,1311 1271,1310 1272,1310 1272,1309 1273,1309 1273,1308 1274,1308 1274,1307 1277,1307 1277,1306 1281,1306 1281,1284 1283,1284"/>
	<TextEquiv>
	<Unicode>ἀπὸ</Unicode></TextEquiv></Word>
	<Word id="r156">
	<Coords points="1508,1285 1512,1285 1512,1287 1513,1287 1513,1306 1565,1306 1565,1307 1668,1307 1668,1308 1669,1308 1669,1323 1672,1323 1672,1324 1673,1324 1673,1326 1672,1326 1672,1327 1671,1327 1671,1330 1669,1330 1669,1331 1668,1331 1668,1332 1667,1332 1667,1333 1666,1333 1666,1334 1582,1334 1582,1333 1432,1333 1432,1338 1431,1338 1431,1343 1430,1343 1430,1347 1429,1347 1429,1348 1427,1348 1427,1347 1426,1347 1426,1333 1406,1333 1406,1332 1405,1332 1405,1318 1398,1318 1398,1317 1397,1317 1397,1316 1396,1316 1396,1314 1397,1314 1397,1309 1398,1309 1398,1308 1400,1308 1400,1307 1408,1307 1408,1306 1443,1306 1443,1305 1499,1305 1499,1299 1500,1299 1500,1296 1501,1296 1501,1294 1502,1294 1502,1293 1503,1293 1503,1292 1504,1292 1504,1290 1505,1290 1505,1288 1506,1288 1506,1287 1507,1287 1507,1286 1508,1286"/>
	<TextEquiv>
	<Unicode>τριάκοντα</Unicode></TextEquiv></Word>
	<TextEquiv>
	<Unicode>ἐδίδασκε τῆς ι ἐπιούσης ἔς τι χωρίον ἀπὸ τριάκοντα</Unicode></TextEquiv></TextLine>
	<TextLine id="r61">
	<Coords points="413,1348 413,1349 414,1349 414,1350 517,1350 517,1349 521,1349 521,1348 622,1348 622,1371 764,1371 764,1355 765,1355 765,1352 778,1352 778,1351 779,1351 779,1350 780,1350 780,1349 782,1349 782,1350 836,1350 836,1351 839,1351 839,1352 840,1352 840,1353 841,1353 841,1354 842,1354 842,1356 843,1356 843,1371 965,1371 965,1364 966,1364 966,1362 967,1362 967,1360 968,1360 968,1358 969,1358 969,1356 970,1356 970,1355 971,1355 971,1353 972,1353 972,1352 973,1352 973,1351 974,1351 974,1350 976,1350 976,1349 978,1349 978,1350 979,1350 979,1371 1003,1371 1003,1372 1131,1372 1131,1366 1132,1366 1132,1356 1133,1356 1133,1354 1146,1354 1146,1353 1147,1353 1147,1352 1148,1352 1148,1351 1151,1351 1151,1373 1293,1373 1293,1352 1295,1352 1295,1351 1297,1351 1297,1352 1299,1352 1299,1353 1300,1353 1300,1354 1301,1354 1301,1355 1332,1355 1332,1356 1333,1356 1333,1358 1334,1358 1334,1361 1335,1361 1335,1365 1336,1365 1336,1368 1438,1368 1438,1366 1439,1366 1439,1364 1440,1364 1440,1362 1441,1362 1441,1361 1442,1361 1442,1360 1443,1360 1443,1359 1444,1359 1444,1358 1445,1358 1445,1357 1446,1357 1446,1356 1448,1356 1448,1355 1450,1355 1450,1354 1451,1354 1451,1353 1455,1353 1455,1354 1457,1354 1457,1356 1458,1356 1458,1357 1459,1357 1459,1359 1460,1359 1460,1360 1579,1360 1579,1357 1580,1357 1580,1355 1581,1355 1581,1354 1582,1354 1582,1353 1585,1353 1585,1354 1586,1354 1586,1375 1667,1375 1667,1376 1669,1376 1669,1377 1670,1377 1670,1378 1671,1378 1671,1380 1672,1380 1672,1384 1671,1384 1671,1385 1668,1385 1668,1399 1667,1399 1667,1403 1666,1403 1666,1404 1665,1404 1665,1405 1664,1405 1664,1406 1658,1406 1658,1405 1657,1405 1657,1403 1596,1403 1596,1402 1571,1402 1571,1401 1400,1401 1400,1402 1378,1402 1378,1404 1377,1404 1377,1407 1376,1407 1376,1412 1375,1412 1375,1414 1374,1414 1374,1415 1370,1415 1370,1413 1369,1413 1369,1400 1247,1400 1247,1401 1247,1400 1093,1400 1093,1402 1092,1402 1092,1403 1091,1403 1091,1404 1087,1404 1087,1405 1032,1405 1032,1407 1031,1407 1031,1411 1030,1411 1030,1413 1028,1413 1028,1414 984,1414 984,1415 982,1415 982,1414 981,1414 981,1413 980,1413 980,1410 979,1410 979,1399 729,1399 729,1400 728,1400 728,1402 726,1402 726,1404 723,1404 723,1405 682,1405 682,1407 681,1407 681,1409 680,1409 680,1410 678,1410 678,1411 677,1411 677,1410 676,1410 676,1398 572,1398 572,1397 440,1397 440,1398 268,1398 268,1397 262,1397 262,1396 259,1396 259,1395 258,1395 258,1394 256,1394 256,1392 255,1392 255,1389 254,1389 254,1386 255,1386 255,1382 256,1382 256,1380 257,1380 257,1378 258,1378 258,1377 259,1377 259,1376 260,1376 260,1375 261,1375 261,1374 263,1374 263,1373 265,1373 265,1372 268,1372 268,1371 282,1371 282,1370 369,1370 369,1351 370,1351 370,1349 371,1349 371,1348"/>
	<Word id="r306">
	<Coords points="413,1348 413,1349 414,1349 414,1350 415,1350 415,1370 480,1370 480,1371 481,1371 481,1376 482,1376 482,1379 481,1379 481,1381 480,1381 480,1383 479,1383 479,1385 478,1385 478,1386 477,1386 477,1388 476,1388 476,1389 475,1389 475,1390 473,1390 473,1391 472,1391 472,1392 471,1392 471,1393 469,1393 469,1394 468,1394 468,1395 466,1395 466,1396 464,1396 464,1397 440,1397 440,1398 268,1398 268,1397 262,1397 262,1396 259,1396 259,1395 258,1395 258,1394 256,1394 256,1392 255,1392 255,1389 254,1389 254,1386 255,1386 255,1382 256,1382 256,1380 257,1380 257,1378 258,1378 258,1377 259,1377 259,1376 260,1376 260,1375 261,1375 261,1374 263,1374 263,1373 265,1373 265,1372 268,1372 268,1371 282,1371 282,1370 369,1370 369,1351 370,1351 370,1349 371,1349 371,1348"/>
	<TextEquiv>
	<Unicode>σταδίων</Unicode></TextEquiv></Word>
	<Word id="r307">
	<Coords points="622,1348 622,1371 709,1371 709,1372 711,1372 711,1373 713,1373 713,1374 714,1374 714,1376 715,1376 715,1389 727,1389 727,1390 729,1390 729,1392 730,1392 730,1398 729,1398 729,1400 728,1400 728,1402 726,1402 726,1404 723,1404 723,1405 682,1405 682,1407 681,1407 681,1409 680,1409 680,1410 678,1410 678,1411 677,1411 677,1410 676,1410 676,1398 572,1398 572,1397 534,1397 534,1396 533,1396 533,1364 518,1364 518,1354 517,1354 517,1353 516,1353 516,1350 517,1350 517,1349 521,1349 521,1348"/>
	<TextEquiv>
	<Unicode>Ἰτύκης,</Unicode></TextEquiv></Word>
	<Word id="r308">
	<Coords points="782,1349 782,1350 836,1350 836,1351 839,1351 839,1352 840,1352 840,1353 841,1353 841,1354 842,1354 842,1356 843,1356 843,1371 876,1371 876,1372 877,1372 877,1389 880,1389 880,1390 881,1390 881,1392 880,1392 880,1393 879,1393 879,1395 878,1395 878,1396 877,1396 877,1397 876,1397 876,1398 875,1398 875,1399 766,1399 766,1398 764,1398 764,1397 763,1397 763,1396 762,1396 762,1395 761,1395 761,1394 760,1394 760,1392 759,1392 759,1391 758,1391 758,1384 759,1384 759,1381 760,1381 760,1380 761,1380 761,1378 762,1378 762,1377 763,1377 763,1376 764,1376 764,1355 765,1355 765,1352 778,1352 778,1351 779,1351 779,1350 780,1350 780,1349"/>
	<TextEquiv>
	<Unicode>ἔνθα</Unicode></TextEquiv></Word>
	<Word id="r309">
	<Coords points="978,1349 978,1350 979,1350 979,1371 1003,1371 1003,1372 1092,1372 1092,1373 1094,1373 1094,1374 1096,1374 1096,1375 1097,1375 1097,1376 1099,1376 1099,1377 1100,1377 1100,1378 1101,1378 1101,1381 1100,1381 1100,1382 1099,1382 1099,1383 1095,1383 1095,1399 1094,1399 1094,1400 1093,1400 1093,1402 1092,1402 1092,1403 1091,1403 1091,1404 1087,1404 1087,1405 1032,1405 1032,1407 1031,1407 1031,1411 1030,1411 1030,1413 1028,1413 1028,1414 984,1414 984,1415 982,1415 982,1414 981,1414 981,1413 980,1413 980,1410 979,1410 979,1399 914,1399 914,1398 913,1398 913,1384 908,1384 908,1383 907,1383 907,1382 906,1382 906,1380 907,1380 907,1376 908,1376 908,1374 909,1374 909,1373 911,1373 911,1372 939,1372 939,1371 965,1371 965,1364 966,1364 966,1362 967,1362 967,1360 968,1360 968,1358 969,1358 969,1356 970,1356 970,1355 971,1355 971,1353 972,1353 972,1352 973,1352 973,1351 974,1351 974,1350 976,1350 976,1349"/>
	<TextEquiv>
	<Unicode>πύργος</Unicode></TextEquiv></Word>
	<Word id="r310">
	<Coords points="1151,1351 1151,1373 1267,1373 1267,1374 1268,1374 1268,1376 1269,1376 1269,1380 1268,1380 1268,1383 1267,1383 1267,1386 1266,1386 1266,1387 1265,1387 1265,1388 1264,1388 1264,1390 1263,1390 1263,1392 1261,1392 1261,1393 1259,1393 1259,1395 1258,1395 1258,1396 1257,1396 1257,1397 1255,1397 1255,1398 1253,1398 1253,1399 1251,1399 1251,1400 1247,1400 1247,1401 1247,1400 1134,1400 1134,1399 1131,1399 1131,1398 1130,1398 1130,1397 1129,1397 1129,1396 1128,1396 1128,1394 1127,1394 1127,1391 1126,1391 1126,1384 1127,1384 1127,1382 1128,1382 1128,1381 1129,1381 1129,1380 1130,1380 1130,1379 1131,1379 1131,1366 1132,1366 1132,1356 1133,1356 1133,1354 1146,1354 1146,1353 1147,1353 1147,1352 1148,1352 1148,1351"/>
	<TextEquiv>
	<Unicode>ἔστιν</Unicode></TextEquiv></Word>
	<Word id="r311">
	<Coords points="1297,1351 1297,1352 1299,1352 1299,1353 1300,1353 1300,1354 1301,1354 1301,1355 1332,1355 1332,1356 1333,1356 1333,1358 1334,1358 1334,1361 1335,1361 1335,1365 1336,1365 1336,1368 1438,1368 1438,1366 1439,1366 1439,1364 1440,1364 1440,1362 1441,1362 1441,1361 1442,1361 1442,1360 1443,1360 1443,1359 1444,1359 1444,1358 1445,1358 1445,1357 1446,1357 1446,1356 1448,1356 1448,1355 1450,1355 1450,1354 1451,1354 1451,1353 1455,1353 1455,1354 1457,1354 1457,1356 1458,1356 1458,1357 1459,1357 1459,1359 1460,1359 1460,1360 1579,1360 1579,1357 1580,1357 1580,1355 1581,1355 1581,1354 1582,1354 1582,1353 1585,1353 1585,1354 1586,1354 1586,1375 1667,1375 1667,1376 1669,1376 1669,1377 1670,1377 1670,1378 1671,1378 1671,1380 1672,1380 1672,1384 1671,1384 1671,1385 1668,1385 1668,1399 1667,1399 1667,1403 1666,1403 1666,1404 1665,1404 1665,1405 1664,1405 1664,1406 1658,1406 1658,1405 1657,1405 1657,1403 1596,1403 1596,1402 1571,1402 1571,1401 1400,1401 1400,1402 1378,1402 1378,1404 1377,1404 1377,1407 1376,1407 1376,1412 1375,1412 1375,1414 1374,1414 1374,1415 1370,1415 1370,1413 1369,1413 1369,1400 1310,1400 1310,1399 1308,1399 1308,1364 1295,1364 1295,1356 1294,1356 1294,1355 1293,1355 1293,1352 1295,1352 1295,1351"/>
	<TextEquiv>
	<Unicode>Ἀγαθοκλέους</Unicode></TextEquiv></Word>
	<TextEquiv>
	<Unicode>σταδίων Ἰτύκης, ἔνθα πύργος ἔστιν Ἀγαθοκλέους</Unicode></TextEquiv></TextLine>
	<TextLine id="r28">
	<Coords points="643,1414 645,1414 645,1415 646,1415 646,1418 647,1418 647,1421 648,1421 648,1424 649,1424 649,1439 708,1439 708,1440 869,1440 869,1432 870,1432 870,1429 871,1429 871,1428 872,1428 872,1426 873,1426 873,1423 874,1423 874,1422 875,1422 875,1420 879,1420 879,1440 1121,1440 1121,1434 1122,1434 1122,1432 1123,1432 1123,1430 1124,1430 1124,1429 1125,1429 1125,1426 1126,1426 1126,1424 1127,1424 1127,1422 1128,1422 1128,1421 1129,1421 1129,1420 1130,1420 1130,1419 1132,1419 1132,1420 1133,1420 1133,1421 1134,1421 1134,1441 1214,1441 1214,1442 1253,1442 1253,1443 1380,1443 1380,1421 1384,1421 1384,1422 1385,1422 1385,1426 1386,1426 1386,1428 1387,1428 1387,1431 1388,1431 1388,1434 1389,1434 1389,1443 1502,1443 1502,1430 1503,1430 1503,1429 1576,1429 1576,1428 1577,1428 1577,1425 1578,1425 1578,1423 1579,1423 1579,1421 1582,1421 1582,1420 1583,1420 1583,1421 1585,1421 1585,1444 1664,1444 1664,1445 1667,1445 1667,1446 1668,1446 1668,1447 1669,1447 1669,1448 1670,1448 1670,1449 1671,1449 1671,1452 1670,1452 1670,1454 1669,1454 1669,1455 1666,1455 1666,1470 1665,1470 1665,1473 1663,1473 1663,1475 1661,1475 1661,1476 1657,1476 1657,1475 1656,1475 1656,1471 1551,1471 1551,1472 1550,1472 1550,1471 1392,1471 1392,1473 1391,1473 1391,1477 1390,1477 1390,1479 1389,1479 1389,1480 1388,1480 1388,1481 1334,1481 1334,1483 1333,1483 1333,1484 1331,1484 1331,1483 1330,1483 1330,1480 1329,1480 1329,1477 1260,1477 1260,1476 1258,1476 1258,1469 1075,1469 1075,1475 1074,1475 1074,1483 1073,1483 1073,1484 1069,1484 1069,1482 1068,1482 1068,1468 888,1468 888,1467 693,1467 693,1473 692,1473 692,1477 691,1477 691,1482 690,1482 690,1483 688,1483 688,1484 688,1483 686,1483 686,1470 646,1470 646,1469 645,1469 645,1466 474,1466 474,1467 332,1467 332,1470 331,1470 331,1474 330,1474 330,1477 329,1477 329,1479 328,1479 328,1480 326,1480 326,1481 282,1481 282,1482 279,1482 279,1483 279,1482 278,1482 278,1480 277,1480 277,1467 262,1467 262,1466 259,1466 259,1465 258,1465 258,1464 257,1464 257,1463 256,1463 256,1462 255,1462 255,1461 254,1461 254,1457 253,1457 253,1451 254,1451 254,1449 255,1449 255,1448 256,1448 256,1446 257,1446 257,1445 258,1445 258,1444 259,1444 259,1432 260,1432 260,1421 261,1421 261,1420 262,1420 262,1419 274,1419 274,1418 275,1418 275,1417 279,1417 279,1418 280,1418 280,1438 297,1438 297,1439 530,1439 530,1429 531,1429 531,1427 532,1427 532,1424 533,1424 533,1423 534,1423 534,1422 536,1422 536,1421 638,1421 638,1420 642,1420 642,1415 643,1415"/>
	<Word id="r160">
	<Coords points="279,1417 279,1418 280,1418 280,1438 297,1438 297,1439 401,1439 401,1441 402,1441 402,1443 403,1443 403,1445 402,1445 402,1448 401,1448 401,1450 400,1450 400,1452 399,1452 399,1454 398,1454 398,1455 397,1455 397,1457 396,1457 396,1458 395,1458 395,1459 394,1459 394,1460 393,1460 393,1461 391,1461 391,1462 389,1462 389,1463 386,1463 386,1464 385,1464 385,1465 383,1465 383,1466 382,1466 382,1467 332,1467 332,1470 331,1470 331,1474 330,1474 330,1477 329,1477 329,1479 328,1479 328,1480 326,1480 326,1481 282,1481 282,1482 279,1482 279,1483 279,1482 278,1482 278,1480 277,1480 277,1467 262,1467 262,1466 259,1466 259,1465 258,1465 258,1464 257,1464 257,1463 256,1463 256,1462 255,1462 255,1461 254,1461 254,1457 253,1457 253,1451 254,1451 254,1449 255,1449 255,1448 256,1448 256,1446 257,1446 257,1445 258,1445 258,1444 259,1444 259,1432 260,1432 260,1421 261,1421 261,1420 262,1420 262,1419 274,1419 274,1418 275,1418 275,1417"/>
	<TextEquiv>
	<Unicode>ἔργον</Unicode></TextEquiv></Word>
	<Word id="r161">
	<Coords points="543,1421 543,1422 545,1422 545,1423 546,1423 546,1424 547,1424 547,1425 548,1425 548,1428 549,1428 549,1440 551,1440 551,1442 552,1442 552,1447 551,1447 551,1451 550,1451 550,1453 549,1453 549,1455 548,1455 548,1458 547,1458 547,1459 546,1459 546,1461 545,1461 545,1462 544,1462 544,1463 543,1463 543,1464 541,1464 541,1465 539,1465 539,1466 474,1466 474,1467 471,1467 471,1466 470,1466 470,1464 469,1464 469,1450 462,1450 462,1449 461,1449 461,1443 462,1443 462,1442 463,1442 463,1440 466,1440 466,1439 530,1439 530,1429 531,1429 531,1427 532,1427 532,1424 533,1424 533,1423 534,1423 534,1422 536,1422 536,1421"/>
	<TextEquiv>
	<Unicode>τοῦ</Unicode></TextEquiv></Word>
	<Word id="r162">
	<Coords points="645,1414 645,1415 646,1415 646,1418 647,1418 647,1421 648,1421 648,1424 649,1424 649,1439 708,1439 708,1440 869,1440 869,1432 870,1432 870,1429 871,1429 871,1428 872,1428 872,1426 873,1426 873,1423 874,1423 874,1422 875,1422 875,1420 879,1420 879,1440 945,1440 945,1441 946,1441 946,1442 947,1442 947,1449 946,1449 946,1451 945,1451 945,1454 944,1454 944,1455 943,1455 943,1456 942,1456 942,1457 941,1457 941,1459 939,1459 939,1460 938,1460 938,1461 937,1461 937,1463 935,1463 935,1464 933,1464 933,1465 931,1465 931,1466 929,1466 929,1467 927,1467 927,1468 888,1468 888,1467 693,1467 693,1473 692,1473 692,1477 691,1477 691,1482 690,1482 690,1483 688,1483 688,1484 688,1483 686,1483 686,1470 646,1470 646,1469 645,1469 645,1466 613,1466 613,1422 615,1422 615,1421 638,1421 638,1420 642,1420 642,1415 643,1415 643,1414"/>
	<TextEquiv>
	<Unicode>Συρακοσίων</Unicode></TextEquiv></Word>
	<Word id="r163">
	<Coords points="1132,1419 1132,1420 1133,1420 1133,1421 1134,1421 1134,1441 1214,1441 1214,1442 1253,1442 1253,1443 1254,1443 1254,1445 1255,1445 1255,1459 1266,1459 1266,1460 1268,1460 1268,1461 1269,1461 1269,1463 1270,1463 1270,1468 1269,1468 1269,1470 1268,1470 1268,1472 1267,1472 1267,1473 1266,1473 1266,1474 1265,1474 1265,1475 1263,1475 1263,1476 1260,1476 1260,1477 1260,1476 1258,1476 1258,1469 1075,1469 1075,1475 1074,1475 1074,1483 1073,1483 1073,1484 1069,1484 1069,1482 1068,1482 1068,1468 1016,1468 1016,1467 1014,1467 1014,1450 1007,1450 1007,1449 1006,1449 1006,1447 1005,1447 1006,1447 1006,1444 1007,1444 1007,1443 1008,1443 1008,1442 1010,1442 1010,1441 1043,1441 1043,1440 1121,1440 1121,1434 1122,1434 1122,1432 1123,1432 1123,1430 1124,1430 1124,1429 1125,1429 1125,1426 1126,1426 1126,1424 1127,1424 1127,1422 1128,1422 1128,1421 1129,1421 1129,1420 1130,1420 1130,1419"/>
	<TextEquiv>
	<Unicode>τυράννου,</Unicode></TextEquiv></Word>
	<Word id="r164">
	<Coords points="1384,1421 1384,1422 1385,1422 1385,1426 1386,1426 1386,1428 1387,1428 1387,1431 1388,1431 1388,1434 1389,1434 1389,1443 1395,1443 1395,1444 1396,1444 1396,1446 1397,1446 1397,1448 1398,1448 1398,1454 1397,1454 1397,1457 1396,1457 1396,1460 1395,1460 1395,1465 1394,1465 1394,1468 1393,1468 1393,1470 1392,1470 1392,1473 1391,1473 1391,1477 1390,1477 1390,1479 1389,1479 1389,1480 1388,1480 1388,1481 1334,1481 1334,1483 1333,1483 1333,1484 1331,1484 1331,1483 1330,1483 1330,1480 1329,1480 1330,1480 1330,1478 1331,1478 1331,1475 1332,1475 1332,1472 1333,1472 1333,1469 1334,1469 1334,1465 1335,1465 1335,1462 1336,1462 1336,1459 1337,1459 1337,1455 1338,1455 1338,1452 1339,1452 1339,1449 1340,1449 1340,1446 1341,1446 1341,1444 1342,1444 1342,1443 1380,1443 1380,1421"/>
	<TextEquiv>
	<Unicode>μὴ</Unicode></TextEquiv></Word>
	<Word id="r165">
	<Coords points="1583,1420 1583,1421 1585,1421 1585,1444 1664,1444 1664,1445 1667,1445 1667,1446 1668,1446 1668,1447 1669,1447 1669,1448 1670,1448 1670,1449 1671,1449 1671,1452 1670,1452 1670,1454 1669,1454 1669,1455 1666,1455 1666,1470 1665,1470 1665,1473 1663,1473 1663,1475 1661,1475 1661,1476 1657,1476 1657,1475 1656,1475 1656,1471 1551,1471 1551,1472 1550,1472 1550,1471 1467,1471 1467,1456 1462,1456 1462,1455 1461,1455 1461,1453 1460,1453 1460,1448 1461,1448 1461,1447 1462,1447 1462,1445 1464,1445 1464,1444 1467,1444 1467,1443 1502,1443 1502,1430 1503,1430 1503,1429 1576,1429 1576,1428 1577,1428 1577,1425 1578,1425 1578,1423 1579,1423 1579,1421 1582,1421 1582,1420"/>
	<TextEquiv>
	<Unicode>πλείους</Unicode></TextEquiv></Word>
	<TextEquiv>
	<Unicode>ἔργον τοῦ Συρακοσίων τυράννου, μὴ πλείους</Unicode></TextEquiv></TextLine>
	<TextLine id="r29">
	<Coords points="626,1484 626,1485 627,1485 627,1486 628,1486 628,1508 746,1508 746,1488 747,1488 747,1487 826,1487 826,1486 828,1486 828,1487 830,1487 830,1488 831,1488 831,1489 833,1489 833,1490 835,1490 835,1491 919,1491 919,1492 922,1492 922,1493 924,1493 924,1494 925,1494 925,1495 926,1495 926,1497 927,1497 927,1509 1124,1509 1124,1495 1125,1495 1125,1494 1126,1494 1126,1493 1127,1493 1127,1492 1128,1492 1128,1491 1139,1491 1139,1490 1140,1490 1140,1488 1144,1488 1144,1489 1145,1489 1145,1510 1281,1510 1281,1493 1282,1493 1282,1491 1283,1491 1283,1490 1284,1490 1284,1489 1286,1489 1286,1488 1310,1488 1310,1489 1312,1489 1312,1490 1468,1490 1468,1489 1470,1489 1470,1490 1471,1490 1471,1491 1472,1491 1472,1512 1623,1512 1623,1492 1624,1492 1624,1491 1627,1491 1627,1492 1628,1492 1628,1494 1629,1494 1629,1495 1630,1495 1630,1497 1631,1497 1631,1500 1632,1500 1632,1502 1633,1502 1633,1504 1634,1504 1634,1512 1669,1512 1669,1513 1670,1513 1670,1515 1671,1515 1671,1519 1670,1519 1670,1523 1669,1523 1669,1525 1668,1525 1668,1526 1667,1526 1667,1529 1666,1529 1666,1530 1665,1530 1665,1531 1663,1531 1663,1533 1662,1533 1662,1534 1661,1534 1661,1535 1659,1535 1659,1536 1658,1536 1658,1537 1656,1537 1656,1538 1654,1538 1654,1539 1652,1539 1652,1540 1647,1540 1647,1541 1525,1541 1525,1555 1524,1555 1524,1557 1522,1557 1522,1558 1521,1558 1521,1559 1516,1559 1516,1558 1515,1558 1515,1557 1514,1557 1514,1556 1472,1556 1472,1555 1471,1555 1471,1553 1411,1553 1411,1552 1409,1552 1409,1551 1408,1551 1408,1550 1391,1550 1391,1537 1157,1537 1157,1541 1156,1541 1156,1546 1155,1546 1155,1549 1154,1549 1154,1550 1153,1550 1153,1552 1150,1552 1150,1551 1149,1551 1149,1537 1119,1537 1119,1536 1015,1536 1015,1537 850,1537 850,1539 849,1539 849,1543 848,1543 848,1549 847,1549 847,1551 846,1551 846,1552 843,1552 843,1536 760,1536 760,1535 548,1535 548,1548 547,1548 547,1549 546,1549 546,1550 545,1550 545,1551 544,1551 544,1552 543,1552 543,1553 541,1553 541,1554 538,1554 538,1553 536,1553 536,1552 512,1552 512,1551 511,1551 511,1535 259,1535 259,1520 253,1520 253,1518 252,1518 252,1516 253,1516 253,1512 254,1512 254,1510 256,1510 256,1509 259,1509 259,1508 311,1508 311,1507 315,1507 315,1508 429,1508 429,1507 446,1507 446,1508 560,1508 560,1507 571,1507 571,1494 573,1494 573,1493 619,1493 619,1490 620,1490 620,1488 621,1488 621,1486 622,1486 622,1485 623,1485 623,1484"/>
	<Word id="r166">
	<Coords points="626,1484 626,1485 627,1485 627,1486 628,1486 628,1508 696,1508 696,1510 697,1510 697,1516 696,1516 696,1519 695,1519 695,1520 694,1520 694,1522 693,1522 693,1524 692,1524 692,1525 691,1525 691,1526 690,1526 690,1527 689,1527 689,1528 688,1528 688,1529 687,1529 687,1530 685,1530 685,1531 683,1531 683,1532 681,1532 681,1533 679,1533 679,1534 678,1534 678,1535 548,1535 548,1548 547,1548 547,1549 546,1549 546,1550 545,1550 545,1551 544,1551 544,1552 543,1552 543,1553 541,1553 541,1554 538,1554 538,1553 536,1553 536,1552 512,1552 512,1551 511,1551 511,1535 259,1535 259,1520 253,1520 253,1518 252,1518 252,1516 253,1516 253,1512 254,1512 254,1510 256,1510 256,1509 259,1509 259,1508 311,1508 311,1507 315,1507 315,1508 429,1508 429,1507 446,1507 446,1508 560,1508 560,1507 571,1507 571,1494 573,1494 573,1493 619,1493 619,1490 620,1490 620,1488 621,1488 621,1486 622,1486 622,1485 623,1485 623,1484"/>
	<TextEquiv>
	<Unicode>πεντακισχιλίων</Unicode></TextEquiv></Word>
	<Word id="r167">
	<Coords points="828,1486 828,1487 830,1487 830,1488 831,1488 831,1489 833,1489 833,1490 835,1490 835,1491 919,1491 919,1492 922,1492 922,1493 924,1493 924,1494 925,1494 925,1495 926,1495 926,1497 927,1497 927,1509 1023,1509 1023,1511 1024,1511 1024,1526 1039,1526 1039,1528 1041,1528 1041,1534 1040,1534 1040,1535 1039,1535 1039,1536 1015,1536 1015,1537 850,1537 850,1539 849,1539 849,1543 848,1543 848,1549 847,1549 847,1551 846,1551 846,1552 843,1552 843,1536 760,1536 760,1535 744,1535 744,1534 741,1534 741,1533 739,1533 739,1532 738,1532 738,1531 736,1531 736,1529 735,1529 735,1528 734,1528 734,1517 735,1517 735,1516 736,1516 736,1514 737,1514 737,1513 738,1513 738,1512 739,1512 739,1511 741,1511 741,1510 742,1510 742,1509 745,1509 745,1508 746,1508 746,1488 747,1488 747,1487 826,1487 826,1486"/>
	<TextEquiv>
	<Unicode>ἐνεδρεῦσαι.</Unicode></TextEquiv></Word>
	<Word id="r168">
	<Coords points="1144,1488 1144,1489 1145,1489 1145,1510 1218,1510 1218,1511 1219,1511 1219,1526 1223,1526 1223,1528 1222,1528 1222,1531 1221,1531 1221,1533 1219,1533 1219,1535 1218,1535 1218,1536 1216,1536 1216,1537 1157,1537 1157,1541 1156,1541 1156,1546 1155,1546 1155,1549 1154,1549 1154,1550 1153,1550 1153,1552 1150,1552 1150,1551 1149,1551 1149,1537 1119,1537 1119,1536 1117,1536 1117,1535 1116,1535 1116,1533 1115,1533 1115,1530 1114,1530 1114,1526 1115,1526 1115,1523 1116,1523 1116,1520 1117,1520 1117,1518 1118,1518 1118,1516 1120,1516 1120,1514 1122,1514 1122,1513 1123,1513 1123,1512 1124,1512 1124,1495 1125,1495 1125,1494 1126,1494 1126,1493 1127,1493 1127,1492 1128,1492 1128,1491 1139,1491 1139,1490 1140,1490 1140,1488"/>
	<TextEquiv>
	<Unicode>ἅμα</Unicode></TextEquiv></Word>
	<Word id="r169">
	<Coords points="1310,1488 1310,1489 1312,1489 1312,1490 1313,1490 1313,1491 1314,1491 1314,1492 1315,1492 1315,1496 1314,1496 1314,1501 1312,1501 1312,1502 1311,1502 1311,1503 1301,1503 1301,1527 1300,1527 1300,1530 1299,1530 1299,1531 1298,1531 1298,1533 1297,1533 1297,1534 1296,1534 1296,1535 1295,1535 1295,1536 1293,1536 1293,1537 1283,1537 1283,1536 1282,1536 1282,1535 1280,1535 1280,1534 1279,1534 1279,1533 1278,1533 1278,1532 1277,1532 1277,1530 1276,1530 1276,1522 1277,1522 1277,1519 1278,1519 1278,1517 1279,1517 1279,1516 1280,1516 1280,1515 1281,1515 1281,1493 1282,1493 1282,1491 1283,1491 1283,1490 1284,1490 1284,1489 1286,1489 1286,1488"/>
	<TextEquiv>
	<Unicode>δ᾽</Unicode></TextEquiv></Word>
	<Word id="r170">
	<Coords points="1470,1489 1470,1490 1471,1490 1471,1491 1472,1491 1472,1512 1532,1512 1532,1513 1534,1513 1534,1528 1537,1528 1537,1530 1538,1530 1538,1531 1537,1531 1537,1533 1536,1533 1536,1535 1534,1535 1534,1536 1533,1536 1533,1537 1531,1537 1531,1538 1530,1538 1530,1539 1525,1539 1525,1555 1524,1555 1524,1557 1522,1557 1522,1558 1521,1558 1521,1559 1516,1559 1516,1558 1515,1558 1515,1557 1514,1557 1514,1556 1472,1556 1472,1555 1471,1555 1471,1553 1411,1553 1411,1552 1409,1552 1409,1551 1408,1551 1408,1550 1391,1550 1391,1535 1379,1535 1379,1534 1378,1534 1378,1521 1374,1521 1374,1518 1375,1518 1375,1517 1376,1517 1376,1516 1377,1516 1377,1515 1378,1515 1378,1513 1380,1513 1380,1512 1382,1512 1382,1511 1390,1511 1390,1496 1391,1496 1391,1494 1392,1494 1392,1493 1393,1493 1393,1491 1395,1491 1395,1490 1468,1490 1468,1489"/>
	<TextEquiv>
	<Unicode>ἡμέρᾳ</Unicode></TextEquiv></Word>
	<Word id="r171">
	<Coords points="1627,1491 1627,1492 1628,1492 1628,1494 1629,1494 1629,1495 1630,1495 1630,1497 1631,1497 1631,1500 1632,1500 1632,1502 1633,1502 1633,1504 1634,1504 1634,1512 1669,1512 1669,1513 1670,1513 1670,1515 1671,1515 1671,1519 1670,1519 1670,1523 1669,1523 1669,1525 1668,1525 1668,1526 1667,1526 1667,1529 1666,1529 1666,1530 1665,1530 1665,1531 1663,1531 1663,1533 1662,1533 1662,1534 1661,1534 1661,1535 1659,1535 1659,1536 1658,1536 1658,1537 1656,1537 1656,1538 1654,1538 1654,1539 1652,1539 1652,1540 1647,1540 1647,1541 1596,1541 1596,1540 1594,1540 1594,1539 1593,1539 1593,1538 1592,1538 1592,1524 1585,1524 1585,1522 1584,1522 1584,1518 1585,1518 1585,1516 1586,1516 1586,1514 1588,1514 1588,1513 1623,1513 1623,1492 1624,1492 1624,1491"/>
	<TextEquiv>
	<Unicode>τὸν</Unicode></TextEquiv></Word>
	<TextEquiv>
	<Unicode>πεντακισχιλίων ἐνεδρεῦσαι. ἅμα δ᾽ ἡμέρᾳ τὸν</Unicode></TextEquiv></TextLine>
	<TextLine id="r30">
	<Coords points="258,1552 258,1553 261,1553 261,1554 262,1554 262,1555 263,1555 263,1557 366,1557 366,1555 367,1555 367,1554 475,1554 475,1553 478,1553 478,1554 479,1554 479,1556 511,1556 511,1557 514,1557 514,1558 516,1558 516,1560 518,1560 518,1561 519,1561 519,1566 520,1566 520,1576 630,1576 630,1570 631,1570 631,1558 632,1558 632,1557 633,1557 633,1556 647,1556 647,1555 649,1555 649,1556 650,1556 650,1562 752,1562 752,1561 753,1561 753,1559 754,1559 754,1558 757,1558 757,1557 759,1557 759,1556 762,1556 762,1555 762,1556 765,1556 765,1557 766,1557 766,1559 767,1559 767,1563 768,1563 768,1577 871,1577 871,1556 872,1556 872,1555 875,1555 875,1556 876,1556 876,1557 978,1557 978,1556 980,1556 980,1557 981,1557 981,1578 1118,1578 1118,1577 1170,1577 1170,1578 1189,1578 1189,1579 1274,1579 1274,1561 1276,1561 1276,1560 1288,1560 1288,1559 1289,1559 1289,1558 1290,1558 1290,1557 1293,1557 1293,1558 1294,1558 1294,1561 1322,1561 1322,1562 1323,1562 1323,1565 1324,1565 1324,1569 1325,1569 1325,1574 1326,1574 1326,1575 1327,1575 1327,1579 1328,1579 1328,1580 1600,1580 1600,1574 1601,1574 1601,1571 1602,1571 1602,1569 1603,1569 1603,1564 1604,1564 1604,1562 1605,1562 1605,1560 1606,1560 1606,1559 1607,1559 1607,1558 1611,1558 1611,1559 1612,1559 1612,1581 1642,1581 1642,1582 1643,1582 1643,1589 1666,1589 1666,1590 1668,1590 1668,1592 1669,1592 1669,1594 1668,1594 1668,1595 1661,1595 1661,1596 1648,1596 1648,1599 1647,1599 1647,1602 1646,1602 1646,1604 1644,1604 1644,1605 1643,1605 1643,1606 1641,1606 1641,1607 1619,1607 1619,1610 1618,1610 1618,1613 1617,1613 1617,1616 1616,1616 1616,1618 1615,1618 1615,1620 1614,1620 1614,1621 1614,1620 1613,1620 1613,1619 1612,1619 1612,1609 1553,1609 1553,1608 1552,1608 1552,1607 1349,1607 1349,1606 1348,1606 1348,1605 1209,1605 1209,1606 1207,1606 1207,1607 1170,1607 1170,1615 1169,1615 1169,1618 1168,1618 1168,1619 1167,1619 1167,1620 1166,1620 1166,1621 1165,1621 1165,1622 1163,1622 1163,1623 1132,1623 1132,1622 1100,1622 1100,1621 1099,1621 1099,1606 1069,1606 1069,1605 873,1605 873,1604 485,1604 485,1607 484,1607 484,1611 483,1611 483,1612 482,1612 482,1613 480,1613 480,1614 392,1614 392,1617 391,1617 391,1619 388,1619 388,1618 387,1618 387,1603 328,1603 328,1602 270,1602 270,1601 269,1601 269,1570 256,1570 256,1569 254,1569 254,1560 253,1560 253,1558 252,1558 252,1554 253,1554 253,1553 257,1553 257,1552"/>
	<Word id="r172">
	<Coords points="257,1552 258,1552 258,1553 261,1553 261,1554 262,1554 262,1555 263,1555 263,1557 366,1557 366,1555 367,1555 367,1554 475,1554 475,1553 478,1553 478,1554 479,1554 479,1556 511,1556 511,1557 514,1557 514,1558 516,1558 516,1560 518,1560 518,1561 519,1561 519,1566 520,1566 520,1576 586,1576 586,1580 587,1580 587,1584 586,1584 586,1587 585,1587 585,1589 584,1589 584,1591 583,1591 583,1592 582,1592 582,1594 581,1594 581,1595 579,1595 579,1596 578,1596 578,1597 576,1597 576,1598 575,1598 575,1599 573,1599 573,1601 571,1601 571,1602 568,1602 568,1603 564,1603 564,1604 485,1604 485,1607 484,1607 484,1611 483,1611 483,1612 482,1612 482,1613 480,1613 480,1614 392,1614 392,1617 391,1617 391,1619 388,1619 388,1618 387,1618 387,1603 328,1603 328,1602 270,1602 270,1601 269,1601 269,1570 256,1570 256,1569 254,1569 254,1560 253,1560 253,1558 252,1558 252,1554 253,1554 253,1553 257,1553"/>
	<TextEquiv>
	<Unicode>Ἀσδρούβαν</Unicode></TextEquiv></Word>
	<Word id="r174">
	<Coords points="649,1555 649,1556 650,1556 650,1562 752,1562 752,1561 753,1561 753,1559 754,1559 754,1558 757,1558 757,1557 759,1557 759,1556 762,1556 762,1555 762,1556 765,1556 765,1557 766,1557 766,1559 767,1559 767,1563 768,1563 768,1577 793,1577 793,1578 794,1578 794,1579 795,1579 795,1580 796,1580 796,1582 795,1582 795,1583 792,1583 792,1602 790,1602 790,1603 789,1603 789,1604 634,1604 634,1603 631,1603 631,1602 629,1602 629,1601 628,1601 628,1600 627,1600 627,1599 626,1599 626,1597 625,1597 625,1588 626,1588 626,1586 627,1586 627,1584 628,1584 628,1582 629,1582 629,1581 630,1581 630,1570 631,1570 631,1558 632,1558 632,1557 633,1557 633,1556 647,1556 647,1555"/>
	<TextEquiv>
	<Unicode>ἔπειθε</Unicode></TextEquiv></Word>
	<Word id="r175">
	<Coords points="875,1555 875,1556 876,1556 876,1557 877,1557 877,1559 878,1559 878,1562 879,1562 879,1564 880,1564 880,1566 881,1566 881,1568 882,1568 882,1570 883,1570 883,1578 918,1578 918,1579 919,1579 919,1583 918,1583 918,1588 917,1588 917,1591 916,1591 916,1592 915,1592 915,1594 914,1594 914,1595 913,1595 913,1596 911,1596 911,1597 910,1597 910,1598 909,1598 909,1599 908,1599 908,1600 907,1600 907,1601 906,1601 906,1602 903,1602 903,1603 901,1603 901,1604 899,1604 899,1605 873,1605 873,1604 844,1604 844,1603 842,1603 842,1601 841,1601 841,1586 834,1586 834,1585 833,1585 833,1583 834,1583 834,1580 835,1580 835,1579 836,1579 836,1578 871,1578 871,1556 872,1556 872,1555"/>
	<TextEquiv>
	<Unicode>τὸν</Unicode></TextEquiv></Word>
	<Word id="r176">
	<Coords points="980,1556 980,1557 981,1557 981,1578 1118,1578 1118,1577 1170,1577 1170,1578 1189,1578 1189,1579 1226,1579 1226,1586 1228,1586 1228,1589 1227,1589 1227,1591 1226,1591 1226,1593 1225,1593 1225,1594 1224,1594 1224,1596 1223,1596 1223,1597 1222,1597 1222,1598 1221,1598 1221,1599 1219,1599 1219,1601 1217,1601 1217,1602 1216,1602 1216,1603 1214,1603 1214,1604 1211,1604 1211,1605 1209,1605 1209,1606 1207,1606 1207,1607 1170,1607 1170,1615 1169,1615 1169,1618 1168,1618 1168,1619 1167,1619 1167,1620 1166,1620 1166,1621 1165,1621 1165,1622 1163,1622 1163,1623 1132,1623 1132,1622 1100,1622 1100,1621 1099,1621 1099,1606 1069,1606 1069,1605 962,1605 962,1604 960,1604 960,1602 959,1602 959,1601 958,1601 958,1563 959,1563 959,1560 961,1560 961,1558 963,1558 963,1557 978,1557 978,1556"/>
	<TextEquiv>
	<Unicode>ἵππαρχον</Unicode></TextEquiv></Word>
	<Word id="r177">
	<Coords points="1290,1557 1293,1557 1293,1558 1294,1558 1294,1561 1322,1561 1322,1562 1323,1562 1323,1565 1324,1565 1324,1569 1325,1569 1325,1574 1326,1574 1326,1575 1327,1575 1327,1579 1328,1579 1328,1580 1504,1580 1504,1581 1505,1581 1505,1595 1508,1595 1508,1596 1509,1596 1509,1597 1508,1597 1508,1600 1507,1600 1507,1601 1506,1601 1506,1602 1505,1602 1505,1604 1503,1604 1503,1605 1501,1605 1501,1606 1499,1606 1499,1607 1349,1607 1349,1606 1348,1606 1348,1605 1298,1605 1298,1604 1297,1604 1297,1575 1277,1575 1277,1574 1276,1574 1276,1566 1275,1566 1275,1565 1274,1565 1274,1561 1276,1561 1276,1560 1288,1560 1288,1559 1289,1559 1289,1558 1290,1558"/>
	<TextEquiv>
	<Unicode>Ἄννωνα</Unicode></TextEquiv></Word>
	<Word id="r179">
	<Coords points="1611,1558 1611,1559 1612,1559 1612,1581 1642,1581 1642,1582 1643,1582 1643,1589 1666,1589 1666,1590 1668,1590 1668,1592 1669,1592 1669,1594 1668,1594 1668,1595 1661,1595 1661,1596 1648,1596 1648,1599 1647,1599 1647,1602 1646,1602 1646,1604 1644,1604 1644,1605 1643,1605 1643,1606 1641,1606 1641,1607 1619,1607 1619,1610 1618,1610 1618,1613 1617,1613 1617,1616 1616,1616 1616,1618 1615,1618 1615,1620 1614,1620 1614,1621 1614,1620 1613,1620 1613,1619 1612,1619 1612,1609 1553,1609 1553,1608 1552,1608 1552,1607 1551,1607 1551,1594 1547,1594 1547,1593 1546,1593 1546,1592 1545,1592 1545,1586 1546,1586 1546,1584 1547,1584 1547,1582 1552,1582 1552,1581 1600,1581 1600,1574 1601,1574 1601,1571 1602,1571 1602,1569 1603,1569 1603,1564 1604,1564 1604,1562 1605,1562 1605,1560 1606,1560 1606,1559 1607,1559 1607,1558"/>
	<TextEquiv>
	<Unicode>πέμ-</Unicode></TextEquiv></Word>
	<TextEquiv>
	<Unicode>Ἀσδρούβαν ἔπειθε τὸν ἵππαρχον Ἄννωνα πέμ-</Unicode></TextEquiv></TextLine>
	<TextLine id="r31">
	<Coords points="439,1620 439,1621 442,1621 442,1622 443,1622 443,1644 590,1644 590,1632 591,1632 591,1631 592,1631 592,1630 644,1630 644,1628 678,1628 678,1627 680,1627 680,1626 682,1626 682,1625 684,1625 684,1624 687,1624 687,1623 687,1624 690,1624 690,1625 691,1625 691,1626 692,1626 692,1628 693,1628 693,1635 694,1635 694,1646 821,1646 821,1633 822,1633 822,1630 823,1630 823,1629 824,1629 824,1628 827,1628 827,1627 922,1627 922,1626 923,1626 923,1625 928,1625 928,1626 1001,1626 1001,1627 1002,1627 1002,1628 1155,1628 1155,1627 1160,1627 1160,1628 1161,1628 1161,1629 1162,1629 1162,1630 1163,1630 1163,1647 1352,1647 1352,1634 1353,1634 1353,1632 1355,1632 1355,1631 1396,1631 1396,1629 1397,1629 1397,1626 1399,1626 1399,1625 1402,1625 1402,1626 1403,1626 1403,1649 1653,1649 1653,1630 1654,1630 1654,1628 1656,1628 1656,1627 1658,1627 1658,1628 1659,1628 1659,1630 1660,1630 1660,1632 1661,1632 1661,1634 1663,1634 1663,1640 1664,1640 1664,1643 1665,1643 1665,1664 1669,1664 1669,1667 1668,1667 1668,1669 1667,1669 1667,1672 1666,1672 1666,1673 1665,1673 1665,1674 1664,1674 1664,1675 1662,1675 1662,1676 1659,1676 1659,1677 1620,1677 1620,1676 1415,1676 1415,1679 1414,1679 1414,1681 1413,1681 1413,1686 1412,1686 1412,1689 1410,1689 1410,1690 1350,1690 1350,1691 1349,1691 1349,1692 1345,1692 1345,1674 1190,1674 1190,1675 1151,1675 1151,1674 1014,1674 1014,1681 1013,1681 1013,1685 1012,1685 1012,1687 969,1687 969,1689 967,1689 967,1690 966,1690 966,1691 964,1691 964,1692 935,1692 935,1691 934,1691 934,1690 933,1690 933,1673 744,1673 744,1675 743,1675 743,1676 741,1676 741,1677 739,1677 739,1678 654,1678 654,1681 653,1681 653,1684 652,1684 652,1685 650,1685 650,1686 649,1686 649,1685 648,1685 648,1684 647,1684 647,1673 514,1673 514,1672 278,1672 278,1685 277,1685 277,1687 275,1687 275,1688 272,1688 272,1687 271,1687 271,1669 268,1669 268,1668 267,1668 267,1667 266,1667 266,1665 265,1665 265,1664 264,1664 264,1662 263,1662 263,1660 262,1660 262,1656 261,1656 261,1654 253,1654 253,1650 254,1650 254,1648 256,1648 256,1646 258,1646 258,1645 259,1645 259,1644 277,1644 277,1632 278,1632 278,1629 279,1629 279,1628 280,1628 280,1627 284,1627 284,1628 285,1628 285,1630 286,1630 286,1644 431,1644 431,1635 432,1635 432,1632 433,1632 433,1629 434,1629 434,1626 435,1626 435,1623 436,1623 436,1622 437,1622 437,1621 438,1621 438,1620"/>
	<Word id="r180">
	<Coords points="284,1627 284,1628 285,1628 285,1630 286,1630 286,1644 357,1644 357,1647 358,1647 358,1660 361,1660 361,1664 360,1664 360,1665 359,1665 359,1667 358,1667 358,1668 357,1668 357,1669 356,1669 356,1670 354,1670 354,1671 331,1671 331,1672 278,1672 278,1685 277,1685 277,1687 275,1687 275,1688 272,1688 272,1687 271,1687 271,1669 268,1669 268,1668 267,1668 267,1667 266,1667 266,1665 265,1665 265,1664 264,1664 264,1662 263,1662 263,1660 262,1660 262,1656 261,1656 261,1654 253,1654 253,1650 254,1650 254,1648 256,1648 256,1646 258,1646 258,1645 259,1645 259,1644 277,1644 277,1632 278,1632 278,1629 279,1629 279,1628 280,1628 280,1627"/>
	<TextEquiv>
	<Unicode>ψαι</Unicode></TextEquiv></Word>
	<Word id="r181">
	<Coords points="439,1620 439,1621 442,1621 442,1622 443,1622 443,1662 442,1662 442,1665 441,1665 441,1666 440,1666 440,1667 439,1667 439,1668 438,1668 438,1669 437,1669 437,1670 436,1670 436,1671 432,1671 432,1672 399,1672 399,1671 396,1671 396,1670 395,1670 395,1656 388,1656 388,1655 387,1655 387,1654 386,1654 386,1650 387,1650 387,1647 388,1647 388,1646 389,1646 389,1645 391,1645 391,1644 431,1644 431,1635 432,1635 432,1632 433,1632 433,1629 434,1629 434,1626 435,1626 435,1623 436,1623 436,1622 437,1622 437,1621 438,1621 438,1620"/>
	<TextEquiv>
	<Unicode>τό</Unicode></TextEquiv></Word>
	<Word id="r182">
	<Coords points="521,1644 521,1645 523,1645 523,1646 524,1646 524,1647 525,1647 525,1650 524,1650 524,1651 523,1651 523,1669 522,1669 522,1670 521,1670 521,1671 519,1671 519,1672 514,1672 514,1673 514,1672 509,1672 509,1671 480,1671 480,1670 479,1670 479,1653 472,1653 472,1652 471,1652 471,1648 472,1648 472,1646 474,1646 474,1645 476,1645 476,1644"/>
	<TextEquiv>
	<Unicode>τε</Unicode></TextEquiv></Word>
	<Word id="r183">
	<Coords points="687,1624 690,1624 690,1625 691,1625 691,1626 692,1626 692,1628 693,1628 693,1635 694,1635 694,1646 743,1646 743,1647 745,1647 745,1648 747,1648 747,1649 748,1649 748,1650 749,1650 749,1651 750,1651 750,1655 745,1655 745,1673 744,1673 744,1675 743,1675 743,1676 741,1676 741,1677 739,1677 739,1678 654,1678 654,1681 653,1681 653,1684 652,1684 652,1685 650,1685 650,1686 649,1686 649,1685 648,1685 648,1684 647,1684 647,1673 556,1673 556,1672 555,1672 555,1657 550,1657 550,1656 549,1656 549,1649 550,1649 550,1648 552,1648 552,1647 554,1647 554,1646 580,1646 580,1645 590,1645 590,1632 591,1632 591,1631 592,1631 592,1630 644,1630 644,1628 678,1628 678,1627 680,1627 680,1626 682,1626 682,1625 684,1625 684,1624 687,1624 687,1623"/>
	<TextEquiv>
	<Unicode>πλῆθος</Unicode></TextEquiv></Word>
	<Word id="r184">
	<Coords points="831,1627 831,1628 835,1628 835,1629 836,1629 836,1630 837,1630 837,1632 838,1632 838,1633 839,1633 839,1646 875,1646 875,1648 876,1648 876,1655 875,1655 875,1657 874,1657 874,1658 873,1658 873,1660 872,1660 872,1661 871,1661 871,1662 870,1662 870,1663 869,1663 869,1664 868,1664 868,1666 867,1666 867,1667 865,1667 865,1668 864,1668 864,1669 862,1669 862,1670 860,1670 860,1671 858,1671 858,1672 857,1672 857,1673 816,1673 816,1672 786,1672 786,1671 785,1671 785,1670 784,1670 784,1655 778,1655 778,1654 777,1654 777,1653 776,1653 776,1651 777,1651 777,1648 778,1648 778,1647 779,1647 779,1646 821,1646 821,1633 822,1633 822,1630 823,1630 823,1629 824,1629 824,1628 827,1628 827,1627"/>
	<TextEquiv>
	<Unicode>τῶν</Unicode></TextEquiv></Word>
	<Word id="r185">
	<Coords points="928,1625 928,1626 1001,1626 1001,1627 1002,1627 1002,1628 1067,1628 1067,1629 1069,1629 1069,1630 1070,1630 1070,1631 1071,1631 1071,1632 1072,1632 1072,1633 1073,1633 1073,1646 1109,1646 1109,1647 1110,1647 1110,1648 1111,1648 1111,1654 1110,1654 1110,1657 1109,1657 1109,1659 1108,1659 1108,1660 1107,1660 1107,1662 1106,1662 1106,1663 1105,1663 1105,1664 1104,1664 1104,1665 1103,1665 1103,1666 1102,1666 1102,1667 1101,1667 1101,1668 1100,1668 1100,1669 1098,1669 1098,1670 1096,1670 1096,1671 1095,1671 1095,1672 1093,1672 1093,1673 1090,1673 1090,1674 1014,1674 1014,1681 1013,1681 1013,1685 1012,1685 1012,1687 969,1687 969,1689 967,1689 967,1690 966,1690 966,1691 964,1691 964,1692 935,1692 935,1691 934,1691 934,1690 933,1690 933,1672 918,1672 918,1671 914,1671 914,1670 913,1670 913,1669 912,1669 912,1667 911,1667 911,1666 910,1666 910,1663 909,1663 909,1660 910,1660 910,1656 911,1656 911,1653 912,1653 912,1652 913,1652 913,1651 914,1651 914,1650 915,1650 915,1649 916,1649 916,1648 917,1648 917,1647 919,1647 919,1646 922,1646 922,1626 923,1626 923,1625"/>
	<TextEquiv>
	<Unicode>ἐχθρῶν</Unicode></TextEquiv></Word>
	<Word id="r186">
	<Coords points="1402,1625 1402,1626 1403,1626 1403,1649 1555,1649 1555,1650 1556,1650 1556,1651 1557,1651 1557,1656 1556,1656 1556,1659 1555,1659 1555,1661 1554,1661 1554,1663 1553,1663 1553,1665 1552,1665 1552,1666 1551,1666 1551,1667 1550,1667 1550,1668 1549,1668 1549,1669 1548,1669 1548,1670 1547,1670 1547,1671 1545,1671 1545,1672 1544,1672 1544,1673 1541,1673 1541,1674 1540,1674 1540,1675 1538,1675 1538,1676 1415,1676 1415,1679 1414,1679 1414,1681 1413,1681 1413,1686 1412,1686 1412,1689 1410,1689 1410,1690 1350,1690 1350,1691 1349,1691 1349,1692 1345,1692 1345,1674 1190,1674 1190,1675 1151,1675 1151,1674 1148,1674 1148,1673 1146,1673 1146,1672 1145,1672 1145,1671 1144,1671 1144,1670 1143,1670 1143,1669 1142,1669 1142,1666 1141,1666 1141,1660 1142,1660 1142,1657 1143,1657 1143,1656 1144,1656 1144,1654 1145,1654 1145,1653 1146,1653 1146,1652 1147,1652 1147,1651 1148,1651 1148,1650 1149,1650 1149,1649 1151,1649 1151,1648 1154,1648 1154,1629 1155,1629 1155,1627 1160,1627 1160,1628 1161,1628 1161,1629 1162,1629 1162,1630 1163,1630 1163,1647 1352,1647 1352,1634 1353,1634 1353,1632 1355,1632 1355,1631 1396,1631 1396,1629 1397,1629 1397,1626 1399,1626 1399,1625"/>
	<TextEquiv>
	<Unicode>ἐπισκεψόμενον</Unicode></TextEquiv></Word>
	<Word id="r187">
	<Coords points="1658,1627 1658,1628 1659,1628 1659,1630 1660,1630 1660,1632 1661,1632 1661,1634 1663,1634 1663,1640 1664,1640 1664,1643 1665,1643 1665,1664 1669,1664 1669,1667 1668,1667 1668,1669 1667,1669 1667,1672 1666,1672 1666,1673 1665,1673 1665,1674 1664,1674 1664,1675 1662,1675 1662,1676 1659,1676 1659,1677 1620,1677 1620,1676 1581,1676 1581,1675 1580,1675 1580,1672 1581,1672 1581,1670 1582,1670 1582,1668 1583,1668 1583,1666 1584,1666 1584,1665 1585,1665 1585,1661 1586,1661 1586,1658 1587,1658 1587,1654 1588,1654 1588,1651 1590,1651 1590,1650 1605,1650 1605,1649 1653,1649 1653,1630 1654,1630 1654,1628 1656,1628 1656,1627"/>
	<TextEquiv>
	<Unicode>καὶ</Unicode></TextEquiv></Word>
	<TextEquiv>
	<Unicode>ψαι τό τε πλῆθος τῶν ἐχθρῶν ἐπισκεψόμενον καὶ</Unicode></TextEquiv></TextLine>
	<TextLine id="r32">
	<Coords points="366,1688 366,1689 369,1689 369,1690 465,1690 465,1691 466,1691 466,1692 467,1692 467,1712 496,1712 496,1713 624,1713 624,1694 625,1694 625,1692 628,1692 628,1691 691,1691 691,1692 693,1692 693,1693 695,1693 695,1694 697,1694 697,1696 699,1696 699,1697 700,1697 700,1699 701,1699 701,1700 702,1700 702,1702 703,1702 703,1713 724,1713 724,1714 859,1714 859,1705 860,1705 860,1703 861,1703 861,1702 862,1702 862,1700 863,1700 863,1698 864,1698 864,1696 865,1696 865,1694 866,1694 866,1693 868,1693 868,1692 870,1692 870,1693 871,1693 871,1714 1021,1714 1021,1715 1134,1715 1134,1708 1135,1708 1135,1705 1136,1705 1136,1702 1137,1702 1137,1700 1138,1700 1138,1698 1139,1698 1139,1697 1140,1697 1140,1696 1141,1696 1141,1694 1142,1694 1142,1693 1146,1693 1146,1694 1147,1694 1147,1715 1314,1715 1314,1703 1319,1703 1319,1704 1323,1704 1323,1705 1325,1705 1325,1706 1326,1706 1326,1707 1327,1707 1327,1708 1328,1708 1328,1709 1329,1709 1329,1711 1330,1711 1330,1712 1331,1712 1331,1715 1332,1715 1332,1716 1490,1716 1490,1705 1491,1705 1491,1702 1492,1702 1492,1701 1493,1701 1493,1700 1494,1700 1494,1699 1496,1699 1496,1698 1528,1698 1528,1696 1529,1696 1529,1695 1535,1695 1535,1718 1668,1718 1668,1719 1669,1719 1669,1727 1668,1727 1668,1730 1667,1730 1667,1732 1666,1732 1666,1733 1665,1733 1665,1734 1664,1734 1664,1735 1663,1735 1663,1736 1662,1736 1662,1737 1661,1737 1661,1738 1660,1738 1660,1739 1659,1739 1659,1740 1658,1740 1658,1741 1657,1741 1657,1742 1655,1742 1655,1743 1653,1743 1653,1744 1651,1744 1651,1745 1581,1745 1581,1746 1505,1746 1505,1751 1503,1751 1503,1754 1501,1754 1501,1755 1500,1755 1500,1756 1498,1756 1498,1757 1491,1757 1491,1756 1490,1756 1490,1755 1489,1755 1489,1745 1375,1745 1375,1750 1374,1750 1374,1754 1373,1754 1373,1755 1372,1755 1372,1756 1368,1756 1368,1744 1278,1744 1278,1743 1140,1743 1140,1744 1139,1744 1139,1748 1138,1748 1138,1751 1137,1751 1137,1753 1136,1753 1136,1754 1135,1754 1135,1755 1081,1755 1081,1756 1080,1756 1080,1757 1077,1757 1077,1756 1076,1756 1076,1749 1028,1749 1028,1748 1027,1748 1027,1742 881,1742 881,1746 880,1746 880,1749 879,1749 879,1753 878,1753 878,1755 877,1755 877,1756 875,1756 875,1755 874,1755 874,1754 873,1754 873,1753 709,1753 709,1754 708,1754 708,1755 706,1755 706,1752 705,1752 705,1740 543,1740 543,1741 527,1741 527,1747 526,1747 526,1750 525,1750 525,1752 524,1752 524,1753 520,1753 520,1751 519,1751 519,1740 395,1740 395,1741 295,1741 295,1743 293,1743 293,1744 292,1744 292,1745 287,1745 287,1744 286,1744 286,1739 262,1739 262,1738 260,1738 260,1737 258,1737 258,1735 256,1735 256,1733 255,1733 255,1731 254,1731 254,1723 255,1723 255,1721 256,1721 256,1720 257,1720 257,1717 258,1717 258,1716 259,1716 259,1715 261,1715 261,1714 262,1714 262,1713 264,1713 264,1712 267,1712 267,1691 361,1691 361,1690 362,1690 362,1689 363,1689 363,1688"/>
	<Word id="r188">
	<Coords points="271,1691 271,1692 273,1692 273,1693 275,1693 275,1694 276,1694 276,1696 277,1696 277,1713 295,1713 295,1714 297,1714 297,1715 299,1715 299,1716 300,1716 300,1717 301,1717 301,1719 302,1719 302,1722 301,1722 301,1723 297,1723 297,1740 296,1740 296,1741 295,1741 295,1743 293,1743 293,1744 292,1744 292,1745 287,1745 287,1744 286,1744 286,1739 262,1739 262,1738 260,1738 260,1737 258,1737 258,1735 256,1735 256,1733 255,1733 255,1731 254,1731 254,1723 255,1723 255,1721 256,1721 256,1720 257,1720 257,1717 258,1717 258,1716 259,1716 259,1715 261,1715 261,1714 262,1714 262,1713 264,1713 264,1712 267,1712 267,1691"/>
	<TextEquiv>
	<Unicode>ἐς</Unicode></TextEquiv></Word>
	<Word id="r189">
	<Coords points="366,1688 366,1689 369,1689 369,1690 465,1690 465,1691 466,1691 466,1692 467,1692 467,1712 496,1712 496,1713 563,1713 563,1714 564,1714 564,1722 563,1722 563,1725 562,1725 562,1727 561,1727 561,1728 560,1728 560,1729 559,1729 559,1730 558,1730 558,1731 557,1731 557,1732 556,1732 556,1733 555,1733 555,1734 554,1734 554,1735 553,1735 553,1736 552,1736 552,1737 548,1737 548,1739 546,1739 546,1740 543,1740 543,1741 527,1741 527,1747 526,1747 526,1750 525,1750 525,1752 524,1752 524,1753 520,1753 520,1751 519,1751 519,1740 395,1740 395,1741 378,1741 378,1740 377,1740 377,1706 364,1706 364,1705 363,1705 363,1695 362,1695 362,1694 361,1694 361,1693 360,1693 360,1691 361,1691 361,1690 362,1690 362,1689 363,1689 363,1688"/>
	<TextEquiv>
	<Unicode>Ἰτύκην</Unicode></TextEquiv></Word>
	<Word id="r190">
	<Coords points="691,1691 691,1692 693,1692 693,1693 695,1693 695,1694 697,1694 697,1696 699,1696 699,1697 700,1697 700,1699 701,1699 701,1700 702,1700 702,1702 703,1702 703,1713 724,1713 724,1714 859,1714 859,1705 860,1705 860,1703 861,1703 861,1702 862,1702 862,1700 863,1700 863,1698 864,1698 864,1696 865,1696 865,1694 866,1694 866,1693 868,1693 868,1692 870,1692 870,1693 871,1693 871,1714 1021,1714 1021,1715 1022,1715 1022,1716 1023,1716 1023,1732 1034,1732 1034,1733 1035,1733 1035,1734 1036,1734 1036,1735 1037,1735 1037,1743 1036,1743 1036,1745 1035,1745 1035,1746 1034,1746 1034,1747 1033,1747 1033,1748 1031,1748 1031,1749 1028,1749 1028,1748 1027,1748 1027,1742 881,1742 881,1746 880,1746 880,1749 879,1749 879,1753 878,1753 878,1755 877,1755 877,1756 875,1756 875,1755 874,1755 874,1754 873,1754 873,1753 709,1753 709,1754 708,1754 708,1755 706,1755 706,1752 705,1752 705,1740 621,1740 621,1739 618,1739 618,1738 616,1738 616,1736 615,1736 615,1735 614,1735 614,1734 613,1734 613,1732 612,1732 612,1728 611,1728 612,1728 612,1723 613,1723 613,1721 614,1721 614,1719 615,1719 615,1718 616,1718 616,1717 617,1717 617,1716 618,1716 618,1715 620,1715 620,1714 622,1714 622,1713 624,1713 624,1694 625,1694 625,1692 628,1692 628,1691"/>
	<TextEquiv>
	<Unicode>ἐσδραμούμενον,</Unicode></TextEquiv></Word>
	<Word id="r191">
	<Coords points="1146,1693 1146,1694 1147,1694 1147,1697 1146,1697 1146,1699 1145,1699 1145,1728 1144,1728 1144,1730 1143,1730 1143,1734 1142,1734 1142,1738 1141,1738 1141,1740 1140,1740 1140,1744 1139,1744 1139,1748 1138,1748 1138,1751 1137,1751 1137,1753 1136,1753 1136,1754 1135,1754 1135,1755 1081,1755 1081,1756 1080,1756 1080,1757 1077,1757 1077,1756 1076,1756 1076,1752 1077,1752 1077,1748 1078,1748 1078,1746 1079,1746 1079,1742 1080,1742 1080,1739 1081,1739 1081,1736 1082,1736 1082,1733 1083,1733 1083,1729 1084,1729 1084,1726 1085,1726 1085,1722 1086,1722 1086,1719 1087,1719 1087,1717 1088,1717 1088,1716 1090,1716 1090,1715 1134,1715 1134,1708 1135,1708 1135,1705 1136,1705 1136,1702 1137,1702 1137,1700 1138,1700 1138,1698 1139,1698 1139,1697 1140,1697 1140,1696 1141,1696 1141,1694 1142,1694 1142,1693"/>
	<TextEquiv>
	<Unicode>μή</Unicode></TextEquiv></Word>
	<Word id="r192">
	<Coords points="1230,1715 1230,1731 1232,1731 1232,1732 1234,1732 1234,1734 1233,1734 1233,1736 1232,1736 1232,1737 1231,1737 1231,1739 1229,1739 1229,1741 1227,1741 1227,1742 1198,1742 1198,1743 1194,1743 1194,1742 1193,1742 1193,1727 1186,1727 1186,1726 1185,1726 1185,1722 1184,1722 1185,1722 1185,1720 1186,1720 1186,1718 1187,1718 1187,1717 1190,1717 1190,1716 1225,1716 1225,1715"/>
	<TextEquiv>
	<Unicode>τι</Unicode></TextEquiv></Word>
	<Word id="r193">
	<Coords points="1535,1695 1535,1718 1668,1718 1668,1719 1669,1719 1669,1727 1668,1727 1668,1730 1667,1730 1667,1732 1666,1732 1666,1733 1665,1733 1665,1734 1664,1734 1664,1735 1663,1735 1663,1736 1662,1736 1662,1737 1661,1737 1661,1738 1660,1738 1660,1739 1659,1739 1659,1740 1658,1740 1658,1741 1657,1741 1657,1742 1655,1742 1655,1743 1653,1743 1653,1744 1651,1744 1651,1745 1581,1745 1581,1746 1505,1746 1505,1751 1503,1751 1503,1754 1501,1754 1501,1755 1500,1755 1500,1756 1498,1756 1498,1757 1491,1757 1491,1756 1490,1756 1490,1755 1489,1755 1489,1745 1375,1745 1375,1750 1374,1750 1374,1754 1373,1754 1373,1755 1372,1755 1372,1756 1368,1756 1368,1744 1278,1744 1278,1743 1277,1743 1277,1729 1272,1729 1272,1728 1271,1728 1271,1725 1270,1725 1270,1723 1271,1723 1271,1721 1272,1721 1272,1719 1273,1719 1273,1718 1274,1718 1274,1717 1314,1717 1314,1703 1319,1703 1319,1704 1323,1704 1323,1705 1325,1705 1325,1706 1326,1706 1326,1707 1327,1707 1327,1708 1328,1708 1328,1709 1329,1709 1329,1711 1330,1711 1330,1712 1331,1712 1331,1715 1332,1715 1332,1716 1490,1716 1490,1705 1491,1705 1491,1702 1492,1702 1492,1701 1493,1701 1493,1700 1494,1700 1494,1699 1496,1699 1496,1698 1528,1698 1528,1696 1529,1696 1529,1695"/>
	<TextEquiv>
	<Unicode>πλησιαζόντων</Unicode></TextEquiv></Word>
	<TextEquiv>
	<Unicode>ἐς Ἰτύκην ἐσδραμούμενον, μή τι πλησιαζόντων</Unicode></TextEquiv></TextLine>
	<TextLine id="r63">
	<Coords points="446,1758 446,1759 447,1759 447,1781 746,1781 746,1773 747,1773 747,1770 748,1770 748,1767 749,1767 749,1765 750,1765 750,1763 751,1763 751,1761 752,1761 752,1760 753,1760 753,1759 756,1759 756,1760 757,1760 757,1762 758,1762 758,1782 922,1782 922,1783 1036,1783 1036,1762 1037,1762 1037,1761 1039,1761 1039,1762 1196,1762 1196,1761 1199,1761 1199,1762 1200,1762 1200,1763 1296,1763 1296,1764 1298,1764 1298,1765 1299,1765 1299,1784 1506,1784 1506,1775 1507,1775 1507,1773 1508,1773 1508,1771 1509,1771 1509,1770 1510,1770 1510,1769 1512,1769 1512,1768 1520,1768 1520,1769 1522,1769 1522,1770 1523,1770 1523,1771 1524,1771 1524,1773 1525,1773 1525,1786 1660,1786 1660,1767 1661,1767 1661,1765 1667,1765 1667,1766 1668,1766 1668,1767 1669,1767 1669,1769 1670,1769 1670,1776 1669,1776 1669,1806 1668,1806 1668,1807 1667,1807 1667,1809 1666,1809 1666,1810 1665,1810 1665,1811 1664,1811 1664,1812 1662,1812 1662,1813 1660,1813 1660,1814 1598,1814 1598,1815 1597,1815 1597,1817 1596,1817 1596,1818 1595,1818 1595,1819 1594,1819 1594,1820 1591,1820 1591,1821 1590,1821 1590,1820 1589,1820 1589,1814 1448,1814 1448,1823 1447,1823 1447,1824 1446,1824 1446,1826 1445,1826 1445,1827 1444,1827 1444,1828 1443,1828 1443,1829 1413,1829 1413,1830 1410,1830 1410,1812 1357,1812 1357,1811 1234,1811 1234,1812 1233,1812 1233,1813 1232,1813 1232,1814 1231,1814 1231,1815 1229,1815 1229,1816 1225,1816 1225,1812 1198,1812 1198,1811 1003,1811 1003,1810 714,1810 714,1811 713,1811 713,1816 712,1816 712,1821 711,1821 711,1823 710,1823 710,1825 709,1825 709,1826 707,1826 707,1824 706,1824 706,1809 593,1809 593,1810 554,1810 554,1809 395,1809 395,1811 394,1811 394,1815 393,1815 393,1819 392,1819 392,1820 391,1820 391,1821 389,1821 389,1820 388,1820 388,1808 279,1808 279,1809 263,1809 263,1810 260,1810 260,1809 259,1809 259,1808 258,1808 258,1795 254,1795 254,1794 253,1794 253,1791 252,1791 252,1788 253,1788 253,1784 254,1784 254,1783 255,1783 255,1782 258,1782 258,1781 324,1781 324,1768 325,1768 325,1767 328,1767 328,1766 330,1766 330,1767 333,1767 333,1768 437,1768 437,1766 438,1766 438,1764 439,1764 439,1761 440,1761 440,1759 441,1759 441,1758"/>
	<Word id="r312">
	<Coords points="446,1758 446,1759 447,1759 447,1781 514,1781 514,1782 515,1782 515,1784 516,1784 516,1788 515,1788 515,1791 514,1791 514,1794 513,1794 513,1796 511,1796 511,1798 510,1798 510,1799 509,1799 509,1801 508,1801 508,1802 506,1802 506,1803 505,1803 505,1804 504,1804 504,1805 503,1805 503,1806 501,1806 501,1807 498,1807 498,1808 495,1808 495,1809 395,1809 395,1811 394,1811 394,1815 393,1815 393,1819 392,1819 392,1820 391,1820 391,1821 389,1821 389,1820 388,1820 388,1808 279,1808 279,1809 263,1809 263,1810 260,1810 260,1809 259,1809 259,1808 258,1808 258,1795 254,1795 254,1794 253,1794 253,1791 252,1791 252,1788 253,1788 253,1784 254,1784 254,1783 255,1783 255,1782 258,1782 258,1781 324,1781 324,1768 325,1768 325,1767 328,1767 328,1766 330,1766 330,1767 333,1767 333,1768 437,1768 437,1766 438,1766 438,1764 439,1764 439,1761 440,1761 440,1759 441,1759 441,1758"/>
	<TextEquiv>
	<Unicode>πολεμίων</Unicode></TextEquiv></Word>
	<Word id="r313">
	<Coords points="753,1759 756,1759 756,1760 757,1760 757,1762 758,1762 758,1782 922,1782 922,1783 923,1783 923,1785 924,1785 924,1788 923,1788 923,1790 922,1790 922,1791 906,1791 906,1794 905,1794 905,1796 904,1796 904,1798 903,1798 903,1799 902,1799 902,1800 901,1800 901,1801 900,1801 900,1802 899,1802 899,1803 898,1803 898,1804 897,1804 897,1805 896,1805 896,1806 894,1806 894,1807 891,1807 891,1808 889,1808 889,1809 887,1809 887,1810 714,1810 714,1811 713,1811 713,1816 712,1816 712,1821 711,1821 711,1823 710,1823 710,1825 709,1825 709,1826 707,1826 707,1824 706,1824 706,1809 593,1809 593,1810 554,1810 554,1809 553,1809 553,1808 554,1808 554,1786 555,1786 555,1783 559,1783 559,1782 594,1782 594,1781 746,1781 746,1773 747,1773 747,1770 748,1770 748,1767 749,1767 749,1765 750,1765 750,1763 751,1763 751,1761 752,1761 752,1760 753,1760"/>
	<TextEquiv>
	<Unicode>νεωτερίσειαν·</Unicode></TextEquiv></Word>
	<Word id="r315">
	<Coords points="1039,1761 1039,1762 1042,1762 1042,1764 1043,1764 1043,1766 1044,1766 1044,1769 1045,1769 1045,1772 1046,1772 1046,1776 1047,1776 1047,1798 1052,1798 1052,1800 1053,1800 1052,1800 1052,1802 1051,1802 1051,1803 1050,1803 1050,1805 1049,1805 1049,1806 1048,1806 1048,1807 1047,1807 1047,1809 1045,1809 1045,1810 1044,1810 1044,1811 1003,1811 1003,1810 964,1810 964,1807 965,1807 965,1805 966,1805 966,1800 967,1800 967,1797 968,1797 968,1796 969,1796 969,1793 970,1793 970,1792 971,1792 971,1786 972,1786 972,1784 974,1784 974,1783 1036,1783 1036,1762 1037,1762 1037,1761"/>
	<TextEquiv>
	<Unicode>καὶ</Unicode></TextEquiv></Word>
	<Word id="r316">
	<Coords points="1199,1761 1199,1762 1200,1762 1200,1763 1201,1763 1201,1766 1202,1766 1202,1768 1203,1768 1203,1771 1204,1771 1204,1772 1205,1772 1205,1774 1206,1774 1206,1776 1207,1776 1207,1784 1232,1784 1232,1785 1235,1785 1235,1786 1237,1786 1237,1787 1238,1787 1238,1788 1239,1788 1239,1790 1240,1790 1240,1792 1239,1792 1239,1794 1237,1794 1237,1795 1234,1795 1234,1812 1233,1812 1233,1813 1232,1813 1232,1814 1231,1814 1231,1815 1229,1815 1229,1816 1225,1816 1225,1812 1198,1812 1198,1811 1095,1811 1095,1810 1092,1810 1092,1809 1091,1809 1091,1808 1090,1808 1090,1807 1089,1807 1089,1805 1088,1805 1088,1800 1089,1800 1089,1796 1090,1796 1090,1793 1091,1793 1091,1792 1092,1792 1092,1790 1093,1790 1093,1789 1094,1789 1094,1788 1095,1788 1095,1787 1096,1787 1096,1786 1098,1786 1098,1785 1100,1785 1100,1784 1136,1784 1136,1764 1137,1764 1137,1763 1139,1763 1139,1762 1196,1762 1196,1761"/>
	<TextEquiv>
	<Unicode>αὐτὸς</Unicode></TextEquiv></Word>
	<Word id="r317">
	<Coords points="1296,1763 1296,1764 1298,1764 1298,1765 1299,1765 1299,1784 1506,1784 1506,1775 1507,1775 1507,1773 1508,1773 1508,1771 1509,1771 1509,1770 1510,1770 1510,1769 1512,1769 1512,1768 1520,1768 1520,1769 1522,1769 1522,1770 1523,1770 1523,1771 1524,1771 1524,1773 1525,1773 1525,1786 1577,1786 1577,1787 1579,1787 1579,1788 1580,1788 1580,1789 1581,1789 1581,1790 1582,1790 1582,1792 1583,1792 1583,1804 1596,1804 1596,1805 1598,1805 1598,1806 1599,1806 1599,1814 1598,1814 1598,1815 1597,1815 1597,1817 1596,1817 1596,1818 1595,1818 1595,1819 1594,1819 1594,1820 1591,1820 1591,1821 1590,1821 1590,1820 1589,1820 1589,1814 1448,1814 1448,1823 1447,1823 1447,1824 1446,1824 1446,1826 1445,1826 1445,1827 1444,1827 1444,1828 1443,1828 1443,1829 1413,1829 1413,1830 1410,1830 1410,1812 1357,1812 1357,1811 1284,1811 1284,1810 1283,1810 1283,1809 1282,1809 1282,1808 1281,1808 1281,1805 1280,1805 1280,1789 1279,1789 1279,1788 1278,1788 1278,1787 1280,1787 1280,1786 1282,1786 1282,1785 1288,1785 1288,1767 1289,1767 1289,1766 1290,1766 1290,1765 1292,1765 1292,1764 1295,1764 1295,1763"/>
	<TextEquiv>
	<Unicode>ὑπισχνεῖτο,</Unicode></TextEquiv></Word>
	<Word id="r318">
	<Coords points="1667,1765 1667,1766 1668,1766 1668,1767 1669,1767 1669,1769 1670,1769 1670,1776 1669,1776 1669,1806 1668,1806 1668,1807 1667,1807 1667,1809 1666,1809 1666,1810 1665,1810 1665,1811 1664,1811 1664,1812 1662,1812 1662,1813 1660,1813 1660,1814 1636,1814 1636,1813 1634,1813 1634,1812 1632,1812 1632,1811 1631,1811 1631,1810 1630,1810 1630,1809 1629,1809 1629,1808 1628,1808 1628,1799 1629,1799 1629,1796 1630,1796 1630,1794 1631,1794 1631,1792 1632,1792 1632,1791 1633,1791 1633,1790 1634,1790 1634,1789 1636,1789 1636,1788 1638,1788 1638,1787 1640,1787 1640,1786 1660,1786 1660,1767 1661,1767 1661,1765"/>
	<TextEquiv>
	<Unicode>εἰ</Unicode></TextEquiv></Word>
	<TextEquiv>
	<Unicode>πολεμίων νεωτερίσειαν· καὶ αὐτὸς ὑπισχνεῖτο, εἰ</Unicode></TextEquiv></TextLine>
	<TextLine id="r35">
	<Coords points="400,1827 403,1827 403,1828 404,1828 404,1849 577,1849 577,1837 578,1837 578,1835 579,1835 579,1833 580,1833 580,1832 582,1832 582,1831 594,1831 594,1829 598,1829 598,1831 599,1831 599,1833 624,1833 624,1834 728,1834 728,1833 729,1833 729,1832 731,1832 731,1831 733,1831 733,1830 739,1830 739,1831 740,1831 740,1832 741,1832 741,1835 742,1835 742,1837 743,1837 743,1850 884,1850 884,1835 885,1835 885,1833 898,1833 898,1831 899,1831 899,1830 903,1830 903,1831 928,1831 928,1832 931,1832 931,1834 932,1834 932,1837 933,1837 933,1842 934,1842 934,1843 935,1843 935,1847 936,1847 936,1850 937,1850 937,1851 979,1851 979,1852 1154,1852 1154,1831 1156,1831 1156,1830 1275,1830 1275,1831 1276,1831 1276,1832 1277,1832 1277,1834 1278,1834 1278,1837 1279,1837 1279,1839 1428,1839 1428,1838 1429,1838 1429,1836 1430,1836 1430,1834 1431,1834 1431,1832 1432,1832 1432,1831 1435,1831 1435,1832 1436,1832 1436,1833 1437,1833 1437,1853 1455,1853 1455,1854 1457,1854 1457,1855 1559,1855 1559,1840 1560,1840 1560,1838 1561,1838 1561,1837 1562,1837 1562,1836 1563,1836 1563,1835 1565,1835 1565,1834 1572,1834 1572,1835 1574,1835 1574,1836 1575,1836 1575,1837 1576,1837 1576,1839 1577,1839 1577,1854 1667,1854 1667,1855 1668,1855 1668,1856 1669,1856 1669,1864 1668,1864 1668,1866 1667,1866 1667,1869 1666,1869 1666,1871 1665,1871 1665,1872 1663,1872 1663,1874 1662,1874 1662,1875 1661,1875 1661,1876 1659,1876 1659,1877 1658,1877 1658,1878 1657,1878 1657,1879 1655,1879 1655,1880 1653,1880 1653,1881 1651,1881 1651,1882 1648,1882 1648,1883 1604,1883 1604,1887 1603,1887 1603,1891 1602,1891 1602,1894 1601,1894 1601,1895 1600,1895 1600,1896 1599,1896 1599,1897 1596,1897 1596,1896 1566,1896 1566,1894 1565,1894 1565,1885 1508,1885 1508,1882 1476,1882 1476,1881 1355,1881 1355,1891 1354,1891 1354,1892 1353,1892 1353,1894 1351,1894 1351,1896 1349,1896 1349,1897 1318,1897 1318,1896 1317,1896 1317,1892 1278,1892 1278,1891 1277,1891 1277,1879 1115,1879 1115,1880 1114,1880 1114,1884 1113,1884 1113,1890 1112,1890 1112,1892 1111,1892 1111,1893 1109,1893 1109,1894 1109,1893 1107,1893 1107,1891 1106,1891 1106,1879 958,1879 958,1878 771,1878 771,1879 753,1879 753,1878 619,1878 619,1891 618,1891 618,1893 613,1893 613,1886 521,1886 521,1885 520,1885 520,1878 443,1878 443,1877 255,1877 255,1875 254,1875 254,1874 255,1874 255,1872 256,1872 256,1869 257,1869 257,1865 258,1865 258,1862 259,1862 259,1860 260,1860 260,1855 261,1855 261,1853 262,1853 262,1851 264,1851 264,1850 312,1850 312,1836 313,1836 313,1835 395,1835 395,1834 396,1834 396,1832 397,1832 397,1830 398,1830 398,1828 400,1828"/>
	<Word id="r194">
	<Coords points="403,1827 403,1828 404,1828 404,1849 504,1849 504,1850 508,1850 508,1851 509,1851 509,1852 511,1852 511,1853 513,1853 513,1856 514,1856 514,1869 528,1869 528,1870 529,1870 529,1871 530,1871 530,1879 529,1879 529,1881 528,1881 528,1882 527,1882 527,1883 526,1883 526,1884 525,1884 525,1885 523,1885 523,1886 521,1886 521,1885 520,1885 520,1878 443,1878 443,1877 255,1877 255,1875 254,1875 254,1874 255,1874 255,1872 256,1872 256,1869 257,1869 257,1865 258,1865 258,1862 259,1862 259,1860 260,1860 260,1855 261,1855 261,1853 262,1853 262,1851 264,1851 264,1850 312,1850 312,1836 313,1836 313,1835 395,1835 395,1834 396,1834 396,1832 397,1832 397,1830 398,1830 398,1828 400,1828 400,1827"/>
	<TextEquiv>
	<Unicode>κελεύοιτο,</Unicode></TextEquiv></Word>
	<Word id="r195">
	<Coords points="598,1829 598,1831 599,1831 599,1833 624,1833 624,1834 728,1834 728,1833 729,1833 729,1832 731,1832 731,1831 733,1831 733,1830 739,1830 739,1831 740,1831 740,1832 741,1832 741,1835 742,1835 742,1837 743,1837 743,1850 795,1850 795,1851 797,1851 797,1867 800,1867 800,1868 811,1868 811,1869 813,1869 813,1870 815,1870 815,1876 814,1876 814,1877 813,1877 813,1878 771,1878 771,1879 753,1879 753,1878 619,1878 619,1891 618,1891 618,1893 613,1893 613,1877 580,1877 580,1876 576,1876 576,1875 575,1875 575,1874 574,1874 574,1873 573,1873 573,1871 572,1871 572,1870 571,1870 571,1863 572,1863 572,1860 573,1860 573,1858 574,1858 574,1857 575,1857 575,1856 576,1856 576,1855 577,1855 577,1837 578,1837 578,1835 579,1835 579,1833 580,1833 580,1832 582,1832 582,1831 594,1831 594,1829"/>
	<TextEquiv>
	<Unicode>ἕψεσθαι.</Unicode></TextEquiv></Word>
	<Word id="r196">
	<Coords points="903,1830 903,1831 928,1831 928,1832 931,1832 931,1834 932,1834 932,1837 933,1837 933,1842 934,1842 934,1843 935,1843 935,1847 936,1847 936,1850 937,1850 937,1851 979,1851 979,1852 1081,1852 1081,1853 1082,1853 1082,1854 1083,1854 1083,1857 1082,1857 1082,1861 1081,1861 1081,1865 1080,1865 1080,1866 1079,1866 1079,1868 1078,1868 1078,1869 1077,1869 1077,1870 1076,1870 1076,1871 1074,1871 1074,1872 1073,1872 1073,1874 1071,1874 1071,1875 1069,1875 1069,1876 1068,1876 1068,1877 1066,1877 1066,1878 1065,1878 1065,1879 958,1879 958,1878 913,1878 913,1877 907,1877 907,1876 906,1876 906,1848 885,1848 885,1836 884,1836 884,1835 885,1835 885,1833 898,1833 898,1831 899,1831 899,1830"/>
	<TextEquiv>
	<Unicode>Ἄννων</Unicode></TextEquiv></Word>
	<Word id="r197">
	<Coords points="1157,1830 1157,1831 1158,1831 1158,1832 1159,1832 1159,1835 1160,1835 1160,1836 1161,1836 1161,1839 1162,1839 1162,1842 1163,1842 1163,1844 1164,1844 1164,1846 1165,1846 1165,1852 1180,1852 1180,1853 1197,1853 1197,1861 1196,1861 1196,1863 1195,1863 1195,1865 1194,1865 1194,1866 1193,1866 1193,1868 1192,1868 1192,1869 1191,1869 1191,1871 1190,1871 1190,1872 1189,1872 1189,1873 1187,1873 1187,1874 1186,1874 1186,1875 1184,1875 1184,1876 1182,1876 1182,1877 1180,1877 1180,1878 1179,1878 1179,1879 1115,1879 1115,1880 1114,1880 1114,1884 1113,1884 1113,1890 1112,1890 1112,1892 1111,1892 1111,1893 1109,1893 1109,1894 1109,1893 1107,1893 1107,1891 1106,1891 1106,1890 1107,1890 1107,1888 1108,1888 1108,1885 1109,1885 1109,1883 1110,1883 1110,1879 1111,1879 1111,1875 1112,1875 1112,1872 1113,1872 1113,1868 1114,1868 1114,1865 1115,1865 1115,1863 1116,1863 1116,1858 1117,1858 1117,1855 1118,1855 1118,1853 1154,1853 1154,1831 1156,1831 1156,1830"/>
	<TextEquiv>
	<Unicode>μὲν</Unicode></TextEquiv></Word>
	<Word id="r198">
	<Coords points="1275,1830 1275,1831 1276,1831 1276,1832 1277,1832 1277,1834 1278,1834 1278,1837 1279,1837 1279,1840 1280,1840 1280,1842 1281,1842 1281,1844 1282,1844 1282,1853 1287,1853 1287,1854 1289,1854 1289,1856 1290,1856 1290,1866 1289,1866 1289,1870 1288,1870 1288,1873 1287,1873 1287,1876 1286,1876 1286,1879 1285,1879 1285,1882 1284,1882 1284,1885 1283,1885 1283,1888 1282,1888 1282,1891 1281,1891 1281,1892 1278,1892 1278,1891 1277,1891 1277,1879 1238,1879 1238,1878 1236,1878 1236,1877 1235,1877 1235,1876 1234,1876 1234,1875 1233,1875 1233,1874 1232,1874 1232,1871 1231,1871 1231,1864 1232,1864 1232,1862 1233,1862 1233,1860 1234,1860 1234,1859 1235,1859 1235,1857 1236,1857 1236,1856 1237,1856 1237,1834 1238,1834 1238,1832 1240,1832 1240,1831 1241,1831 1241,1830"/>
	<TextEquiv>
	<Unicode>δὴ</Unicode></TextEquiv></Word>
	<Word id="r199">
	<Coords points="1435,1831 1435,1832 1436,1832 1436,1833 1437,1833 1437,1853 1455,1853 1455,1854 1457,1854 1457,1855 1517,1855 1517,1856 1519,1856 1519,1857 1520,1857 1520,1858 1521,1858 1521,1860 1522,1860 1522,1863 1518,1863 1518,1879 1517,1879 1517,1881 1516,1881 1516,1883 1515,1883 1515,1884 1513,1884 1513,1885 1508,1885 1508,1882 1476,1882 1476,1881 1355,1881 1355,1891 1354,1891 1354,1892 1353,1892 1353,1894 1351,1894 1351,1896 1349,1896 1349,1897 1318,1897 1318,1896 1317,1896 1317,1895 1318,1895 1318,1859 1319,1859 1319,1857 1320,1857 1320,1855 1322,1855 1322,1854 1323,1854 1323,1853 1325,1853 1325,1852 1353,1852 1353,1851 1378,1851 1378,1841 1379,1841 1379,1840 1380,1840 1380,1839 1428,1839 1428,1838 1429,1838 1429,1836 1430,1836 1430,1834 1431,1834 1431,1832 1432,1832 1432,1831"/>
	<TextEquiv>
	<Unicode>χιλίους</Unicode></TextEquiv></Word>
	<Word id="r200">
	<Coords points="1572,1834 1572,1835 1574,1835 1574,1836 1575,1836 1575,1837 1576,1837 1576,1839 1577,1839 1577,1854 1667,1854 1667,1855 1668,1855 1668,1856 1669,1856 1669,1864 1668,1864 1668,1866 1667,1866 1667,1869 1666,1869 1666,1871 1665,1871 1665,1872 1663,1872 1663,1874 1662,1874 1662,1875 1661,1875 1661,1876 1659,1876 1659,1877 1658,1877 1658,1878 1657,1878 1657,1879 1655,1879 1655,1880 1653,1880 1653,1881 1651,1881 1651,1882 1648,1882 1648,1883 1604,1883 1604,1887 1603,1887 1603,1891 1602,1891 1602,1894 1601,1894 1601,1895 1600,1895 1600,1896 1599,1896 1599,1897 1596,1897 1596,1896 1566,1896 1566,1894 1565,1894 1565,1881 1555,1881 1555,1880 1553,1880 1553,1865 1550,1865 1550,1864 1549,1864 1550,1864 1550,1861 1551,1861 1551,1860 1552,1860 1552,1858 1554,1858 1554,1857 1556,1857 1556,1856 1559,1856 1559,1840 1560,1840 1560,1838 1561,1838 1561,1837 1562,1837 1562,1836 1563,1836 1563,1835 1565,1835 1565,1834"/>
	<TextEquiv>
	<Unicode>ἦγεν</Unicode></TextEquiv></Word>
	<TextEquiv>
	<Unicode>κελεύοιτο, ἕψεσθαι. Ἄννων μὲν δὴ χιλίους ἦγεν</Unicode></TextEquiv></TextLine>
	<TextLine id="r38">
	<Coords points="271,1897 274,1897 274,1898 275,1898 275,1899 276,1899 276,1901 277,1901 277,1904 396,1904 396,1903 397,1903 397,1900 398,1900 398,1899 399,1899 399,1898 400,1898 400,1897 401,1897 401,1896 404,1896 404,1897 405,1897 405,1917 433,1917 433,1918 492,1918 492,1919 605,1919 605,1900 606,1900 606,1898 608,1898 608,1897 614,1897 614,1898 615,1898 615,1919 717,1919 717,1914 718,1914 718,1911 719,1911 719,1909 720,1909 720,1907 721,1907 721,1903 722,1903 722,1900 723,1900 723,1899 724,1899 724,1898 725,1898 725,1897 727,1897 727,1896 728,1896 728,1897 729,1897 729,1901 831,1901 831,1900 874,1900 874,1901 876,1901 876,1919 1033,1919 1033,1902 1034,1902 1034,1900 1035,1900 1035,1899 1036,1899 1036,1898 1128,1898 1128,1897 1130,1897 1130,1898 1132,1898 1132,1920 1173,1920 1173,1921 1332,1921 1332,1900 1335,1900 1335,1901 1336,1901 1336,1902 1337,1902 1337,1903 1517,1903 1517,1902 1518,1902 1518,1900 1520,1900 1520,1899 1523,1899 1523,1900 1524,1900 1524,1901 1525,1901 1525,1922 1664,1922 1664,1923 1666,1923 1666,1939 1669,1939 1669,1943 1668,1943 1668,1945 1667,1945 1667,1946 1666,1946 1666,1947 1665,1947 1665,1948 1664,1948 1664,1949 1662,1949 1662,1950 1660,1950 1660,1951 1571,1951 1571,1950 1457,1950 1457,1954 1456,1954 1456,1957 1455,1957 1455,1959 1454,1959 1454,1960 1452,1960 1452,1958 1451,1958 1451,1949 1336,1949 1336,1948 1214,1948 1214,1949 1213,1949 1213,1950 1212,1950 1212,1951 1211,1951 1211,1952 1210,1952 1210,1953 1206,1953 1206,1952 1205,1952 1205,1948 1015,1948 1015,1953 1014,1953 1014,1957 1013,1957 1013,1958 1012,1958 1012,1959 986,1959 986,1960 985,1960 985,1961 983,1961 983,1962 982,1962 982,1963 979,1963 979,1964 978,1964 978,1963 919,1963 919,1962 918,1962 918,1947 887,1947 887,1946 785,1946 785,1948 784,1948 784,1949 783,1949 783,1950 781,1950 781,1951 776,1951 776,1947 550,1947 550,1948 549,1948 549,1949 546,1949 546,1950 543,1950 543,1949 542,1949 542,1946 512,1946 512,1945 303,1945 303,1946 285,1946 285,1945 264,1945 264,1944 260,1944 260,1943 259,1943 259,1942 257,1942 257,1941 256,1941 256,1939 255,1939 255,1935 254,1935 254,1930 255,1930 255,1927 256,1927 256,1926 257,1926 257,1922 259,1922 259,1921 261,1921 261,1920 262,1920 262,1919 265,1919 265,1918 267,1918 267,1898 268,1898 268,1897 271,1897 271,1896"/>
	<Word id="r201">
	<Coords points="271,1897 274,1897 274,1898 275,1898 275,1899 276,1899 276,1901 277,1901 277,1904 396,1904 396,1903 397,1903 397,1900 398,1900 398,1899 399,1899 399,1898 400,1898 400,1897 401,1897 401,1896 404,1896 404,1897 405,1897 405,1917 433,1917 433,1918 492,1918 492,1919 550,1919 550,1920 552,1920 552,1921 554,1921 554,1922 556,1922 556,1924 557,1924 557,1928 556,1928 556,1929 552,1929 552,1946 551,1946 551,1947 550,1947 550,1948 549,1948 549,1949 546,1949 546,1950 543,1950 543,1949 542,1949 542,1946 512,1946 512,1945 303,1945 303,1946 285,1946 285,1945 264,1945 264,1944 260,1944 260,1943 259,1943 259,1942 257,1942 257,1941 256,1941 256,1939 255,1939 255,1935 254,1935 254,1930 255,1930 255,1927 256,1927 256,1926 257,1926 257,1922 259,1922 259,1921 261,1921 261,1920 262,1920 262,1919 265,1919 265,1918 267,1918 267,1898 268,1898 268,1897 271,1897 271,1896"/>
	<TextEquiv>
	<Unicode>ἐπιλέκτους</Unicode></TextEquiv></Word>
	<Word id="r202">
	<Coords points="728,1896 728,1897 729,1897 729,1919 781,1919 781,1920 786,1920 786,1921 787,1921 787,1922 789,1922 789,1923 790,1923 790,1925 791,1925 791,1929 789,1929 789,1930 786,1930 786,1946 785,1946 785,1948 784,1948 784,1949 783,1949 783,1950 781,1950 781,1951 776,1951 776,1947 626,1947 626,1946 603,1946 603,1945 601,1945 601,1944 600,1944 600,1943 599,1943 599,1941 598,1941 598,1937 599,1937 599,1934 600,1934 600,1930 601,1930 601,1925 602,1925 602,1922 603,1922 603,1920 605,1920 605,1900 606,1900 606,1898 608,1898 608,1897 614,1897 614,1898 615,1898 615,1919 717,1919 717,1914 718,1914 718,1911 719,1911 719,1909 720,1909 720,1907 721,1907 721,1903 722,1903 722,1900 723,1900 723,1899 724,1899 724,1898 725,1898 725,1897 727,1897 727,1896"/>
	<TextEquiv>
	<Unicode>ἱππέας</Unicode></TextEquiv></Word>
	<Word id="r203">
	<Coords points="1130,1897 1130,1898 1132,1898 1132,1920 1173,1920 1173,1921 1211,1921 1211,1922 1213,1922 1213,1923 1216,1923 1216,1924 1218,1924 1218,1925 1219,1925 1219,1927 1220,1927 1220,1929 1219,1929 1219,1930 1218,1930 1218,1931 1215,1931 1215,1947 1214,1947 1214,1949 1213,1949 1213,1950 1212,1950 1212,1951 1211,1951 1211,1952 1210,1952 1210,1953 1206,1953 1206,1952 1205,1952 1205,1948 1015,1948 1015,1953 1014,1953 1014,1957 1013,1957 1013,1958 1012,1958 1012,1959 986,1959 986,1960 985,1960 985,1961 983,1961 983,1962 982,1962 982,1963 979,1963 979,1964 978,1964 978,1963 919,1963 919,1962 918,1962 918,1947 887,1947 887,1946 870,1946 870,1945 831,1945 831,1902 830,1902 830,1901 831,1901 831,1900 874,1900 874,1901 876,1901 876,1919 1033,1919 1033,1902 1034,1902 1034,1900 1035,1900 1035,1899 1036,1899 1036,1898 1128,1898 1128,1897"/>
	<TextEquiv>
	<Unicode>Καρχηδονίους</Unicode></TextEquiv></Word>
	<Word id="r204">
	<Coords points="1335,1900 1335,1901 1336,1901 1336,1902 1337,1902 1337,1904 1338,1904 1338,1907 1339,1907 1339,1909 1340,1909 1340,1911 1341,1911 1341,1913 1342,1913 1342,1916 1343,1916 1343,1936 1346,1936 1346,1937 1347,1937 1347,1940 1346,1940 1346,1942 1345,1942 1345,1943 1343,1943 1343,1945 1342,1945 1342,1947 1341,1947 1341,1948 1338,1948 1338,1949 1336,1949 1336,1948 1276,1948 1276,1947 1258,1947 1258,1946 1257,1946 1258,1946 1258,1942 1259,1942 1259,1939 1260,1939 1260,1937 1261,1937 1261,1936 1262,1936 1262,1933 1263,1933 1263,1930 1264,1930 1264,1927 1265,1927 1265,1925 1266,1925 1266,1923 1267,1923 1267,1922 1269,1922 1269,1921 1332,1921 1332,1900"/>
	<TextEquiv>
	<Unicode>καὶ</Unicode></TextEquiv></Word>
	<Word id="r205">
	<Coords points="1523,1899 1523,1900 1524,1900 1524,1901 1525,1901 1525,1922 1592,1922 1592,1923 1594,1923 1594,1927 1595,1927 1594,1927 1594,1933 1593,1933 1593,1935 1592,1935 1592,1937 1591,1937 1591,1938 1590,1938 1590,1940 1589,1940 1589,1941 1588,1941 1588,1942 1587,1942 1587,1943 1586,1943 1586,1944 1585,1944 1585,1945 1583,1945 1583,1946 1582,1946 1582,1947 1580,1947 1580,1948 1579,1948 1579,1949 1576,1949 1576,1950 1573,1950 1573,1951 1571,1951 1571,1950 1457,1950 1457,1954 1456,1954 1456,1957 1455,1957 1455,1959 1454,1959 1454,1960 1452,1960 1452,1958 1451,1958 1451,1949 1382,1949 1382,1948 1381,1948 1381,1947 1382,1947 1382,1946 1383,1946 1383,1945 1387,1945 1387,1944 1388,1944 1388,1943 1389,1943 1389,1942 1390,1942 1390,1939 1391,1939 1391,1938 1392,1938 1392,1936 1393,1936 1393,1931 1394,1931 1394,1928 1395,1928 1395,1925 1396,1925 1396,1923 1397,1923 1397,1922 1398,1922 1398,1918 1399,1918 1399,1916 1400,1916 1400,1915 1401,1915 1401,1912 1402,1912 1402,1909 1403,1909 1403,1906 1404,1906 1404,1904 1405,1904 1405,1903 1517,1903 1517,1902 1518,1902 1518,1900 1520,1900 1520,1899"/>
	<TextEquiv>
	<Unicode>Λιβύων</Unicode></TextEquiv></Word>
	<Word id="r206">
	<Coords points="1664,1922 1664,1923 1666,1923 1666,1939 1669,1939 1669,1943 1668,1943 1668,1945 1667,1945 1667,1946 1666,1946 1666,1947 1665,1947 1665,1948 1664,1948 1664,1949 1662,1949 1662,1950 1660,1950 1660,1951 1630,1951 1630,1950 1629,1950 1629,1935 1621,1935 1621,1934 1620,1934 1620,1929 1621,1929 1621,1926 1622,1926 1622,1925 1624,1925 1624,1924 1626,1924 1626,1923 1661,1923 1661,1922"/>
	<TextEquiv>
	<Unicode>τι</Unicode></TextEquiv></Word>
	<TextEquiv>
	<Unicode>ἐπιλέκτους ἱππέας Καρχηδονίους καὶ Λιβύων τι</Unicode></TextEquiv></TextLine>
	<TextLine id="r39">
	<Coords points="393,1965 393,1966 395,1966 395,1967 396,1967 396,1968 397,1968 397,1970 398,1970 398,1979 399,1979 399,1987 502,1987 502,1969 506,1969 506,1968 555,1968 555,1969 556,1969 556,1987 760,1987 760,1982 761,1982 761,1980 762,1980 762,1978 763,1978 763,1976 764,1976 764,1974 765,1974 765,1972 766,1972 766,1970 767,1970 767,1969 768,1969 768,1968 769,1968 769,1967 770,1967 770,1966 773,1966 773,1968 774,1968 774,1988 958,1988 958,1970 959,1970 959,1969 961,1969 961,1968 964,1968 964,1967 991,1967 991,1966 991,1967 992,1967 992,1968 993,1968 993,1969 1050,1969 1050,1970 1189,1970 1189,1969 1190,1969 1190,1968 1191,1968 1191,1967 1211,1967 1211,1966 1213,1966 1213,1967 1215,1967 1215,1968 1217,1968 1217,1969 1218,1969 1218,1970 1220,1970 1220,1971 1221,1971 1221,1972 1222,1972 1222,1973 1223,1973 1223,1975 1224,1975 1224,1976 1225,1976 1225,1989 1281,1989 1281,1990 1399,1990 1399,1969 1400,1969 1400,1968 1403,1968 1403,1969 1487,1969 1487,1970 1489,1970 1489,1972 1490,1972 1490,1990 1631,1990 1631,1980 1632,1980 1632,1978 1633,1978 1633,1976 1634,1976 1634,1975 1636,1975 1636,1974 1638,1974 1638,1973 1643,1973 1643,1974 1645,1974 1645,1975 1647,1975 1647,1976 1648,1976 1648,1977 1649,1977 1649,1978 1650,1978 1650,1992 1663,1992 1663,1993 1664,1993 1664,1994 1665,1994 1665,1995 1666,1995 1666,1997 1667,1997 1666,1997 1666,2000 1665,2000 1665,2001 1663,2001 1663,2002 1652,2002 1652,2003 1651,2003 1651,2006 1650,2006 1650,2008 1649,2008 1649,2009 1648,2009 1648,2012 1647,2012 1647,2013 1645,2013 1645,2015 1643,2015 1643,2017 1641,2017 1641,2018 1638,2018 1638,2019 1602,2019 1602,2018 1436,2018 1436,2020 1434,2020 1434,2021 1432,2021 1432,2022 1428,2022 1428,2021 1427,2021 1427,2017 1285,2017 1285,2018 1284,2018 1284,2019 1282,2019 1282,2020 1280,2020 1280,2021 1276,2021 1276,2017 1236,2017 1236,2016 1130,2016 1130,2018 1129,2018 1129,2020 1128,2020 1128,2024 1127,2024 1127,2027 1125,2027 1125,2028 1125,2027 1124,2027 1124,2015 994,2015 994,2016 906,2016 906,2017 905,2017 905,2018 902,2018 902,2019 878,2019 878,2024 877,2024 877,2026 875,2026 875,2027 875,2026 873,2026 873,2015 681,2015 681,2014 570,2014 570,2015 467,2015 467,2017 466,2017 466,2018 465,2018 465,2019 464,2019 464,2020 461,2020 461,2021 460,2021 460,2020 358,2020 358,2022 357,2022 357,2026 356,2026 356,2027 352,2027 352,2015 260,2015 260,2000 254,2000 254,1999 253,1999 253,1993 254,1993 254,1991 255,1991 255,1990 256,1990 256,1989 257,1989 257,1988 258,1988 258,1987 296,1987 296,1973 346,1973 346,1972 347,1972 347,1971 350,1971 350,1970 384,1970 384,1969 385,1969 385,1968 388,1968 388,1967 390,1967 390,1966 392,1966 392,1965"/>
	<Word id="r207">
	<Coords points="393,1965 393,1966 395,1966 395,1967 396,1967 396,1968 397,1968 397,1970 398,1970 398,1979 399,1979 399,1987 448,1987 448,1988 450,1988 450,1989 451,1989 451,1990 452,1990 452,1991 453,1991 453,1992 454,1992 454,2004 466,2004 466,2005 468,2005 468,2006 469,2006 469,2014 468,2014 468,2015 467,2015 467,2017 466,2017 466,2018 465,2018 465,2019 464,2019 464,2020 461,2020 461,2021 460,2021 460,2020 358,2020 358,2022 357,2022 357,2026 356,2026 356,2027 352,2027 352,2015 260,2015 260,2000 254,2000 254,1999 253,1999 253,1993 254,1993 254,1991 255,1991 255,1990 256,1990 256,1989 257,1989 257,1988 258,1988 258,1987 296,1987 296,1973 346,1973 346,1972 347,1972 347,1971 350,1971 350,1970 384,1970 384,1969 385,1969 385,1968 388,1968 388,1967 390,1967 390,1966 392,1966 392,1965"/>
	<TextEquiv>
	<Unicode>πλῆθος,</Unicode></TextEquiv></Word>
	<Word id="r208">
	<Coords points="770,1966 773,1966 773,1968 774,1968 774,1988 907,1988 907,1989 909,1989 909,1990 910,1990 910,1991 911,1991 911,1992 912,1992 912,1993 913,1993 913,1996 912,1996 912,1997 908,1997 908,2015 907,2015 907,2016 906,2016 906,2017 905,2017 905,2018 902,2018 902,2019 878,2019 878,2024 877,2024 877,2026 875,2026 875,2027 875,2026 873,2026 873,2015 681,2015 681,2014 570,2014 570,2015 566,2015 566,2014 565,2014 565,2013 563,2013 563,2012 503,2012 503,2011 502,2011 502,1969 506,1969 506,1968 555,1968 555,1969 556,1969 555,1969 555,1970 551,1970 551,1987 760,1987 760,1982 761,1982 761,1980 762,1980 762,1978 763,1978 763,1976 764,1976 764,1974 765,1974 765,1972 766,1972 766,1970 767,1970 767,1969 768,1969 768,1968 769,1968 769,1967 770,1967"/>
	<TextEquiv>
	<Unicode>Μασσανάσσης</Unicode></TextEquiv></Word>
	<Word id="r211">
	<Coords points="991,1967 992,1967 992,1968 993,1968 993,1969 994,1969 994,1972 995,1972 995,1974 996,1974 996,1975 997,1975 997,1980 998,1980 998,1982 999,1982 999,1984 1000,1984 1000,1989 1001,1989 1001,1990 1002,1990 1002,1991 1003,1991 1003,1993 1002,1993 1002,1994 1000,1994 1000,2013 999,2013 999,2015 994,2015 994,2016 992,2016 992,2015 959,2015 959,2014 958,2014 958,2013 957,2013 957,2012 956,2012 956,2011 954,2011 954,2009 953,2009 953,2003 952,2003 953,2003 953,1999 954,1999 954,1997 955,1997 955,1996 956,1996 956,1995 957,1995 957,1994 958,1994 958,1970 959,1970 959,1969 961,1969 961,1968 964,1968 964,1967 991,1967 991,1966"/>
	<TextEquiv>
	<Unicode>δὲ</Unicode></TextEquiv></Word>
	<Word id="r212">
	<Coords points="1213,1966 1213,1967 1215,1967 1215,1968 1217,1968 1217,1969 1218,1969 1218,1970 1220,1970 1220,1971 1221,1971 1221,1972 1222,1972 1222,1973 1223,1973 1223,1975 1224,1975 1224,1976 1225,1976 1225,1989 1281,1989 1281,1990 1285,1990 1285,1991 1287,1991 1287,1992 1289,1992 1289,1993 1290,1993 1290,1994 1291,1994 1291,1998 1290,1998 1290,1999 1289,1999 1289,2000 1286,2000 1286,2016 1285,2016 1285,2018 1284,2018 1284,2019 1282,2019 1282,2020 1280,2020 1280,2021 1276,2021 1276,2017 1236,2017 1236,2016 1130,2016 1130,2018 1129,2018 1129,2020 1128,2020 1128,2024 1127,2024 1127,2027 1125,2027 1125,2028 1125,2027 1124,2027 1124,2015 1050,2015 1050,2014 1044,2014 1044,2013 1043,2013 1043,1970 1042,1970 1043,1970 1043,1969 1050,1969 1050,1970 1189,1970 1189,1969 1190,1969 1190,1968 1191,1968 1191,1967 1211,1967 1211,1966"/>
	<TextEquiv>
	<Unicode>Νομάδας</Unicode></TextEquiv></Word>
	<Word id="r213">
	<Coords points="1403,1968 1403,1969 1404,1969 1404,1971 1405,1971 1405,1974 1406,1974 1406,1976 1407,1976 1407,1982 1408,1982 1408,1989 1434,1989 1434,1990 1436,1990 1436,1991 1439,1991 1439,1992 1440,1992 1440,1993 1441,1993 1441,1994 1442,1994 1442,1995 1443,1995 1443,1998 1442,1998 1442,2000 1438,2000 1438,2017 1437,2017 1437,2018 1436,2018 1436,2020 1434,2020 1434,2021 1432,2021 1432,2022 1428,2022 1428,2021 1427,2021 1427,2017 1336,2017 1336,2016 1335,2016 1335,2001 1327,2001 1327,2000 1326,2000 1326,1994 1327,1994 1327,1992 1328,1992 1328,1991 1339,1991 1339,1990 1399,1990 1399,1969 1400,1969 1400,1968"/>
	<TextEquiv>
	<Unicode>τοὺς</Unicode></TextEquiv></Word>
	<Word id="r214">
	<Coords points="1487,1969 1487,1970 1489,1970 1489,1972 1490,1972 1490,1990 1631,1990 1631,1980 1632,1980 1632,1978 1633,1978 1633,1976 1634,1976 1634,1975 1636,1975 1636,1974 1638,1974 1638,1973 1643,1973 1643,1974 1645,1974 1645,1975 1647,1975 1647,1976 1648,1976 1648,1977 1649,1977 1649,1978 1650,1978 1650,1992 1663,1992 1663,1993 1664,1993 1664,1994 1665,1994 1665,1995 1666,1995 1666,1997 1667,1997 1666,1997 1666,2000 1665,2000 1665,2001 1663,2001 1663,2002 1652,2002 1652,2003 1651,2003 1651,2006 1650,2006 1650,2008 1649,2008 1649,2009 1648,2009 1648,2012 1647,2012 1647,2013 1645,2013 1645,2015 1643,2015 1643,2017 1641,2017 1641,2018 1638,2018 1638,2019 1602,2019 1602,2018 1478,2018 1478,2017 1474,2017 1474,2016 1473,2016 1473,2015 1472,2015 1472,2014 1471,2014 1471,2013 1470,2013 1470,2010 1469,2010 1469,2002 1470,2002 1470,2000 1471,2000 1471,1998 1472,1998 1472,1996 1474,1996 1474,1995 1475,1995 1475,1994 1476,1994 1476,1993 1478,1993 1478,1973 1479,1973 1479,1972 1480,1972 1480,1971 1481,1971 1481,1970 1482,1970 1482,1969"/>
	<TextEquiv>
	<Unicode>ἑαυτοῦ·</Unicode></TextEquiv></Word>
	<TextEquiv>
	<Unicode>πλῆθος, Μασσανάσσης δὲ Νομάδας τοὺς ἑαυτοῦ·</Unicode></TextEquiv></TextLine>
	<TextLine id="r40">
	<Coords points="402,2031 402,2032 404,2032 404,2033 474,2033 474,2034 476,2034 476,2035 633,2035 633,2034 635,2034 635,2035 637,2035 637,2036 638,2036 638,2038 639,2038 639,2040 640,2040 640,2042 641,2042 641,2044 642,2044 642,2046 643,2046 643,2056 786,2056 786,2048 787,2048 787,2046 788,2046 788,2043 789,2043 789,2042 790,2042 790,2038 791,2038 791,2037 793,2037 793,2035 794,2035 794,2034 796,2034 796,2033 798,2033 798,2034 799,2034 799,2055 821,2055 821,2056 988,2056 988,2036 989,2036 989,2035 1062,2035 1062,2034 1064,2034 1064,2033 1064,2034 1067,2034 1067,2035 1068,2035 1068,2057 1189,2057 1189,2058 1317,2058 1317,2057 1341,2057 1341,2037 1342,2037 1342,2036 1423,2036 1423,2035 1426,2035 1426,2036 1427,2036 1427,2037 1488,2037 1488,2038 1489,2038 1489,2040 1518,2040 1518,2042 1519,2042 1519,2045 1520,2045 1520,2048 1521,2048 1521,2052 1522,2052 1522,2055 1523,2055 1523,2058 1524,2058 1524,2059 1565,2059 1565,2060 1667,2060 1667,2062 1668,2062 1668,2067 1667,2067 1667,2071 1666,2071 1666,2073 1665,2073 1665,2075 1664,2075 1664,2076 1663,2076 1663,2077 1662,2077 1662,2078 1661,2078 1661,2079 1660,2079 1660,2081 1659,2081 1659,2082 1657,2082 1657,2083 1655,2083 1655,2084 1653,2084 1653,2085 1651,2085 1651,2086 1650,2086 1650,2087 1577,2087 1577,2088 1573,2088 1573,2087 1544,2087 1544,2085 1421,2085 1421,2086 1412,2086 1412,2085 1308,2085 1308,2084 1025,2084 1025,2087 1024,2087 1024,2097 1023,2097 1023,2100 1022,2100 1022,2101 1019,2101 1019,2100 1018,2100 1018,2083 903,2083 903,2084 855,2084 855,2085 854,2085 854,2087 853,2087 853,2093 852,2093 852,2094 851,2094 851,2095 850,2095 850,2096 849,2096 849,2097 805,2097 805,2098 804,2098 804,2099 802,2099 802,2098 801,2098 801,2083 656,2083 656,2082 506,2082 506,2083 467,2083 467,2082 464,2082 464,2081 313,2081 313,2083 312,2083 312,2084 310,2084 310,2085 309,2085 309,2086 305,2086 305,2085 304,2085 304,2082 261,2082 261,2081 260,2081 260,2080 259,2080 259,2079 258,2079 258,2078 256,2078 256,2076 255,2076 255,2074 254,2074 254,2069 255,2069 255,2065 256,2065 256,2064 257,2064 257,2063 258,2063 258,2061 259,2061 259,2060 260,2060 260,2059 261,2059 261,2058 262,2058 262,2057 266,2057 266,2056 272,2056 272,2038 273,2038 273,2037 275,2037 275,2036 276,2036 276,2035 376,2035 376,2034 377,2034 377,2033 397,2033 397,2032 400,2032 400,2031"/>
	<Word id="r215">
	<Coords points="280,2035 280,2036 282,2036 282,2055 312,2055 312,2056 315,2056 315,2057 316,2057 316,2058 317,2058 317,2059 318,2059 318,2060 319,2060 319,2064 318,2064 318,2065 314,2065 314,2081 313,2081 313,2083 312,2083 312,2084 310,2084 310,2085 309,2085 309,2086 305,2086 305,2085 304,2085 304,2082 261,2082 261,2081 260,2081 260,2080 259,2080 259,2079 258,2079 258,2078 256,2078 256,2076 255,2076 255,2074 254,2074 254,2069 255,2069 255,2065 256,2065 256,2064 257,2064 257,2063 258,2063 258,2061 259,2061 259,2060 260,2060 260,2059 261,2059 261,2058 262,2058 262,2057 266,2057 266,2056 272,2056 272,2038 273,2038 273,2037 275,2037 275,2036 276,2036 276,2035"/>
	<TextEquiv>
	<Unicode>ὡς</Unicode></TextEquiv></Word>
	<Word id="r216">
	<Coords points="402,2031 402,2032 404,2032 404,2033 405,2033 405,2034 406,2034 406,2036 407,2036 407,2041 406,2041 406,2043 405,2043 405,2045 404,2045 404,2046 402,2046 402,2047 393,2047 393,2071 392,2071 392,2074 391,2074 391,2075 390,2075 390,2076 389,2076 389,2078 387,2078 387,2079 386,2079 386,2080 385,2080 385,2081 376,2081 376,2080 374,2080 374,2079 371,2079 371,2077 370,2077 370,2076 369,2076 369,2073 368,2073 368,2067 369,2067 369,2065 370,2065 370,2063 371,2063 371,2062 372,2062 372,2060 373,2060 373,2059 374,2059 374,2036 375,2036 375,2035 376,2035 376,2034 377,2034 377,2033 397,2033 397,2032 400,2032 400,2031"/>
	<TextEquiv>
	<Unicode>δ᾽</Unicode></TextEquiv></Word>
	<Word id="r217">
	<Coords points="474,2034 476,2034 476,2035 531,2035 531,2036 533,2036 533,2037 534,2037 534,2039 535,2039 535,2042 536,2042 536,2045 537,2045 537,2047 538,2047 538,2072 543,2072 543,2075 542,2075 542,2077 541,2077 541,2078 540,2078 540,2079 539,2079 539,2080 538,2080 538,2081 537,2081 537,2082 506,2082 506,2083 467,2083 467,2082 464,2082 464,2081 462,2081 462,2080 461,2080 461,2079 460,2079 460,2078 459,2078 459,2077 458,2077 458,2075 457,2075 457,2068 458,2068 458,2066 459,2066 459,2063 460,2063 460,2062 461,2062 461,2060 462,2060 462,2059 464,2059 464,2058 465,2058 465,2057 467,2057 467,2056 470,2056 470,2035 472,2035 472,2034 474,2034 474,2033"/>
	<TextEquiv>
	<Unicode>ἐπὶ</Unicode></TextEquiv></Word>
	<Word id="r218">
	<Coords points="635,2034 635,2035 637,2035 637,2036 638,2036 638,2038 639,2038 639,2040 640,2040 640,2042 641,2042 641,2044 642,2044 642,2046 643,2046 643,2056 678,2056 678,2057 679,2057 679,2059 680,2059 680,2061 679,2061 679,2065 678,2065 678,2067 677,2067 677,2069 676,2069 676,2070 675,2070 675,2072 674,2072 674,2073 673,2073 673,2075 671,2075 671,2076 670,2076 670,2077 669,2077 669,2078 667,2078 667,2079 665,2079 665,2080 664,2080 664,2081 663,2081 663,2082 661,2082 661,2083 656,2083 656,2082 602,2082 602,2065 594,2065 594,2064 593,2064 593,2061 594,2061 594,2058 595,2058 595,2057 597,2057 597,2056 632,2056 632,2035 633,2035 633,2034"/>
	<TextEquiv>
	<Unicode>τὸν</Unicode></TextEquiv></Word>
	<Word id="r219">
	<Coords points="798,2033 798,2034 799,2034 799,2055 821,2055 821,2056 923,2056 923,2057 924,2057 924,2063 923,2063 923,2067 922,2067 922,2068 921,2068 921,2071 920,2071 920,2072 919,2072 919,2073 918,2073 918,2074 917,2074 917,2075 916,2075 916,2076 914,2076 914,2077 913,2077 913,2079 911,2079 911,2080 910,2080 910,2081 907,2081 907,2082 905,2082 905,2083 903,2083 903,2084 855,2084 855,2085 854,2085 854,2087 853,2087 853,2093 852,2093 852,2094 851,2094 851,2095 850,2095 850,2096 849,2096 849,2097 805,2097 805,2098 804,2098 804,2099 802,2099 802,2098 801,2098 801,2083 734,2083 734,2082 733,2082 733,2068 728,2068 728,2067 727,2067 727,2065 726,2065 726,2064 727,2064 727,2061 728,2061 728,2059 729,2059 729,2058 730,2058 730,2057 733,2057 733,2056 786,2056 786,2048 787,2048 787,2046 788,2046 788,2043 789,2043 789,2042 790,2042 790,2038 791,2038 791,2037 793,2037 793,2035 794,2035 794,2034 796,2034 796,2033"/>
	<TextEquiv>
	<Unicode>πύργον</Unicode></TextEquiv></Word>
	<Word id="r220">
	<Coords points="1064,2034 1067,2034 1067,2035 1068,2035 1068,2057 1189,2057 1189,2058 1212,2058 1212,2059 1215,2059 1215,2060 1216,2060 1216,2061 1218,2061 1218,2063 1219,2063 1219,2073 1218,2073 1218,2075 1217,2075 1217,2077 1216,2077 1216,2079 1215,2079 1215,2080 1213,2080 1213,2081 1212,2081 1212,2082 1210,2082 1210,2083 1175,2083 1175,2084 1025,2084 1025,2087 1024,2087 1024,2097 1023,2097 1023,2100 1022,2100 1022,2101 1019,2101 1019,2100 1018,2100 1018,2083 982,2083 982,2082 976,2082 976,2081 974,2081 974,2079 973,2079 973,2073 972,2073 972,2072 973,2072 973,2070 974,2070 974,2068 975,2068 975,2066 976,2066 976,2064 977,2064 977,2063 978,2063 978,2062 979,2062 979,2061 980,2061 980,2060 981,2060 981,2059 982,2059 982,2058 986,2058 986,2057 988,2057 988,2036 989,2036 989,2035 1062,2035 1062,2034 1064,2034 1064,2033"/>
	<TextEquiv>
	<Unicode>ἀφίκοντο</Unicode></TextEquiv></Word>
	<Word id="r221">
	<Coords points="1346,2036 1346,2037 1347,2037 1347,2040 1348,2040 1348,2042 1349,2042 1349,2044 1350,2044 1350,2046 1351,2046 1351,2050 1352,2050 1352,2052 1353,2052 1353,2072 1356,2072 1356,2073 1357,2073 1357,2077 1356,2077 1356,2079 1355,2079 1355,2081 1354,2081 1354,2082 1353,2082 1353,2083 1352,2083 1352,2084 1351,2084 1351,2085 1308,2085 1308,2084 1270,2084 1270,2083 1268,2083 1268,2080 1269,2080 1269,2078 1270,2078 1270,2076 1271,2076 1271,2074 1272,2074 1272,2072 1273,2072 1273,2068 1274,2068 1274,2067 1275,2067 1275,2063 1276,2063 1276,2060 1277,2060 1277,2059 1278,2059 1278,2058 1317,2058 1317,2057 1341,2057 1341,2037 1342,2037 1342,2036"/>
	<TextEquiv>
	<Unicode>καὶ</Unicode></TextEquiv></Word>
	<Word id="r222">
	<Coords points="1426,2035 1426,2036 1427,2036 1427,2037 1428,2037 1428,2066 1429,2066 1429,2077 1428,2077 1428,2079 1427,2079 1427,2081 1426,2081 1426,2082 1425,2082 1425,2083 1424,2083 1424,2084 1422,2084 1422,2085 1421,2085 1421,2086 1412,2086 1412,2085 1410,2085 1410,2084 1409,2084 1409,2083 1408,2083 1408,2082 1407,2082 1407,2080 1406,2080 1406,2077 1405,2077 1405,2070 1406,2070 1406,2067 1407,2067 1407,2066 1408,2066 1408,2064 1409,2064 1409,2063 1410,2063 1410,2062 1412,2062 1412,2061 1413,2061 1413,2060 1415,2060 1415,2059 1417,2059 1417,2041 1418,2041 1418,2038 1419,2038 1419,2037 1421,2037 1421,2036 1423,2036 1423,2035"/>
	<TextEquiv>
	<Unicode>ὁ</Unicode></TextEquiv></Word>
	<Word id="r223">
	<Coords points="1484,2037 1488,2037 1488,2038 1489,2038 1489,2040 1518,2040 1518,2042 1519,2042 1519,2045 1520,2045 1520,2048 1521,2048 1521,2052 1522,2052 1522,2055 1523,2055 1523,2058 1524,2058 1524,2059 1565,2059 1565,2060 1667,2060 1667,2062 1668,2062 1668,2067 1667,2067 1667,2071 1666,2071 1666,2073 1665,2073 1665,2075 1664,2075 1664,2076 1663,2076 1663,2077 1662,2077 1662,2078 1661,2078 1661,2079 1660,2079 1660,2081 1659,2081 1659,2082 1657,2082 1657,2083 1655,2083 1655,2084 1653,2084 1653,2085 1651,2085 1651,2086 1650,2086 1650,2087 1577,2087 1577,2088 1573,2088 1573,2087 1544,2087 1544,2085 1494,2085 1494,2084 1492,2084 1492,2055 1470,2055 1470,2054 1468,2054 1468,2053 1469,2053 1469,2052 1470,2052 1470,2041 1471,2041 1471,2040 1483,2040 1483,2038 1484,2038"/>
	<TextEquiv>
	<Unicode>Ἄννων</Unicode></TextEquiv></Word>
	<TextEquiv>
	<Unicode>ὡς δ᾽ ἐπὶ τὸν πύργον ἀφίκοντο καὶ ὁ Ἄννων</Unicode></TextEquiv></TextLine>
	<TextLine id="r41">
	<Coords points="329,2100 329,2122 471,2122 471,2123 615,2123 615,2106 616,2106 616,2104 617,2104 617,2103 619,2103 619,2102 620,2102 620,2103 622,2103 622,2104 624,2104 624,2107 625,2107 625,2123 728,2123 728,2104 729,2104 729,2103 730,2103 730,2102 917,2102 917,2103 918,2103 918,2104 919,2104 919,2124 981,2124 981,2125 1099,2125 1099,2124 1104,2124 1104,2104 1105,2104 1105,2103 1107,2103 1107,2104 1266,2104 1266,2103 1269,2103 1269,2104 1271,2104 1271,2126 1375,2126 1375,2127 1486,2127 1486,2120 1487,2120 1487,2118 1488,2118 1488,2115 1489,2115 1489,2112 1490,2112 1490,2110 1491,2110 1491,2108 1492,2108 1492,2106 1493,2106 1493,2105 1494,2105 1494,2104 1497,2104 1497,2105 1498,2105 1498,2127 1549,2127 1549,2128 1552,2128 1552,2129 1661,2129 1661,2128 1661,2129 1663,2129 1663,2130 1664,2130 1664,2144 1667,2144 1667,2145 1668,2145 1668,2147 1667,2147 1667,2149 1666,2149 1666,2151 1665,2151 1665,2153 1663,2153 1663,2154 1662,2154 1662,2155 1661,2155 1661,2156 1658,2156 1658,2157 1576,2157 1576,2158 1574,2158 1574,2159 1528,2159 1528,2178 1527,2178 1527,2179 1526,2179 1526,2180 1525,2180 1525,2182 1524,2182 1524,2183 1523,2183 1523,2184 1522,2184 1522,2185 1521,2185 1521,2186 1520,2186 1520,2187 1519,2187 1519,2188 1518,2188 1518,2189 1516,2189 1516,2171 1500,2171 1500,2170 1499,2170 1499,2169 1498,2169 1498,2166 1437,2166 1437,2165 1436,2165 1436,2161 1292,2161 1292,2163 1291,2163 1291,2165 1290,2165 1290,2166 1289,2166 1289,2167 1287,2167 1287,2166 1286,2166 1286,2165 1285,2165 1285,2153 1258,2153 1258,2152 1130,2152 1130,2153 1127,2153 1127,2154 1126,2154 1126,2153 1124,2153 1124,2152 980,2152 980,2153 979,2153 979,2158 978,2158 978,2162 977,2162 977,2163 976,2163 976,2164 972,2164 972,2163 971,2163 971,2152 869,2152 869,2151 743,2151 743,2153 742,2153 742,2157 741,2157 741,2162 740,2162 740,2163 739,2163 739,2164 735,2164 735,2163 734,2163 734,2154 635,2154 635,2151 301,2151 301,2159 300,2159 300,2160 299,2160 299,2161 298,2161 298,2162 296,2162 296,2163 294,2163 294,2164 291,2164 291,2165 288,2165 288,2164 286,2164 286,2163 285,2163 285,2152 284,2152 284,2151 265,2151 265,2150 261,2150 261,2149 259,2149 259,2148 258,2148 258,2147 257,2147 257,2146 256,2146 256,2145 255,2145 255,2143 254,2143 254,2140 253,2140 253,2138 254,2138 254,2133 255,2133 255,2132 256,2132 256,2130 257,2130 257,2129 258,2129 258,2128 259,2128 259,2127 260,2127 260,2126 261,2126 261,2125 262,2125 262,2124 266,2124 266,2104 267,2104 267,2103 268,2103 268,2102 324,2102 324,2101 325,2101 325,2100"/>
	<Word id="r225">
	<Coords points="329,2100 329,2122 471,2122 471,2123 532,2123 532,2124 564,2124 564,2125 565,2125 565,2127 566,2127 566,2131 565,2131 565,2135 564,2135 564,2136 563,2136 563,2138 562,2138 562,2139 561,2139 561,2140 560,2140 560,2141 559,2141 559,2142 558,2142 558,2143 556,2143 556,2144 555,2144 555,2146 554,2146 554,2147 552,2147 552,2148 550,2148 550,2149 549,2149 549,2150 546,2150 546,2151 301,2151 301,2159 300,2159 300,2160 299,2160 299,2161 298,2161 298,2162 296,2162 296,2163 294,2163 294,2164 291,2164 291,2165 288,2165 288,2164 286,2164 286,2163 285,2163 285,2152 284,2152 284,2151 265,2151 265,2150 261,2150 261,2149 259,2149 259,2148 258,2148 258,2147 257,2147 257,2146 256,2146 256,2145 255,2145 255,2143 254,2143 254,2140 253,2140 253,2138 254,2138 254,2133 255,2133 255,2132 256,2132 256,2130 257,2130 257,2129 258,2129 258,2128 259,2128 259,2127 260,2127 260,2126 261,2126 261,2125 262,2125 262,2124 266,2124 266,2104 267,2104 267,2103 268,2103 268,2102 324,2102 324,2101 325,2101 325,2100"/>
	<TextEquiv>
	<Unicode>ἐξίππευσεν</Unicode></TextEquiv></Word>
	<Word id="r226">
	<Coords points="620,2102 620,2103 622,2103 622,2104 624,2104 624,2107 625,2107 625,2123 644,2123 644,2124 646,2124 646,2125 648,2125 648,2126 649,2126 649,2127 650,2127 650,2128 651,2128 651,2131 650,2131 650,2132 648,2132 648,2133 646,2133 646,2148 645,2148 645,2151 644,2151 644,2152 643,2152 643,2153 640,2153 640,2154 635,2154 635,2150 609,2150 609,2149 607,2149 607,2148 606,2148 606,2147 605,2147 605,2145 604,2145 604,2143 603,2143 603,2135 604,2135 604,2133 605,2133 605,2131 606,2131 606,2130 607,2130 607,2129 608,2129 608,2128 609,2128 609,2127 610,2127 610,2126 611,2126 611,2125 614,2125 614,2124 615,2124 615,2106 616,2106 616,2104 617,2104 617,2103 619,2103 619,2102"/>
	<TextEquiv>
	<Unicode>ἐς</Unicode></TextEquiv></Word>
	<Word id="r227">
	<Coords points="730,2102 734,2102 734,2103 735,2103 735,2106 736,2106 736,2108 737,2108 737,2111 738,2111 738,2114 739,2114 739,2117 740,2117 740,2123 776,2123 776,2124 777,2124 777,2125 778,2125 778,2127 779,2127 779,2128 778,2128 778,2133 777,2133 777,2136 776,2136 776,2137 775,2137 775,2139 774,2139 774,2140 773,2140 773,2141 772,2141 772,2143 771,2143 771,2144 770,2144 770,2145 769,2145 769,2146 767,2146 767,2147 765,2147 765,2148 764,2148 764,2149 761,2149 761,2150 759,2150 759,2151 743,2151 743,2153 742,2153 742,2157 741,2157 741,2162 740,2162 740,2163 739,2163 739,2164 735,2164 735,2163 734,2163 734,2151 697,2151 697,2150 696,2150 696,2135 687,2135 687,2128 688,2128 688,2127 689,2127 689,2126 690,2126 690,2125 728,2125 728,2104 729,2104 729,2103 730,2103"/>
	<TextEquiv>
	<Unicode>τὴν</Unicode></TextEquiv></Word>
	<Word id="r229">
	<Coords points="816,2102 917,2102 917,2103 918,2103 918,2104 919,2104 919,2124 981,2124 981,2125 1015,2125 1015,2126 1016,2126 1016,2128 1017,2128 1017,2131 1016,2131 1016,2133 1015,2133 1015,2135 1014,2135 1014,2137 1013,2137 1013,2139 1012,2139 1012,2140 1011,2140 1011,2141 1010,2141 1010,2143 1009,2143 1009,2144 1008,2144 1008,2145 1007,2145 1007,2146 1006,2146 1006,2147 1004,2147 1004,2148 1003,2148 1003,2149 1001,2149 1001,2150 999,2150 999,2151 996,2151 996,2152 980,2152 980,2153 979,2153 979,2158 978,2158 978,2162 977,2162 977,2163 976,2163 976,2164 972,2164 972,2163 971,2163 971,2152 869,2152 869,2151 831,2151 831,2150 832,2150 832,2149 834,2149 834,2119 817,2119 817,2117 816,2117 816,2107 815,2107 815,2103 816,2103"/>
	<TextEquiv>
	<Unicode>Ἰτύκην</Unicode></TextEquiv></Word>
	<Word id="r233">
	<Coords points="1105,2103 1107,2103 1107,2104 1109,2104 1109,2106 1110,2106 1110,2109 1111,2109 1111,2111 1112,2111 1112,2115 1113,2115 1113,2125 1148,2125 1148,2126 1149,2126 1149,2135 1148,2135 1148,2137 1147,2137 1147,2139 1146,2139 1146,2141 1145,2141 1145,2142 1144,2142 1144,2143 1143,2143 1143,2145 1141,2145 1141,2146 1140,2146 1140,2147 1138,2147 1138,2148 1137,2148 1137,2149 1136,2149 1136,2150 1134,2150 1134,2151 1132,2151 1132,2152 1130,2152 1130,2153 1127,2153 1127,2154 1126,2154 1126,2153 1124,2153 1124,2152 1062,2152 1062,2151 1059,2151 1059,2150 1058,2150 1058,2149 1057,2149 1057,2148 1056,2148 1056,2146 1055,2146 1055,2144 1054,2144 1054,2139 1055,2139 1055,2136 1056,2136 1056,2134 1057,2134 1057,2133 1058,2133 1058,2132 1059,2132 1059,2131 1060,2131 1060,2130 1061,2130 1061,2129 1062,2129 1062,2128 1064,2128 1064,2127 1067,2127 1067,2126 1097,2126 1097,2125 1099,2125 1099,2124 1104,2124 1104,2104 1105,2104"/>
	<TextEquiv>
	<Unicode>σὺν</Unicode></TextEquiv></Word>
	<Word id="r235">
	<Coords points="1266,2103 1269,2103 1269,2104 1271,2104 1271,2126 1375,2126 1375,2127 1378,2127 1378,2128 1380,2128 1380,2129 1381,2129 1381,2130 1382,2130 1382,2132 1383,2132 1383,2143 1394,2143 1394,2144 1396,2144 1396,2146 1397,2146 1397,2154 1396,2154 1396,2155 1395,2155 1395,2157 1394,2157 1394,2158 1393,2158 1393,2159 1391,2159 1391,2160 1388,2160 1388,2161 1292,2161 1292,2163 1291,2163 1291,2165 1290,2165 1290,2166 1289,2166 1289,2167 1287,2167 1287,2166 1286,2166 1286,2165 1285,2165 1285,2153 1258,2153 1258,2152 1195,2152 1195,2151 1192,2151 1192,2150 1191,2150 1191,2149 1190,2149 1190,2148 1189,2148 1189,2146 1188,2146 1188,2142 1187,2142 1187,2139 1188,2139 1188,2135 1189,2135 1189,2133 1190,2133 1190,2131 1192,2131 1192,2129 1194,2129 1194,2128 1196,2128 1196,2127 1197,2127 1197,2126 1198,2126 1198,2106 1199,2106 1199,2104 1266,2104"/>
	<TextEquiv>
	<Unicode>ὀλίγοις,</Unicode></TextEquiv></Word>
	<Word id="r323">
	<Coords points="1497,2104 1497,2105 1498,2105 1498,2127 1549,2127 1549,2128 1552,2128 1552,2129 1579,2129 1579,2130 1581,2130 1581,2131 1582,2131 1582,2132 1583,2132 1583,2134 1584,2134 1584,2137 1583,2137 1583,2138 1579,2138 1579,2155 1578,2155 1578,2157 1576,2157 1576,2158 1574,2158 1574,2159 1505,2159 1505,2163 1504,2163 1504,2166 1503,2166 1503,2170 1501,2170 1501,2171 1500,2171 1500,2170 1499,2170 1499,2169 1498,2169 1498,2166 1437,2166 1437,2165 1436,2165 1436,2160 1437,2160 1437,2157 1438,2157 1438,2154 1439,2154 1439,2150 1440,2150 1440,2148 1441,2148 1441,2144 1442,2144 1442,2143 1443,2143 1443,2137 1444,2137 1444,2134 1445,2134 1445,2128 1448,2128 1448,2127 1486,2127 1486,2120 1487,2120 1487,2118 1488,2118 1488,2115 1489,2115 1489,2112 1490,2112 1490,2110 1491,2110 1491,2108 1492,2108 1492,2106 1493,2106 1493,2105 1494,2105 1494,2104"/>
	<TextEquiv>
	<Unicode>μέρος</Unicode></TextEquiv></Word>
	<Word id="r238">
	<Coords points="1661,2129 1663,2129 1663,2130 1664,2130 1664,2144 1667,2144 1667,2145 1668,2145 1668,2147 1667,2147 1667,2149 1666,2149 1666,2151 1665,2151 1665,2153 1663,2153 1663,2154 1662,2154 1662,2155 1661,2155 1661,2156 1658,2156 1658,2157 1656,2157 1656,2156 1630,2156 1630,2155 1629,2155 1629,2154 1628,2154 1628,2140 1620,2140 1620,2137 1619,2137 1619,2135 1620,2135 1620,2132 1621,2132 1621,2131 1622,2131 1622,2130 1624,2130 1624,2129 1661,2129 1661,2128"/>
	<TextEquiv>
	<Unicode>τι</Unicode></TextEquiv></Word>
	<TextEquiv>
	<Unicode>ἐξίππευσεν ἐς τὴν Ἰτύκην σὺν ὀλίγοις, μέρος τι</Unicode></TextEquiv></TextLine>
	<TextLine id="r42">
	<Coords points="840,2169 840,2170 842,2170 842,2192 912,2192 912,2193 1093,2193 1093,2174 1094,2174 1094,2173 1182,2173 1182,2172 1183,2172 1183,2171 1184,2171 1184,2170 1190,2170 1190,2171 1191,2171 1191,2175 1308,2175 1308,2174 1309,2174 1309,2175 1311,2175 1311,2176 1313,2176 1313,2194 1388,2194 1388,2195 1426,2195 1426,2196 1635,2196 1635,2197 1661,2197 1661,2198 1663,2198 1663,2199 1664,2199 1664,2200 1665,2200 1665,2201 1666,2201 1666,2204 1667,2204 1667,2205 1666,2205 1666,2206 1665,2206 1665,2207 1662,2207 1662,2223 1661,2223 1661,2226 1660,2226 1660,2227 1658,2227 1658,2228 1657,2228 1657,2229 1633,2229 1633,2232 1632,2232 1632,2234 1631,2234 1631,2235 1630,2235 1630,2236 1628,2236 1628,2235 1627,2235 1627,2234 1626,2234 1626,2223 1437,2223 1437,2222 1402,2222 1402,2221 1321,2221 1321,2220 1183,2220 1183,2221 970,2221 970,2223 969,2223 969,2225 967,2225 967,2226 966,2226 966,2227 963,2227 963,2228 961,2228 961,2227 960,2227 960,2220 762,2220 762,2223 761,2223 761,2230 760,2230 760,2232 759,2232 759,2234 697,2234 697,2233 694,2233 694,2232 693,2232 693,2223 516,2223 516,2224 515,2224 515,2231 514,2231 514,2234 513,2234 513,2235 511,2235 511,2234 510,2234 510,2232 509,2232 509,2219 335,2219 335,2220 333,2220 333,2221 331,2221 331,2222 310,2222 310,2224 309,2224 309,2226 308,2226 308,2230 307,2230 307,2231 306,2231 306,2232 303,2232 303,2231 302,2231 302,2219 264,2219 264,2218 262,2218 262,2216 261,2216 261,2203 254,2203 254,2202 253,2202 253,2195 254,2195 254,2194 255,2194 255,2193 256,2193 256,2192 258,2192 258,2191 294,2191 294,2182 295,2182 295,2180 296,2180 296,2178 297,2178 297,2177 299,2177 299,2176 309,2176 309,2177 310,2177 310,2178 311,2178 311,2180 312,2180 312,2181 414,2181 414,2171 416,2171 416,2170 479,2170 479,2171 497,2171 497,2172 499,2172 499,2173 501,2173 501,2174 502,2174 502,2175 503,2175 503,2176 504,2176 504,2177 505,2177 505,2178 506,2178 506,2179 507,2179 507,2181 508,2181 508,2192 675,2192 675,2173 676,2173 676,2171 677,2171 677,2170 680,2170 680,2171 682,2171 682,2172 684,2172 684,2173 705,2173 705,2174 706,2174 706,2176 833,2176 833,2175 834,2175 834,2172 835,2172 835,2171 836,2171 836,2170 837,2170 837,2169"/>
	<Word id="r239">
	<Coords points="309,2176 309,2177 310,2177 310,2178 311,2178 311,2180 312,2180 312,2181 313,2181 313,2191 335,2191 335,2192 337,2192 337,2193 339,2193 339,2194 340,2194 340,2196 342,2196 342,2200 341,2200 341,2201 337,2201 337,2218 336,2218 336,2219 335,2219 335,2220 333,2220 333,2221 331,2221 331,2222 310,2222 310,2224 309,2224 309,2226 308,2226 308,2230 307,2230 307,2231 306,2231 306,2232 303,2232 303,2231 302,2231 302,2219 264,2219 264,2218 262,2218 262,2216 261,2216 261,2203 254,2203 254,2202 253,2202 253,2195 254,2195 254,2194 255,2194 255,2193 256,2193 256,2192 258,2192 258,2191 294,2191 294,2182 295,2182 295,2180 296,2180 296,2178 297,2178 297,2177 299,2177 299,2176"/>
	<TextEquiv>
	<Unicode>τῆς</Unicode></TextEquiv></Word>
	<Word id="r240">
	<Coords points="479,2170 479,2171 497,2171 497,2172 499,2172 499,2173 501,2173 501,2174 502,2174 502,2175 503,2175 503,2176 504,2176 504,2177 505,2177 505,2178 506,2178 506,2179 507,2179 507,2181 508,2181 508,2192 593,2192 593,2193 597,2193 597,2194 599,2194 599,2195 600,2195 600,2196 601,2196 601,2200 602,2200 601,2200 601,2202 597,2202 597,2219 596,2219 596,2221 595,2221 595,2222 594,2222 594,2223 516,2223 516,2224 515,2224 515,2231 514,2231 514,2234 513,2234 513,2235 511,2235 511,2234 510,2234 510,2232 509,2232 509,2219 429,2219 429,2218 412,2218 412,2217 408,2217 408,2216 407,2216 407,2215 406,2215 406,2214 405,2214 405,2213 404,2213 404,2212 403,2212 403,2210 402,2210 402,2203 403,2203 403,2200 404,2200 404,2199 405,2199 405,2198 406,2198 406,2196 408,2196 408,2194 410,2194 410,2193 412,2193 412,2192 414,2192 414,2171 416,2171 416,2170"/>
	<TextEquiv>
	<Unicode>ἐνέδρας</Unicode></TextEquiv></Word>
	<Word id="r241">
	<Coords points="840,2169 840,2170 842,2170 842,2192 912,2192 912,2193 948,2193 948,2194 951,2194 951,2196 953,2196 953,2197 954,2197 954,2199 955,2199 955,2211 969,2211 969,2212 970,2212 970,2214 971,2214 971,2216 972,2216 972,2218 971,2218 971,2221 970,2221 970,2223 969,2223 969,2225 967,2225 967,2226 966,2226 966,2227 963,2227 963,2228 961,2228 961,2227 960,2227 960,2220 762,2220 762,2223 761,2223 761,2230 760,2230 760,2232 759,2232 759,2234 697,2234 697,2233 694,2233 694,2232 693,2232 693,2221 692,2221 692,2220 691,2220 691,2219 690,2219 690,2218 672,2218 672,2217 669,2217 669,2216 667,2216 667,2215 666,2215 666,2214 665,2214 665,2213 664,2213 664,2211 663,2211 663,2203 664,2203 664,2201 665,2201 665,2199 666,2199 666,2198 667,2198 667,2196 668,2196 668,2195 670,2195 670,2194 671,2194 671,2193 673,2193 673,2192 675,2192 675,2173 676,2173 676,2171 677,2171 677,2170 680,2170 680,2171 682,2171 682,2172 684,2172 684,2173 705,2173 705,2174 706,2174 706,2176 833,2176 833,2175 834,2175 834,2172 835,2172 835,2171 836,2171 836,2170 837,2170 837,2169"/>
	<TextEquiv>
	<Unicode>ἐξεφαίνετο,</Unicode></TextEquiv></Word>
	<Word id="r242">
	<Coords points="1098,2173 1098,2174 1099,2174 1099,2178 1100,2178 1100,2180 1101,2180 1101,2181 1102,2181 1102,2183 1103,2183 1103,2186 1104,2186 1104,2188 1105,2188 1105,2209 1108,2209 1108,2212 1107,2212 1107,2214 1106,2214 1106,2217 1105,2217 1105,2218 1103,2218 1103,2219 1101,2219 1101,2220 1098,2220 1098,2221 1061,2221 1061,2220 1021,2220 1021,2217 1022,2217 1022,2214 1023,2214 1023,2212 1024,2212 1024,2208 1025,2208 1025,2205 1026,2205 1026,2202 1027,2202 1027,2199 1028,2199 1028,2196 1029,2196 1029,2194 1031,2194 1031,2193 1093,2193 1093,2174 1094,2174 1094,2173"/>
	<TextEquiv>
	<Unicode>καὶ</Unicode></TextEquiv></Word>
	<Word id="r243">
	<Coords points="1190,2170 1190,2171 1191,2171 1191,2200 1192,2200 1192,2204 1193,2204 1193,2207 1192,2207 1192,2211 1191,2211 1191,2214 1190,2214 1190,2215 1189,2215 1189,2217 1187,2217 1187,2218 1186,2218 1186,2219 1185,2219 1185,2220 1183,2220 1183,2221 1175,2221 1175,2220 1173,2220 1173,2219 1172,2219 1172,2218 1171,2218 1171,2217 1170,2217 1170,2215 1169,2215 1169,2213 1168,2213 1168,2206 1169,2206 1169,2203 1170,2203 1170,2201 1171,2201 1171,2199 1172,2199 1172,2198 1173,2198 1173,2197 1174,2197 1174,2196 1175,2196 1175,2195 1176,2195 1176,2194 1180,2194 1180,2175 1181,2175 1181,2173 1182,2173 1182,2172 1183,2172 1183,2171 1184,2171 1184,2170"/>
	<TextEquiv>
	<Unicode>ὁ</Unicode></TextEquiv></Word>
	<Word id="r244">
	<Coords points="1308,2174 1309,2174 1309,2175 1311,2175 1311,2176 1313,2176 1313,2194 1388,2194 1388,2195 1426,2195 1426,2196 1635,2196 1635,2197 1661,2197 1661,2198 1663,2198 1663,2199 1664,2199 1664,2200 1665,2200 1665,2201 1666,2201 1666,2204 1667,2204 1667,2205 1666,2205 1666,2206 1665,2206 1665,2207 1662,2207 1662,2223 1661,2223 1661,2226 1660,2226 1660,2227 1658,2227 1658,2228 1657,2228 1657,2229 1633,2229 1633,2232 1632,2232 1632,2234 1631,2234 1631,2235 1630,2235 1630,2236 1628,2236 1628,2235 1627,2235 1627,2234 1626,2234 1626,2223 1437,2223 1437,2222 1402,2222 1402,2221 1321,2221 1321,2220 1255,2220 1255,2219 1254,2219 1254,2176 1255,2176 1255,2175 1308,2175"/>
	<TextEquiv>
	<Unicode>Μασσανάσσης</Unicode></TextEquiv></Word>
	<TextEquiv>
	<Unicode>τῆς ἐνέδρας ἐξεφαίνετο, καὶ ὁ Μασσανάσσης</Unicode></TextEquiv></TextLine>
	<TextLine id="r43">
	<Coords points="268,2238 334,2238 334,2246 342,2246 342,2247 345,2247 345,2248 347,2248 347,2249 349,2249 349,2250 350,2250 350,2251 351,2251 351,2253 352,2253 352,2254 353,2254 353,2256 354,2256 354,2258 355,2258 355,2259 410,2259 410,2260 582,2260 582,2239 583,2239 583,2238 586,2238 586,2239 587,2239 587,2240 588,2240 588,2242 589,2242 589,2244 590,2244 590,2248 591,2248 591,2249 592,2249 592,2252 593,2252 593,2254 594,2254 594,2260 890,2260 890,2254 891,2254 891,2251 892,2251 892,2248 893,2248 893,2246 894,2246 894,2243 895,2243 895,2240 896,2240 896,2239 897,2239 897,2238 900,2238 900,2239 901,2239 901,2260 1037,2260 1037,2241 1039,2241 1039,2240 1096,2240 1096,2239 1097,2239 1097,2240 1100,2240 1100,2242 1101,2242 1101,2244 1102,2244 1102,2246 1103,2246 1103,2248 1104,2248 1104,2250 1105,2250 1105,2253 1106,2253 1106,2255 1107,2255 1107,2261 1210,2261 1210,2251 1211,2251 1211,2249 1212,2249 1212,2248 1213,2248 1213,2247 1214,2247 1214,2246 1215,2246 1215,2245 1216,2245 1216,2244 1309,2244 1309,2243 1310,2243 1310,2242 1311,2242 1311,2241 1317,2241 1317,2242 1318,2242 1318,2243 1319,2243 1319,2263 1438,2263 1438,2254 1439,2254 1439,2251 1440,2251 1440,2249 1441,2249 1441,2248 1442,2248 1442,2247 1443,2247 1443,2246 1446,2246 1446,2245 1448,2245 1448,2246 1452,2246 1452,2247 1454,2247 1454,2248 1455,2248 1455,2249 1456,2249 1456,2250 1457,2250 1457,2264 1612,2264 1612,2254 1613,2254 1613,2251 1614,2251 1614,2250 1615,2250 1615,2248 1617,2248 1617,2247 1620,2247 1620,2246 1623,2246 1623,2247 1626,2247 1626,2248 1627,2248 1627,2249 1629,2249 1629,2250 1630,2250 1630,2251 1631,2251 1631,2255 1632,2255 1632,2265 1666,2265 1666,2266 1667,2266 1667,2274 1666,2274 1666,2276 1665,2276 1665,2278 1664,2278 1664,2279 1663,2279 1663,2281 1662,2281 1662,2282 1661,2282 1661,2283 1660,2283 1660,2284 1659,2284 1659,2285 1658,2285 1658,2286 1656,2286 1656,2287 1655,2287 1655,2289 1653,2289 1653,2290 1651,2290 1651,2291 1648,2291 1648,2292 1645,2292 1645,2293 1643,2293 1643,2292 1578,2292 1578,2291 1577,2291 1577,2290 1446,2290 1446,2291 1416,2291 1416,2290 1245,2290 1245,2291 1244,2291 1244,2292 1243,2292 1243,2293 1241,2293 1241,2294 1238,2294 1238,2293 1237,2293 1237,2290 1189,2290 1189,2289 1099,2289 1099,2288 847,2288 847,2290 846,2290 846,2293 845,2293 845,2299 844,2299 844,2302 842,2302 842,2303 839,2303 839,2302 816,2302 816,2300 815,2300 815,2288 718,2288 718,2287 608,2287 608,2288 585,2288 585,2287 389,2287 389,2288 384,2288 384,2287 264,2287 264,2286 260,2286 260,2285 259,2285 259,2284 258,2284 258,2283 256,2283 256,2282 255,2282 255,2281 254,2281 254,2279 253,2279 253,2276 252,2276 252,2275 253,2275 253,2271 254,2271 254,2269 255,2269 255,2267 256,2267 256,2266 257,2266 257,2264 258,2264 258,2263 259,2263 259,2262 260,2262 260,2261 264,2261 264,2260 265,2260 265,2240 266,2240 266,2239 268,2239"/>
	<Word id="r245">
	<Coords points="334,2238 334,2246 342,2246 342,2247 345,2247 345,2248 347,2248 347,2249 349,2249 349,2250 350,2250 350,2251 351,2251 351,2253 352,2253 352,2254 353,2254 353,2256 354,2256 354,2258 355,2258 355,2259 410,2259 410,2260 492,2260 492,2261 493,2261 493,2262 494,2262 494,2265 493,2265 493,2266 491,2266 491,2285 490,2285 490,2286 488,2286 488,2287 389,2287 389,2288 384,2288 384,2287 264,2287 264,2286 260,2286 260,2285 259,2285 259,2284 258,2284 258,2283 256,2283 256,2282 255,2282 255,2281 254,2281 254,2279 253,2279 253,2276 252,2276 252,2275 253,2275 253,2271 254,2271 254,2269 255,2269 255,2267 256,2267 256,2266 257,2266 257,2264 258,2264 258,2263 259,2263 259,2262 260,2262 260,2261 264,2261 264,2260 265,2260 265,2240 266,2240 266,2239 268,2239 268,2238"/>
	<TextEquiv>
	<Unicode>ἐκέλευσε</Unicode></TextEquiv></Word>
	<Word id="r246">
	<Coords points="586,2238 586,2239 587,2239 587,2240 588,2240 588,2242 589,2242 589,2244 590,2244 590,2248 591,2248 591,2249 592,2249 592,2252 593,2252 593,2254 594,2254 594,2260 627,2260 627,2261 628,2261 628,2262 629,2262 629,2269 628,2269 628,2271 627,2271 627,2273 626,2273 626,2275 625,2275 625,2277 624,2277 624,2278 623,2278 623,2279 622,2279 622,2280 621,2280 621,2281 619,2281 619,2282 618,2282 618,2283 617,2283 617,2284 615,2284 615,2285 614,2285 614,2286 610,2286 610,2287 608,2287 608,2288 585,2288 585,2287 552,2287 552,2284 551,2284 551,2271 543,2271 543,2264 544,2264 544,2262 546,2262 546,2261 582,2261 582,2239 583,2239 583,2238"/>
	<TextEquiv>
	<Unicode>τὸν</Unicode></TextEquiv></Word>
	<Word id="r247">
	<Coords points="900,2238 900,2239 901,2239 901,2260 985,2260 985,2261 987,2261 987,2264 988,2264 988,2267 987,2267 987,2270 986,2270 986,2273 985,2273 985,2274 984,2274 984,2275 983,2275 983,2277 982,2277 982,2278 981,2278 981,2279 980,2279 980,2280 979,2280 979,2281 978,2281 978,2282 977,2282 977,2283 976,2283 976,2284 974,2284 974,2285 972,2285 972,2286 971,2286 971,2287 968,2287 968,2288 847,2288 847,2290 846,2290 846,2293 845,2293 845,2299 844,2299 844,2302 842,2302 842,2303 839,2303 839,2302 816,2302 816,2300 815,2300 815,2288 718,2288 718,2287 689,2287 689,2286 687,2286 687,2285 686,2285 686,2270 680,2270 680,2269 678,2269 678,2264 679,2264 679,2262 680,2262 680,2261 689,2261 689,2260 890,2260 890,2254 891,2254 891,2251 892,2251 892,2248 893,2248 893,2246 894,2246 894,2243 895,2243 895,2240 896,2240 896,2239 897,2239 897,2238"/>
	<TextEquiv>
	<Unicode>τεταγμένον</Unicode></TextEquiv></Word>
	<Word id="r248">
	<Coords points="1097,2239 1097,2240 1100,2240 1100,2242 1101,2242 1101,2244 1102,2244 1102,2246 1103,2246 1103,2248 1104,2248 1104,2250 1105,2250 1105,2253 1106,2253 1106,2255 1107,2255 1107,2277 1111,2277 1111,2280 1110,2280 1110,2282 1109,2282 1109,2284 1108,2284 1108,2285 1107,2285 1107,2287 1105,2287 1105,2288 1103,2288 1103,2289 1099,2289 1099,2288 1035,2288 1035,2287 1031,2287 1031,2286 1030,2286 1030,2285 1028,2285 1028,2283 1027,2283 1027,2282 1026,2282 1026,2280 1025,2280 1025,2272 1026,2272 1026,2270 1027,2270 1027,2268 1028,2268 1028,2266 1029,2266 1029,2265 1030,2265 1030,2264 1032,2264 1032,2262 1035,2262 1035,2261 1037,2261 1037,2241 1039,2241 1039,2240 1096,2240 1096,2239"/>
	<TextEquiv>
	<Unicode>ἐπὶ</Unicode></TextEquiv></Word>
	<Word id="r249">
	<Coords points="1224,2244 1224,2245 1226,2245 1226,2246 1227,2246 1227,2248 1228,2248 1228,2249 1229,2249 1229,2263 1245,2263 1245,2264 1247,2264 1247,2265 1249,2265 1249,2266 1250,2266 1250,2267 1251,2267 1251,2268 1252,2268 1252,2270 1251,2270 1251,2272 1247,2272 1247,2288 1246,2288 1246,2290 1245,2290 1245,2291 1244,2291 1244,2292 1243,2292 1243,2293 1241,2293 1241,2294 1238,2294 1238,2293 1237,2293 1237,2290 1189,2290 1189,2289 1158,2289 1158,2288 1157,2288 1157,2287 1156,2287 1156,2273 1149,2273 1149,2272 1148,2272 1148,2271 1147,2271 1147,2266 1148,2266 1148,2264 1149,2264 1149,2263 1150,2263 1150,2262 1153,2262 1153,2261 1210,2261 1210,2251 1211,2251 1211,2249 1212,2249 1212,2248 1213,2248 1213,2247 1214,2247 1214,2246 1215,2246 1215,2245 1216,2245 1216,2244"/>
	<TextEquiv>
	<Unicode>τοῖς</Unicode></TextEquiv></Word>
	<Word id="r250">
	<Coords points="1317,2241 1317,2242 1318,2242 1318,2243 1319,2243 1319,2263 1438,2263 1438,2254 1439,2254 1439,2251 1440,2251 1440,2249 1441,2249 1441,2248 1442,2248 1442,2247 1443,2247 1443,2246 1446,2246 1446,2245 1448,2245 1448,2246 1452,2246 1452,2247 1454,2247 1454,2248 1455,2248 1455,2249 1456,2249 1456,2250 1457,2250 1457,2264 1515,2264 1515,2280 1519,2280 1519,2281 1518,2281 1518,2283 1517,2283 1517,2285 1516,2285 1516,2287 1515,2287 1515,2288 1514,2288 1514,2289 1510,2289 1510,2290 1446,2290 1446,2291 1416,2291 1416,2290 1307,2290 1307,2289 1304,2289 1304,2288 1303,2288 1303,2287 1302,2287 1302,2286 1301,2286 1301,2280 1302,2280 1302,2275 1303,2275 1303,2272 1304,2272 1304,2269 1305,2269 1305,2266 1306,2266 1306,2264 1307,2264 1307,2263 1308,2263 1308,2248 1309,2248 1309,2243 1310,2243 1310,2242 1311,2242 1311,2241"/>
	<TextEquiv>
	<Unicode>ἱππεῦσι</Unicode></TextEquiv></Word>
	<Word id="r251">
	<Coords points="1623,2246 1623,2247 1626,2247 1626,2248 1627,2248 1627,2249 1629,2249 1629,2250 1630,2250 1630,2251 1631,2251 1631,2255 1632,2255 1632,2265 1666,2265 1666,2266 1667,2266 1667,2274 1666,2274 1666,2276 1665,2276 1665,2278 1664,2278 1664,2279 1663,2279 1663,2281 1662,2281 1662,2282 1661,2282 1661,2283 1660,2283 1660,2284 1659,2284 1659,2285 1658,2285 1658,2286 1656,2286 1656,2287 1655,2287 1655,2289 1653,2289 1653,2290 1651,2290 1651,2291 1648,2291 1648,2292 1645,2292 1645,2293 1643,2293 1643,2292 1578,2292 1578,2291 1577,2291 1577,2290 1576,2290 1576,2276 1569,2276 1569,2275 1568,2275 1568,2273 1567,2273 1567,2270 1568,2270 1568,2267 1569,2267 1569,2266 1570,2266 1570,2265 1574,2265 1574,2264 1612,2264 1612,2254 1613,2254 1613,2251 1614,2251 1614,2250 1615,2250 1615,2248 1617,2248 1617,2247 1620,2247 1620,2246"/>
	<TextEquiv>
	<Unicode>τῶν</Unicode></TextEquiv></Word>
	<TextEquiv>
	<Unicode>ἐκέλευσε τὸν τεταγμένον ἐπὶ τοῖς ἱππεῦσι τῶν</Unicode></TextEquiv></TextLine>
	<TextLine id="r45">
	<Coords points="555,2305 555,2306 556,2306 556,2308 557,2308 557,2329 674,2329 674,2328 675,2328 675,2309 676,2309 676,2308 679,2308 679,2307 680,2307 680,2308 765,2308 765,2309 769,2309 769,2310 770,2310 770,2311 771,2311 771,2312 772,2312 772,2313 773,2313 773,2314 774,2314 774,2315 775,2315 775,2317 777,2317 777,2320 778,2320 778,2328 800,2328 800,2329 913,2329 913,2319 914,2319 914,2316 915,2316 915,2315 916,2315 916,2314 917,2314 917,2313 918,2313 918,2312 920,2312 920,2311 927,2311 927,2312 929,2312 929,2313 930,2313 930,2314 931,2314 931,2315 932,2315 932,2318 933,2318 933,2329 1040,2329 1040,2310 1041,2310 1041,2309 1045,2309 1045,2310 1047,2310 1047,2312 1210,2312 1210,2311 1216,2311 1216,2312 1217,2312 1217,2313 1320,2313 1320,2311 1322,2311 1322,2310 1324,2310 1324,2309 1327,2309 1327,2310 1331,2310 1331,2311 1332,2311 1332,2312 1333,2312 1333,2313 1334,2313 1334,2314 1335,2314 1335,2331 1465,2331 1465,2312 1466,2312 1466,2310 1469,2310 1469,2309 1537,2309 1537,2310 1538,2310 1538,2332 1637,2332 1637,2333 1638,2333 1638,2334 1639,2334 1639,2335 1640,2335 1640,2336 1642,2336 1642,2337 1643,2337 1643,2338 1645,2338 1645,2339 1647,2339 1647,2341 1648,2341 1648,2350 1660,2350 1660,2351 1661,2351 1661,2352 1662,2352 1662,2353 1663,2353 1663,2358 1662,2358 1662,2359 1660,2359 1660,2360 1659,2360 1659,2361 1642,2361 1642,2362 1641,2362 1641,2363 1639,2363 1639,2364 1637,2364 1637,2365 1560,2365 1560,2366 1559,2366 1559,2371 1558,2371 1558,2372 1557,2372 1557,2373 1556,2373 1556,2374 1552,2374 1552,2373 1551,2373 1551,2359 1405,2359 1405,2358 1249,2358 1249,2359 1247,2359 1247,2360 1246,2360 1246,2361 1245,2361 1245,2362 1242,2362 1242,2363 1242,2362 1240,2362 1240,2361 1150,2361 1150,2360 1149,2360 1149,2357 1099,2357 1099,2356 995,2356 995,2357 994,2357 994,2356 855,2356 855,2360 854,2360 854,2363 853,2363 853,2368 852,2368 852,2370 785,2370 785,2371 783,2371 783,2372 781,2372 781,2371 780,2371 780,2368 779,2368 779,2357 738,2357 738,2356 440,2356 440,2357 439,2357 439,2360 438,2360 438,2364 437,2364 437,2366 436,2366 436,2367 411,2367 411,2368 410,2368 410,2369 409,2369 409,2370 408,2370 408,2371 406,2371 406,2372 403,2372 403,2373 403,2372 375,2372 375,2370 344,2370 344,2369 343,2369 343,2355 312,2355 312,2354 310,2354 310,2353 256,2353 256,2352 255,2352 255,2311 256,2311 256,2309 263,2309 263,2308 263,2309 296,2309 296,2310 299,2310 299,2328 411,2328 411,2327 456,2327 456,2310 457,2310 457,2308 458,2308 458,2307 551,2307 551,2306 552,2306 552,2305"/>
	<Word id="r252">
	<Coords points="555,2305 555,2306 556,2306 556,2308 557,2308 557,2329 625,2329 625,2330 626,2330 626,2339 625,2339 625,2340 624,2340 624,2341 623,2341 623,2342 622,2342 622,2344 621,2344 621,2346 620,2346 620,2347 619,2347 619,2348 618,2348 618,2350 616,2350 616,2351 614,2351 614,2352 612,2352 612,2353 610,2353 610,2354 609,2354 609,2355 606,2355 606,2356 440,2356 440,2357 439,2357 439,2360 438,2360 438,2364 437,2364 437,2366 436,2366 436,2367 411,2367 411,2368 410,2368 410,2369 409,2369 409,2370 408,2370 408,2371 406,2371 406,2372 403,2372 403,2373 403,2372 375,2372 375,2370 344,2370 344,2369 343,2369 343,2355 312,2355 312,2354 310,2354 310,2353 256,2353 256,2352 255,2352 255,2311 256,2311 256,2309 263,2309 263,2308 263,2309 296,2309 296,2310 299,2310 299,2328 411,2328 411,2327 456,2327 456,2310 457,2310 457,2308 458,2308 458,2307 551,2307 551,2306 552,2306 552,2305"/>
	<TextEquiv>
	<Unicode>Καρχηδονίων</Unicode></TextEquiv></Word>
	<Word id="r253">
	<Coords points="680,2307 680,2308 765,2308 765,2309 769,2309 769,2310 770,2310 770,2311 771,2311 771,2312 772,2312 772,2313 773,2313 773,2314 774,2314 774,2315 775,2315 775,2317 777,2317 777,2320 778,2320 778,2328 800,2328 800,2329 913,2329 913,2319 914,2319 914,2316 915,2316 915,2315 916,2315 916,2314 917,2314 917,2313 918,2313 918,2312 920,2312 920,2311 927,2311 927,2312 929,2312 929,2313 930,2313 930,2314 931,2314 931,2315 932,2315 932,2318 933,2318 933,2329 957,2329 957,2330 958,2330 958,2332 959,2332 959,2335 958,2335 958,2338 957,2338 957,2340 956,2340 956,2342 955,2342 955,2344 954,2344 954,2345 953,2345 953,2347 952,2347 952,2348 951,2348 951,2349 950,2349 950,2350 948,2350 948,2351 946,2351 946,2352 945,2352 945,2353 943,2353 943,2354 942,2354 942,2355 938,2355 938,2356 855,2356 855,2360 854,2360 854,2363 853,2363 853,2368 852,2368 852,2370 785,2370 785,2371 783,2371 783,2372 781,2372 781,2371 780,2371 780,2368 779,2368 779,2357 738,2357 738,2356 696,2356 696,2355 670,2355 670,2354 668,2354 668,2353 667,2353 667,2352 666,2352 666,2351 665,2351 665,2349 664,2349 664,2347 663,2347 663,2339 664,2339 664,2337 665,2337 665,2335 666,2335 666,2334 667,2334 667,2333 668,2333 668,2332 669,2332 669,2331 671,2331 671,2330 672,2330 672,2329 674,2329 674,2328 675,2328 675,2309 676,2309 676,2308 679,2308 679,2307"/>
	<TextEquiv>
	<Unicode>ἐπιδραμεῖν</Unicode></TextEquiv></Word>
	<Word id="r254">
	<Coords points="1045,2309 1045,2310 1047,2310 1047,2312 1136,2312 1136,2313 1138,2313 1138,2314 1139,2314 1139,2316 1140,2316 1140,2318 1141,2318 1141,2329 1156,2329 1156,2330 1158,2330 1158,2331 1161,2331 1161,2332 1162,2332 1162,2333 1163,2333 1163,2334 1164,2334 1164,2335 1165,2335 1165,2338 1164,2338 1164,2339 1159,2339 1159,2357 1158,2357 1158,2358 1157,2358 1157,2359 1156,2359 1156,2360 1155,2360 1155,2361 1150,2361 1150,2360 1149,2360 1149,2357 1099,2357 1099,2356 995,2356 995,2357 994,2357 994,2356 992,2356 992,2355 990,2355 990,2353 989,2353 989,2347 988,2347 988,2346 989,2346 989,2341 990,2341 990,2340 991,2340 991,2339 992,2339 992,2337 993,2337 993,2335 994,2335 994,2334 995,2334 995,2333 996,2333 996,2332 997,2332 997,2331 999,2331 999,2330 1001,2330 1001,2329 1040,2329 1040,2310 1041,2310 1041,2309"/>
	<TextEquiv>
	<Unicode>αὐτοῖς</Unicode></TextEquiv></Word>
	<Word id="r255">
	<Coords points="1216,2311 1216,2312 1217,2312 1217,2331 1249,2331 1249,2332 1251,2332 1251,2333 1252,2333 1252,2334 1254,2334 1254,2335 1255,2335 1255,2340 1253,2340 1253,2341 1250,2341 1250,2357 1249,2357 1249,2359 1247,2359 1247,2360 1246,2360 1246,2361 1245,2361 1245,2362 1242,2362 1242,2363 1242,2362 1240,2362 1240,2357 1211,2357 1211,2356 1194,2356 1194,2355 1193,2355 1193,2353 1192,2353 1192,2350 1191,2350 1191,2348 1190,2348 1190,2347 1191,2347 1191,2342 1192,2342 1192,2339 1193,2339 1193,2337 1194,2337 1194,2336 1195,2336 1195,2334 1196,2334 1196,2333 1198,2333 1198,2332 1201,2332 1201,2331 1207,2331 1207,2316 1208,2316 1208,2313 1209,2313 1209,2312 1210,2312 1210,2311"/>
	<TextEquiv>
	<Unicode>ὡς</Unicode></TextEquiv></Word>
	<Word id="r256">
	<Coords points="1327,2309 1327,2310 1331,2310 1331,2311 1332,2311 1332,2312 1333,2312 1333,2313 1334,2313 1334,2314 1335,2314 1335,2331 1428,2331 1428,2333 1429,2333 1429,2337 1430,2337 1430,2340 1429,2340 1429,2343 1428,2343 1428,2344 1427,2344 1427,2346 1426,2346 1426,2347 1425,2347 1425,2349 1423,2349 1423,2350 1422,2350 1422,2351 1420,2351 1420,2353 1419,2353 1419,2354 1417,2354 1417,2355 1416,2355 1416,2356 1414,2356 1414,2357 1412,2357 1412,2358 1410,2358 1410,2359 1405,2359 1405,2358 1287,2358 1287,2357 1285,2357 1285,2356 1283,2356 1283,2355 1282,2355 1282,2353 1281,2353 1281,2347 1280,2347 1280,2346 1281,2346 1281,2341 1282,2341 1282,2339 1283,2339 1283,2338 1284,2338 1284,2336 1285,2336 1285,2335 1286,2335 1286,2334 1287,2334 1287,2333 1288,2333 1288,2332 1290,2332 1290,2331 1293,2331 1293,2330 1317,2330 1317,2315 1318,2315 1318,2313 1320,2313 1320,2311 1322,2311 1322,2310 1324,2310 1324,2309"/>
	<TextEquiv>
	<Unicode>οὖσιν</Unicode></TextEquiv></Word>
	<Word id="r257">
	<Coords points="1537,2309 1537,2310 1538,2310 1538,2332 1637,2332 1637,2333 1638,2333 1638,2334 1639,2334 1639,2335 1640,2335 1640,2336 1642,2336 1642,2337 1643,2337 1643,2338 1645,2338 1645,2339 1647,2339 1647,2341 1648,2341 1648,2350 1660,2350 1660,2351 1661,2351 1661,2352 1662,2352 1662,2353 1663,2353 1663,2358 1662,2358 1662,2359 1660,2359 1660,2360 1659,2360 1659,2361 1642,2361 1642,2362 1641,2362 1641,2363 1639,2363 1639,2364 1637,2364 1637,2365 1560,2365 1560,2366 1559,2366 1559,2371 1558,2371 1558,2372 1557,2372 1557,2373 1556,2373 1556,2374 1552,2374 1552,2373 1551,2373 1551,2359 1488,2359 1488,2358 1466,2358 1466,2357 1460,2357 1460,2356 1458,2356 1458,2354 1457,2354 1457,2352 1456,2352 1456,2350 1455,2350 1455,2344 1456,2344 1456,2341 1457,2341 1457,2339 1458,2339 1458,2337 1459,2337 1459,2336 1460,2336 1460,2335 1461,2335 1461,2334 1462,2334 1462,2333 1465,2333 1465,2312 1466,2312 1466,2310 1469,2310 1469,2309"/>
	<TextEquiv>
	<Unicode>ὀλίγοις.</Unicode></TextEquiv></Word>
	<TextEquiv>
	<Unicode>Καρχηδονίων ἐπιδραμεῖν αὐτοῖς ὡς οὖσιν ὀλίγοις.</Unicode></TextEquiv></TextLine>
	<TextLine id="r46">
	<Coords points="835,2375 837,2375 837,2376 838,2376 838,2397 969,2397 969,2383 970,2383 970,2380 971,2380 971,2379 972,2379 972,2378 973,2378 973,2377 974,2377 974,2376 976,2376 976,2375 991,2375 991,2376 992,2376 992,2398 1102,2398 1102,2397 1181,2397 1181,2384 1182,2384 1182,2380 1184,2380 1184,2379 1186,2379 1186,2378 1189,2378 1189,2379 1291,2379 1291,2378 1294,2378 1294,2377 1295,2377 1295,2378 1298,2378 1298,2379 1534,2379 1534,2378 1538,2378 1538,2400 1575,2400 1575,2401 1644,2401 1644,2402 1645,2402 1645,2403 1646,2403 1646,2405 1647,2405 1647,2419 1659,2419 1659,2420 1660,2420 1660,2422 1661,2422 1661,2424 1660,2424 1660,2427 1658,2427 1658,2428 1623,2428 1623,2429 1532,2429 1532,2431 1531,2431 1531,2434 1530,2434 1530,2438 1529,2438 1529,2440 1526,2440 1526,2441 1525,2441 1525,2440 1524,2440 1524,2439 1455,2439 1455,2438 1367,2438 1367,2437 1365,2437 1365,2427 1222,2427 1222,2428 1221,2428 1221,2429 1219,2429 1219,2430 1215,2430 1215,2429 1214,2429 1214,2424 1104,2424 1104,2425 995,2425 995,2424 887,2424 887,2425 886,2425 886,2426 885,2426 885,2427 883,2427 883,2428 810,2428 810,2434 809,2434 809,2437 808,2437 808,2438 807,2438 807,2439 806,2439 806,2440 804,2440 804,2441 706,2441 706,2440 704,2440 704,2439 703,2439 703,2434 661,2434 661,2424 523,2424 523,2425 522,2425 522,2426 518,2426 518,2423 311,2423 311,2424 293,2424 293,2423 253,2423 253,2421 252,2421 252,2418 253,2418 253,2415 254,2415 254,2412 255,2412 255,2409 256,2409 256,2406 257,2406 257,2403 258,2403 258,2400 259,2400 259,2398 260,2398 260,2397 262,2397 262,2396 264,2396 264,2395 323,2395 323,2375 327,2375 327,2376 489,2376 489,2377 693,2377 693,2378 696,2378 696,2379 697,2379 697,2380 699,2380 699,2381 700,2381 700,2382 701,2382 701,2384 702,2384 702,2387 703,2387 703,2396 808,2396 808,2395 826,2395 826,2391 827,2391 827,2388 828,2388 828,2386 829,2386 829,2382 830,2382 830,2380 831,2380 831,2378 832,2378 832,2376 833,2376 833,2375 835,2375 835,2374"/>
	<Word id="r258">
	<Coords points="327,2375 327,2377 328,2377 328,2378 329,2378 329,2380 330,2380 330,2382 331,2382 331,2385 332,2385 332,2387 333,2387 333,2390 334,2390 334,2392 335,2392 335,2412 338,2412 338,2415 337,2415 337,2417 336,2417 336,2418 335,2418 335,2420 334,2420 334,2421 333,2421 333,2422 331,2422 331,2423 311,2423 311,2424 293,2424 293,2423 253,2423 253,2421 252,2421 252,2418 253,2418 253,2415 254,2415 254,2412 255,2412 255,2409 256,2409 256,2406 257,2406 257,2403 258,2403 258,2400 259,2400 259,2398 260,2398 260,2397 262,2397 262,2396 264,2396 264,2395 323,2395 323,2375"/>
	<TextEquiv>
	<Unicode>καὶ</Unicode></TextEquiv></Word>
	<Word id="r259">
	<Coords points="428,2376 489,2376 489,2378 491,2378 491,2380 492,2380 492,2382 493,2382 493,2383 494,2383 494,2396 523,2396 523,2397 526,2397 526,2398 528,2398 528,2399 529,2399 529,2400 530,2400 530,2401 531,2401 531,2404 530,2404 530,2405 527,2405 527,2420 526,2420 526,2421 525,2421 525,2423 524,2423 524,2424 523,2424 523,2425 522,2425 522,2426 518,2426 518,2423 423,2423 423,2422 383,2422 383,2421 381,2421 381,2420 380,2420 380,2419 379,2419 379,2417 378,2417 378,2412 379,2412 379,2409 380,2409 380,2407 381,2407 381,2405 382,2405 382,2403 383,2403 383,2402 384,2402 384,2401 385,2401 385,2400 386,2400 386,2399 387,2399 387,2398 389,2398 389,2397 391,2397 391,2396 426,2396 426,2378 427,2378 427,2377 428,2377"/>
	<TextEquiv>
	<Unicode>αὐτὸς</Unicode></TextEquiv></Word>
	<Word id="r261">
	<Coords points="590,2377 590,2378 591,2378 591,2380 592,2380 592,2382 593,2382 593,2398 624,2398 624,2399 625,2399 625,2403 623,2403 623,2418 622,2418 622,2420 620,2420 620,2421 619,2421 619,2422 618,2422 618,2423 616,2423 616,2424 578,2424 578,2423 575,2423 575,2422 574,2422 574,2421 573,2421 573,2419 572,2419 572,2418 571,2418 571,2417 570,2417 570,2415 569,2415 569,2414 570,2414 570,2409 571,2409 571,2407 572,2407 572,2405 573,2405 573,2403 574,2403 574,2402 575,2402 575,2401 577,2401 577,2400 578,2400 578,2399 580,2399 580,2398 582,2398 582,2379 583,2379 583,2378 584,2378 584,2377"/>
	<TextEquiv>
	<Unicode>ἐκ</Unicode></TextEquiv></Word>
	<Word id="r262">
	<Coords points="835,2375 837,2375 837,2376 838,2376 838,2397 885,2397 885,2398 889,2398 889,2399 890,2399 890,2400 891,2400 891,2401 892,2401 892,2402 893,2402 893,2405 892,2405 892,2407 888,2407 888,2423 887,2423 887,2425 886,2425 886,2426 885,2426 885,2427 883,2427 883,2428 810,2428 810,2434 809,2434 809,2437 808,2437 808,2438 807,2438 807,2439 806,2439 806,2440 804,2440 804,2441 706,2441 706,2440 704,2440 704,2439 703,2439 703,2434 661,2434 661,2428 662,2428 662,2425 663,2425 663,2422 664,2422 664,2419 665,2419 665,2416 666,2416 666,2413 667,2413 667,2409 668,2409 668,2406 669,2406 669,2403 670,2403 670,2399 671,2399 671,2397 672,2397 672,2395 673,2395 673,2390 674,2390 674,2388 675,2388 675,2386 676,2386 676,2384 678,2384 678,2382 679,2382 679,2381 680,2381 680,2380 682,2380 682,2379 683,2379 683,2378 684,2378 684,2377 693,2377 693,2378 696,2378 696,2379 697,2379 697,2380 699,2380 699,2381 700,2381 700,2382 701,2382 701,2384 702,2384 702,2387 703,2387 703,2396 808,2396 808,2395 826,2395 826,2391 827,2391 827,2388 828,2388 828,2386 829,2386 829,2382 830,2382 830,2380 831,2380 831,2378 832,2378 832,2376 833,2376 833,2375 835,2375 835,2374"/>
	<TextEquiv>
	<Unicode>βραχέος</Unicode></TextEquiv></Word>
	<Word id="r263">
	<Coords points="991,2375 991,2376 992,2376 992,2398 1102,2398 1102,2397 1103,2397 1103,2398 1109,2398 1109,2399 1111,2399 1111,2400 1112,2400 1112,2401 1113,2401 1113,2402 1114,2402 1114,2406 1115,2406 1115,2413 1114,2413 1114,2415 1113,2415 1113,2417 1112,2417 1112,2419 1111,2419 1111,2420 1110,2420 1110,2421 1109,2421 1109,2422 1108,2422 1108,2423 1106,2423 1106,2424 1104,2424 1104,2425 995,2425 995,2424 949,2424 949,2423 947,2423 947,2422 946,2422 946,2421 945,2421 945,2420 944,2420 944,2418 942,2418 942,2415 941,2415 941,2411 942,2411 942,2408 943,2408 943,2407 944,2407 944,2405 945,2405 945,2404 946,2404 946,2403 947,2403 947,2402 948,2402 948,2400 950,2400 950,2399 951,2399 951,2398 953,2398 953,2397 969,2397 969,2383 970,2383 970,2380 971,2380 971,2379 972,2379 972,2378 973,2378 973,2377 974,2377 974,2376 976,2376 976,2375"/>
	<TextEquiv>
	<Unicode>εἵπετο</Unicode></TextEquiv></Word>
	<Word id="r264">
	<Coords points="1189,2378 1189,2379 1191,2379 1191,2399 1222,2399 1222,2400 1224,2400 1224,2401 1225,2401 1225,2402 1226,2402 1226,2403 1227,2403 1227,2404 1228,2404 1228,2406 1229,2406 1229,2407 1228,2407 1228,2408 1227,2408 1227,2409 1224,2409 1224,2425 1223,2425 1223,2427 1222,2427 1222,2428 1221,2428 1221,2429 1219,2429 1219,2430 1215,2430 1215,2429 1214,2429 1214,2424 1170,2424 1170,2423 1168,2423 1168,2422 1167,2422 1167,2421 1166,2421 1166,2407 1167,2407 1167,2405 1168,2405 1168,2404 1169,2404 1169,2403 1170,2403 1170,2402 1171,2402 1171,2401 1172,2401 1172,2400 1174,2400 1174,2399 1181,2399 1181,2384 1182,2384 1182,2380 1184,2380 1184,2379 1186,2379 1186,2378"/>
	<TextEquiv>
	<Unicode>ὡς</Unicode></TextEquiv></Word>
	<Word id="r265">
	<Coords points="1295,2377 1295,2378 1298,2378 1298,2379 1534,2379 1534,2378 1538,2378 1538,2400 1575,2400 1575,2401 1644,2401 1644,2402 1645,2402 1645,2403 1646,2403 1646,2405 1647,2405 1647,2419 1659,2419 1659,2420 1660,2420 1660,2422 1661,2422 1661,2424 1660,2424 1660,2427 1658,2427 1658,2428 1623,2428 1623,2429 1532,2429 1532,2431 1531,2431 1531,2434 1530,2434 1530,2438 1529,2438 1529,2440 1526,2440 1526,2441 1525,2441 1525,2440 1524,2440 1524,2439 1455,2439 1455,2438 1367,2438 1367,2437 1365,2437 1365,2427 1310,2427 1310,2426 1288,2426 1288,2425 1284,2425 1284,2424 1283,2424 1283,2423 1281,2423 1281,2421 1280,2421 1280,2420 1279,2420 1279,2417 1278,2417 1278,2410 1279,2410 1279,2408 1280,2408 1280,2405 1281,2405 1281,2404 1282,2404 1282,2403 1283,2403 1283,2402 1285,2402 1285,2401 1286,2401 1286,2400 1288,2400 1288,2399 1291,2399 1291,2378 1294,2378 1294,2377"/>
	<TextEquiv>
	<Unicode>ἐπιβοηθήσων.</Unicode></TextEquiv></Word>
	<TextEquiv>
	<Unicode>καὶ αὐτὸς ἐκ βραχέος εἵπετο ὡς ἐπιβοηθήσων.</Unicode></TextEquiv></TextLine>
	<TextLine id="r15">
	<Coords points="269,2443 271,2443 271,2444 272,2444 272,2445 273,2445 273,2446 274,2446 274,2448 275,2448 275,2464 388,2464 388,2455 389,2455 389,2453 390,2453 390,2450 391,2450 391,2448 392,2448 392,2446 393,2446 393,2444 394,2444 394,2443 395,2443 395,2442 398,2442 398,2443 399,2443 399,2464 524,2464 524,2447 525,2447 525,2445 526,2445 526,2444 527,2444 527,2443 531,2443 531,2442 532,2442 532,2443 559,2443 559,2444 561,2444 561,2446 562,2446 562,2447 665,2447 665,2448 667,2448 667,2449 770,2449 770,2448 837,2448 837,2447 839,2447 839,2446 843,2446 843,2445 883,2445 883,2444 885,2444 885,2443 885,2444 887,2444 887,2465 920,2465 920,2466 1046,2466 1046,2465 1050,2465 1050,2466 1163,2466 1163,2459 1164,2459 1164,2457 1165,2457 1165,2453 1166,2453 1166,2451 1167,2451 1167,2450 1168,2450 1168,2448 1169,2448 1169,2446 1170,2446 1170,2445 1171,2445 1171,2444 1174,2444 1174,2445 1175,2445 1175,2467 1328,2467 1328,2453 1329,2453 1329,2451 1330,2451 1330,2450 1332,2450 1332,2449 1343,2449 1343,2448 1344,2448 1344,2447 1346,2447 1346,2446 1346,2447 1347,2447 1347,2448 1348,2448 1348,2468 1513,2468 1513,2455 1514,2455 1514,2454 1586,2454 1586,2452 1587,2452 1587,2450 1588,2450 1588,2448 1590,2448 1590,2446 1594,2446 1594,2448 1595,2448 1595,2470 1662,2470 1662,2472 1663,2472 1663,2479 1662,2479 1662,2480 1661,2480 1661,2482 1660,2482 1660,2484 1659,2484 1659,2485 1658,2485 1658,2486 1657,2486 1657,2488 1656,2488 1656,2489 1655,2489 1655,2490 1654,2490 1654,2491 1653,2491 1653,2492 1652,2492 1652,2493 1650,2493 1650,2494 1649,2494 1649,2495 1646,2495 1646,2496 1644,2496 1644,2497 1640,2497 1640,2498 1640,2496 1497,2496 1497,2497 1343,2497 1343,2498 1342,2498 1342,2502 1341,2502 1341,2505 1340,2505 1340,2507 1339,2507 1339,2508 1334,2508 1334,2507 1333,2507 1333,2503 1278,2503 1278,2495 1250,2495 1250,2494 1122,2494 1122,2495 1121,2495 1121,2504 1120,2504 1120,2506 1119,2506 1119,2507 1118,2507 1118,2508 1117,2508 1117,2509 1008,2509 1008,2507 1007,2507 1007,2506 1006,2506 1006,2493 821,2493 821,2498 820,2498 820,2500 819,2500 819,2501 818,2501 818,2502 817,2502 817,2501 816,2501 816,2500 815,2500 815,2493 801,2493 801,2492 799,2492 799,2491 688,2491 688,2492 669,2492 669,2493 617,2493 617,2492 463,2492 463,2505 461,2505 461,2506 460,2506 460,2507 459,2507 459,2508 458,2508 458,2509 455,2509 455,2508 453,2508 453,2507 451,2507 451,2506 450,2506 450,2503 449,2503 449,2491 346,2491 346,2492 345,2492 345,2495 344,2495 344,2499 343,2499 343,2503 342,2503 342,2504 341,2504 341,2505 339,2505 339,2504 338,2504 338,2491 278,2491 278,2490 259,2490 259,2489 257,2489 257,2488 256,2488 256,2487 254,2487 254,2485 253,2485 253,2483 252,2483 252,2476 253,2476 253,2473 254,2473 254,2470 255,2470 255,2469 256,2469 256,2468 257,2468 257,2467 258,2467 258,2466 260,2466 260,2465 264,2465 264,2464 265,2464 265,2444 266,2444 266,2443 269,2443 269,2442"/>
	<Word id="r105">
	<Coords points="269,2443 271,2443 271,2444 272,2444 272,2445 273,2445 273,2446 274,2446 274,2448 275,2448 275,2464 301,2464 301,2465 302,2465 302,2466 303,2466 303,2468 302,2468 302,2474 301,2474 301,2476 300,2476 300,2478 299,2478 299,2480 298,2480 298,2481 297,2481 297,2482 296,2482 296,2483 294,2483 294,2485 293,2485 293,2486 290,2486 290,2487 289,2487 289,2488 288,2488 288,2489 286,2489 286,2490 283,2490 283,2491 278,2491 278,2490 259,2490 259,2489 257,2489 257,2488 256,2488 256,2487 254,2487 254,2485 253,2485 253,2483 252,2483 252,2476 253,2476 253,2473 254,2473 254,2470 255,2470 255,2469 256,2469 256,2468 257,2468 257,2467 258,2467 258,2466 260,2466 260,2465 264,2465 264,2464 265,2464 265,2444 266,2444 266,2443 269,2443 269,2442"/>
	<TextEquiv>
	<Unicode>ἐν</Unicode></TextEquiv></Word>
	<Word id="r106">
	<Coords points="398,2442 398,2443 399,2443 399,2464 436,2464 436,2465 475,2465 475,2466 476,2466 476,2467 477,2467 477,2468 478,2468 478,2469 479,2469 479,2471 480,2471 480,2480 479,2480 479,2483 478,2483 478,2484 477,2484 477,2485 476,2485 476,2487 475,2487 475,2488 469,2488 469,2489 467,2489 467,2490 463,2490 463,2505 461,2505 461,2506 460,2506 460,2507 459,2507 459,2508 458,2508 458,2509 455,2509 455,2508 453,2508 453,2507 451,2507 451,2506 450,2506 450,2503 449,2503 449,2491 346,2491 346,2492 345,2492 345,2495 344,2495 344,2499 343,2499 343,2503 342,2503 342,2504 341,2504 341,2505 339,2505 339,2504 338,2504 338,2502 339,2502 339,2498 340,2498 340,2495 341,2495 341,2491 342,2491 342,2487 343,2487 343,2484 344,2484 344,2481 345,2481 345,2476 346,2476 346,2472 347,2472 347,2469 348,2469 348,2467 349,2467 349,2466 350,2466 350,2465 352,2465 352,2464 388,2464 388,2455 389,2455 389,2453 390,2453 390,2450 391,2450 391,2448 392,2448 392,2446 393,2446 393,2444 394,2444 394,2443 395,2443 395,2442"/>
	<TextEquiv>
	<Unicode>μέσῳ</Unicode></TextEquiv></Word>
	<Word id="r107">
	<Coords points="532,2442 532,2443 559,2443 559,2444 561,2444 561,2446 562,2446 562,2451 563,2451 563,2453 564,2453 564,2460 567,2460 567,2466 568,2466 568,2467 569,2467 569,2469 570,2469 569,2469 569,2470 568,2470 568,2471 567,2471 567,2478 566,2478 566,2490 565,2490 565,2491 563,2491 563,2492 559,2492 559,2491 528,2491 528,2490 525,2490 525,2489 524,2489 524,2488 522,2488 522,2486 521,2486 521,2483 520,2483 520,2479 519,2479 519,2476 520,2476 520,2474 521,2474 521,2472 522,2472 522,2471 523,2471 523,2470 524,2470 524,2447 525,2447 525,2445 526,2445 526,2444 527,2444 527,2443 531,2443 531,2442"/>
	<TextEquiv>
	<Unicode>δὲ</Unicode></TextEquiv></Word>
	<Word id="r108">
	<Coords points="665,2447 665,2448 667,2448 667,2449 668,2449 668,2450 669,2450 669,2451 670,2451 670,2454 671,2454 671,2467 707,2467 707,2468 708,2468 708,2473 707,2473 707,2477 706,2477 706,2478 705,2478 705,2480 704,2480 704,2481 703,2481 703,2482 701,2482 701,2483 700,2483 700,2485 699,2485 699,2486 698,2486 698,2487 697,2487 697,2488 696,2488 696,2489 694,2489 694,2490 692,2490 692,2491 688,2491 688,2492 669,2492 669,2493 617,2493 617,2492 616,2492 616,2476 610,2476 610,2475 609,2475 609,2473 608,2473 609,2473 609,2469 610,2469 610,2468 611,2468 611,2467 614,2467 614,2466 653,2466 653,2452 654,2452 654,2451 655,2451 655,2450 656,2450 656,2448 660,2448 660,2447"/>
	<TextEquiv>
	<Unicode>τῶν</Unicode></TextEquiv></Word>
	<Word id="r109">
	<Coords points="885,2443 885,2444 887,2444 887,2465 920,2465 920,2466 956,2466 956,2467 958,2467 958,2471 959,2471 959,2474 958,2474 958,2476 957,2476 957,2478 956,2478 956,2479 955,2479 955,2481 954,2481 954,2482 953,2482 953,2484 952,2484 952,2485 951,2485 951,2486 950,2486 950,2487 948,2487 948,2489 946,2489 946,2490 945,2490 945,2491 943,2491 943,2492 940,2492 940,2493 821,2493 821,2498 820,2498 820,2500 819,2500 819,2501 818,2501 818,2502 817,2502 817,2501 816,2501 816,2500 815,2500 815,2493 801,2493 801,2492 799,2492 799,2491 747,2491 747,2490 746,2490 746,2489 747,2489 747,2488 749,2488 749,2487 752,2487 752,2486 754,2486 754,2483 755,2483 755,2479 756,2479 756,2478 757,2478 757,2475 758,2475 758,2472 759,2472 759,2471 760,2471 760,2469 761,2469 761,2467 762,2467 762,2464 763,2464 763,2460 764,2460 764,2458 765,2458 765,2455 766,2455 766,2453 767,2453 767,2451 768,2451 768,2449 770,2449 770,2448 837,2448 837,2447 839,2447 839,2446 843,2446 843,2445 883,2445 883,2444 885,2444"/>
	<TextEquiv>
	<Unicode>Λιβύων</Unicode></TextEquiv></Word>
	<Word id="r111">
	<Coords points="1174,2444 1174,2445 1175,2445 1175,2467 1237,2467 1237,2468 1274,2468 1274,2469 1275,2469 1275,2472 1276,2472 1276,2485 1287,2485 1287,2486 1288,2486 1288,2487 1289,2487 1289,2488 1290,2488 1290,2491 1291,2491 1291,2494 1290,2494 1290,2497 1289,2497 1289,2499 1287,2499 1287,2502 1285,2502 1285,2503 1278,2503 1278,2495 1250,2495 1250,2494 1122,2494 1122,2495 1121,2495 1121,2504 1120,2504 1120,2506 1119,2506 1119,2507 1118,2507 1118,2508 1117,2508 1117,2509 1008,2509 1008,2507 1007,2507 1007,2506 1006,2506 1006,2484 998,2484 998,2483 997,2483 997,2479 996,2479 996,2472 997,2472 997,2471 998,2471 998,2469 1000,2469 1000,2468 1001,2468 1001,2467 1026,2467 1026,2466 1046,2466 1046,2465 1050,2465 1050,2466 1163,2466 1163,2459 1164,2459 1164,2457 1165,2457 1165,2453 1166,2453 1166,2451 1167,2451 1167,2450 1168,2450 1168,2448 1169,2448 1169,2446 1170,2446 1170,2445 1171,2445 1171,2444"/>
	<TextEquiv>
	<Unicode>γενομένων,</Unicode></TextEquiv></Word>
	<Word id="r112">
	<Coords points="1346,2447 1347,2447 1347,2448 1348,2448 1348,2479 1347,2479 1347,2482 1346,2482 1346,2486 1345,2486 1345,2490 1344,2490 1344,2493 1343,2493 1343,2498 1342,2498 1342,2502 1341,2502 1341,2505 1340,2505 1340,2507 1339,2507 1339,2508 1334,2508 1334,2507 1333,2507 1333,2493 1323,2493 1323,2492 1321,2492 1321,2477 1319,2477 1319,2476 1318,2476 1318,2475 1317,2475 1317,2474 1318,2474 1318,2472 1319,2472 1319,2471 1320,2471 1320,2470 1321,2470 1321,2469 1322,2469 1322,2468 1328,2468 1328,2453 1329,2453 1329,2451 1330,2451 1330,2450 1332,2450 1332,2449 1343,2449 1343,2448 1344,2448 1344,2447 1346,2447 1346,2446"/>
	<TextEquiv>
	<Unicode>ἥ</Unicode></TextEquiv></Word>
	<Word id="r113">
	<Coords points="1439,2468 1439,2469 1440,2469 1440,2474 1439,2474 1439,2492 1438,2492 1438,2493 1437,2493 1437,2494 1436,2494 1436,2495 1434,2495 1434,2496 1432,2496 1432,2497 1398,2497 1398,2496 1396,2496 1396,2495 1395,2495 1395,2479 1389,2479 1389,2478 1388,2478 1388,2476 1387,2476 1387,2474 1388,2474 1388,2472 1389,2472 1389,2470 1391,2470 1391,2469 1432,2469 1432,2468"/>
	<TextEquiv>
	<Unicode>τε</Unicode></TextEquiv></Word>
	<Word id="r114">
	<Coords points="1594,2446 1594,2448 1595,2448 1595,2470 1662,2470 1662,2472 1663,2472 1663,2479 1662,2479 1662,2480 1661,2480 1661,2482 1660,2482 1660,2484 1659,2484 1659,2485 1658,2485 1658,2486 1657,2486 1657,2488 1656,2488 1656,2489 1655,2489 1655,2490 1654,2490 1654,2491 1653,2491 1653,2492 1652,2492 1652,2493 1650,2493 1650,2494 1649,2494 1649,2495 1646,2495 1646,2496 1644,2496 1644,2497 1640,2497 1640,2498 1640,2496 1497,2496 1497,2497 1478,2497 1478,2496 1477,2496 1477,2495 1476,2495 1476,2480 1472,2480 1472,2474 1473,2474 1473,2472 1474,2472 1474,2471 1475,2471 1475,2470 1479,2470 1479,2469 1503,2469 1503,2468 1513,2468 1513,2455 1514,2455 1514,2454 1586,2454 1586,2452 1587,2452 1587,2450 1588,2450 1588,2448 1590,2448 1590,2446"/>
	<TextEquiv>
	<Unicode>πλείων</Unicode></TextEquiv></Word>
	<TextEquiv>
	<Unicode>ἐν μέσῳ δὲ τῶν Λιβύων γενομένων, ἥ τε πλείων</Unicode></TextEquiv></TextLine>
	<TextLine id="r335">
	<Coords points="222,2519 222,2612 393,2612 393,2519"/>
	<Word id="r336">
	<Coords points="240,2531 240,2603 364,2603 364,2531"/>
	<TextEquiv>
	<Unicode>422</Unicode></TextEquiv></Word>
	<TextEquiv>
	<Unicode>422</Unicode></TextEquiv></TextLine></TextRegion></Page></PcGts>
