1747 2693
128 321 234 358 CAP.

128 364 217 398 III

300 176 618 245 APPIAN'S
641 176 898 248 ROMAN
918 181 1244 251 HISTORY,
1261 177 1458 248 BOOK
1479 176 1619 248 VIII

255 311 430 378 ἐνέδρα
489 311 844 379 κατεφαίνετο,
896 313 984 362 καὶ
1045 312 1424 375 συνηκόντισαν
1483 315 1668 369 αὐτοὺς

255 380 568 447 ἑκατέρωθεν
604 380 661 431 οἵ
689 402 744 431 τε
778 379 1024 445 Ῥωμαῖοι
1057 381 1146 431 καὶ
1180 380 1204 431 ὁ
1239 383 1668 446 Μασσανάσσης,

255 448 396 512 πλὴν
443 448 806 515 τετρακοσίων,
857 449 907 499 οἳ
955 449 1262 516 ἐλήφθησαν
1323 450 1668 519 αἰχμάλωτοι.

255 519 670 580 Μασσανάσσης
708 517 765 574 δ᾽,
804 517 918 567 ἐπεὶ
955 521 1107 567 τοῦτο
1157 518 1532 583 ἐξετετέλεστο,
1570 521 1669 571 ἀπ-

254 586 383 649 ήντα
402 588 477 652 τῷ
490 586 709 636 Ἄννωνι
726 585 862 636 κατὰ
883 587 1116 647 σπουδὴν
1135 589 1198 641 ὡς
1219 586 1374 652 φίλος
1394 587 1668 646 ἐπανιόντι,

255 654 343 705 καὶ
369 654 662 715 συλλαβὼν
688 654 845 705 αὐτὸν
883 655 1084 718 ἀπῆγεν
1111 656 1159 709 ἐς
1185 655 1242 705 τὸ
1269 660 1359 706 τοῦ
1385 656 1669 712 Σκιπίωνος

254 721 625 789 στρατόπεδον,
652 722 741 773 καὶ
778 721 1061 774 ἀντέδωκεν
1096 722 1403 794 Ἀσδρούβᾳ
1444 731 1533 790 τῆς
1575 748 1667 791 μη-

253 792 372 859 τρὸς
398 796 487 854 τῆς
514 792 714 842 ἑαυτοῦ.

326 866 399 908 15.
440 856 673 913 Σκιπίων
710 859 762 909 δὲ
799 860 886 909 καὶ
925 861 1338 923 Μασσανάσσης
1375 861 1468 924 τὴν
1493 863 1671 929 χώραν

252 927 517 994 ἐπόρθουν,
569 927 656 979 καὶ
702 927 969 992 Ῥωμαίων
1017 929 1225 993 ἐξέλυον
1271 930 1388 980 ὅσοι
1448 930 1671 986 δεθέντες

253 997 521 1048 ἔσκαπτον
558 998 610 1047 ἐν
645 1001 752 1051 τοῖς
789 998 981 1063 ἀγροῖς,
1008 998 1064 1062 ἐξ
1097 996 1329 1063 Ἰβηρίας
1363 998 1395 1061 ἢ
1430 1000 1670 1055 Σικελίας

252 1066 284 1128 ἢ
311 1065 401 1116 ἀπ᾽
425 1066 585 1129 αὐτῆς
622 1071 711 1129 τῆς
748 1064 978 1120 Ἰταλίας
1014 1066 1333 1134 πεμφθέντες
1371 1067 1472 1118 ὑπὸ
1509 1069 1669 1120 Ἀννί-

251 1135 371 1195 βου.
444 1138 788 1201 πολιορκοῦσι
838 1133 877 1183 δ᾽
929 1135 1101 1189 αὐτοῖς
1150 1134 1307 1186 πόλιν
1356 1137 1591 1201 μεγάλην
1639 1137 1669 1204 ᾗ

254 1203 414 1267 ὄνομα
450 1203 512 1265 ἦν
549 1201 719 1269 Λόχα,
758 1202 845 1252 καὶ
884 1202 1065 1253 πολλὰ
1102 1202 1239 1253 δεινὰ
1276 1203 1598 1272 πάσχουσιν,
1624 1208 1671 1257 οἱ

255 1270 345 1336 μὲν
395 1273 621 1338 Λοχαῖοι
659 1271 1079 1337 προστιθεμένων
1115 1276 1215 1322 τῶν
1252 1273 1521 1336 κλιμάκων
1557 1276 1669 1326 ἐπε-

256 1361 594 1402 κηρυκεύοντο
619 1338 885 1407 ἐκλείψειν
910 1339 1003 1402 τὴν
1027 1339 1186 1391 πόλιν
1222 1340 1559 1400 ὑπόσπονδοι,
1582 1343 1671 1394 καὶ

257 1407 282 1457 ὁ
309 1404 541 1462 Σκιπίων
565 1408 806 1458 ἀνεκάλει
839 1413 902 1475 τῇ
923 1409 1188 1474 σάλπιγγι
1213 1410 1306 1471 τὴν
1332 1412 1601 1476 στρατιάν·
1638 1414 1668 1475 ἡ

258 1476 297 1526 δ᾽
325 1477 425 1545 οὐχ
451 1476 707 1541 ὑπήκουεν
735 1475 818 1526 ὑπ᾽
858 1477 1011 1542 ὀργῆς
1048 1478 1115 1528 ὧν
1151 1476 1521 1538 ἐπεπόνθεσαν,
1549 1481 1669 1530 ἀλλ᾽

256 1546 533 1605 ἐπιβάντες
581 1549 686 1600 τοῖς
734 1544 934 1613 τείχεσι
982 1545 1070 1596 καὶ
1114 1547 1303 1611 γύναια
1350 1549 1440 1598 καὶ
1487 1548 1671 1600 παιδία

257 1613 637 1681 κατέσφαττον·
677 1612 702 1664 ὁ
743 1613 795 1664 δὲ
834 1614 951 1669 τοὺς
993 1614 1083 1679 μὲν
1120 1615 1195 1665 ἔτι
1231 1616 1380 1670 ὄντας
1427 1616 1671 1685 Λοχαίων

255 1683 453 1745 ἀφῆκεν
478 1682 712 1740 ἀπαθεῖς,
741 1682 832 1746 τὴν
858 1682 910 1733 δὲ
936 1682 1192 1748 στρατιὰν
1228 1684 1320 1745 τὴν
1355 1684 1501 1735 λείαν
1527 1686 1667 1750 ἀφεί-

253 1757 391 1807 λετο,
452 1749 542 1801 καὶ
601 1751 719 1806 τοὺς
764 1752 1045 1818 λοχαγούς,
1094 1752 1209 1802 ὅσοι
1265 1753 1667 1818 συνεξήμαρτον,

254 1819 549 1884 ἐκλήρωσεν
586 1819 638 1870 ἐν
675 1823 746 1887 τῷ
782 1819 942 1886 μέσῳ,
971 1819 1058 1870 καὶ
1095 1825 1227 1885 τρεῖς
1262 1821 1380 1876 τοὺς
1404 1822 1670 1890 λαχόντας

253 1886 479 1938 ἐκόλασε
515 1888 735 1938 θανάτῳ.
808 1888 897 1939 καὶ
938 1888 1059 1939 τάδε
1096 1889 1301 1954 πράξας
1338 1891 1486 1945 αὖθις
1529 1894 1667 1955 ἐλεη-

252 1956 418 2006 λάτει.
489 1955 821 2023 Ἀσδρούβας
858 1956 899 2006 δ᾽
937 1957 1121 2012 αὐτοὺς
1158 1957 1403 2024 ἐνήδρευε,
1431 1959 1668 2024 Μάγωνα

254 2022 345 2088 μὲν
371 2023 458 2075 τὸν
486 2023 758 2093 ἵππαρχον
795 2024 1103 2092 ἐπιπέμψας
1139 2027 1196 2075 ἐκ
1229 2026 1487 2091 μετώπου,
1516 2029 1668 2084 αὐτὸς

256 2091 307 2142 δὲ
343 2093 562 2143 ὄπισθεν
610 2094 782 2144 ἐπιών.
878 2093 925 2144 οἱ
962 2092 1003 2143 δ᾽
1041 2096 1093 2144 ἐν
1126 2092 1270 2161 μέσῳ
1305 2094 1563 2160 γενόμενοι
1611 2098 1669 2149 τὸ

254 2160 404 2227 ἔργον
429 2160 748 2226 ἐμερίσαντο,
785 2161 872 2212 καὶ
908 2164 956 2216 ἐς
997 2162 1266 2229 ἑκατέρους
1300 2164 1469 2214 αὐτῶν
1496 2166 1668 2216 ἑκάτε-

254 2250 340 2295 ρος
401 2231 744 2297 ἐπιστραφεὶς
792 2230 1257 2298 πεντακισχιλίους
1306 2235 1407 2282 τῶν
1456 2234 1669 2293 Λιβύων

256 2297 578 2355 ἀπέκτειναν,
606 2298 692 2349 καὶ
727 2297 933 2367 χιλίους
968 2300 1058 2348 καὶ
1096 2299 1435 2355 ὀκτακοσίους
1472 2302 1668 2362 ἔλαβον

256 2366 642 2431 αἰχμαλώτους,
691 2366 808 2421 τοὺς
857 2366 910 2418 δὲ
957 2368 1176 2422 λοιποὺς
1225 2369 1274 2423 ἐς
1323 2368 1413 2423 τὰς
1473 2369 1666 2437 πέτρας

254 2433 569 2500 κατήραξαν.

237 2533 366 2595 424
