1747 2693
115 289 225 327 CAP.

116 335 216 369 III

303 144 614 211 APPIAN'S
632 145 884 206 ROMAN
901 146 1239 213 HISTORY,
1256 146 1449 211 BOOK
1469 146 1605 209 VIII

317 283 391 327 16.
432 277 533 327 Καὶ
554 275 578 327 ὁ
600 272 831 330 Σκιπίων
859 277 1006 329 εὐθὺς
1030 275 1113 325 ἐπὶ
1134 276 1309 327 τοῖσδε
1326 278 1662 342 προσέβαλεν

244 351 419 416 Ἰτύκῃ
446 351 581 401 κατὰ
608 356 705 414 γῆν
731 352 820 400 καὶ
838 351 973 401 κατὰ
1003 352 1303 409 θάλασσαν,
1324 353 1411 403 δύο
1426 353 1517 417 μὲν
1542 376 1659 404 πεν-

244 429 453 492 τήρεσιν
479 426 802 491 ἐζευγμέναις
827 425 1026 492 πύργον
1052 425 1261 483 ἐπιθείς,
1290 427 1406 478 ὅθεν
1431 430 1661 498 τριπήχη

243 503 381 565 βέλη
408 502 492 553 καὶ
518 503 701 555 λίθους
725 502 985 566 μεγάλους
1003 504 1052 555 ἐς
1070 501 1187 555 τοὺς
1208 501 1487 567 πολεμίους
1507 502 1661 572 ἠφίει,

246 578 333 628 καὶ
358 576 540 627 πολλὰ
563 576 656 642 μὲν
683 575 864 626 ἐλύπει
891 576 1071 626 πολλὰ
1099 576 1138 625 δ᾽
1156 576 1463 647 ἀντέπασχε
1479 581 1660 644 θραυο-

243 652 407 717 μένων
434 656 534 702 τῶν
561 655 701 708 νεῶν,
728 651 951 718 χώματα
990 651 1031 701 δ᾽
1070 651 1296 717 ἐπαίρων
1308 653 1549 717 μέγιστα,
1578 657 1663 705 καὶ

246 733 404 794 κριοῖς
459 728 519 778 τὸ
576 732 762 795 τεῖχος,
824 728 909 777 ὅτε
967 727 1377 792 προσπελάσειε,
1438 729 1661 789 τύπτων,

245 803 514 870 δρεπάνοις
563 823 618 853 τε
656 805 929 868 περισπῶν
976 803 1098 851 ὅσαι
1145 802 1346 869 βύρσαι
1383 805 1501 869 περὶ
1537 807 1662 857 αὐτὸ

245 880 333 930 καὶ
362 879 506 928 ἄλλα
533 881 903 943 σκεπαστήρια
939 878 1013 941 ἦν.
1087 878 1135 928 οἱ
1160 877 1211 928 δὲ
1237 879 1301 928 τὰ
1325 879 1417 944 μὲν
1441 880 1663 949 χώματα

247 954 621 1020 ὑπετάφρευον,
659 952 746 1003 καὶ
784 952 849 1002 τὰ
887 952 1116 1017 δρέπανα
1152 952 1371 1023 βρόχοις
1410 962 1661 1021 παρῆγον,

245 1024 334 1074 καὶ
360 1024 477 1076 τοὺς
503 1021 673 1086 κριοὺς
704 1027 794 1083 τῆς
833 1020 990 1086 ὁρμῆς
1027 1022 1252 1084 ἐξέλυον,
1280 1025 1663 1085 ἐπιβάλλοντες

246 1090 557 1157 ἐπικαρσίας
594 1089 786 1144 δοκούς·
828 1091 875 1144 ἐς
913 1090 964 1140 δὲ
1002 1092 1093 1145 τὰς
1129 1092 1369 1157 μηχανὰς
1406 1094 1665 1157 ἐξεπήδων

244 1162 375 1227 μετὰ
428 1159 604 1227 πυρός,
655 1159 741 1209 ὅτε
793 1163 996 1223 πνεῦμα
1054 1161 1344 1226 φυλάξειαν
1403 1163 1451 1215 ἐς
1504 1163 1664 1217 αὐτὰς

247 1228 510 1296 ἐπίφορον.
607 1228 724 1277 ὅθεν
786 1227 809 1277 ὁ
873 1226 1103 1281 Σκιπίων
1175 1230 1433 1293 ἀπογνοὺς
1505 1232 1663 1285 οὕτως

246 1299 483 1363 αἱρήσειν
523 1296 617 1359 τὴν
655 1294 831 1354 πόλιν,
872 1297 920 1351 ἐς
964 1297 1273 1362 πολιορκίαν
1320 1299 1477 1363 αὐτῆς
1520 1301 1663 1350 καθί-

245 1389 428 1418 στατο.

319 1440 394 1485 17.
432 1431 621 1501 Σύφαξ
666 1433 719 1483 δὲ
774 1437 878 1484 τῶν
930 1434 1242 1499 γιγνομένων
1288 1436 1666 1499 πυνθανόμενος

246 1506 339 1568 ἧκε
363 1504 493 1569 μετὰ
519 1507 610 1553 τοῦ
637 1506 882 1569 στρατοῦ,
910 1502 996 1552 καὶ
1035 1504 1092 1553 οὐ
1123 1503 1328 1570 μακρὰν
1352 1504 1666 1568 ἐστάθμευεν

249 1573 354 1623 ἀπὸ
380 1571 726 1638 Ἀσδρούβου.
777 1571 852 1621 ἔτι
875 1571 915 1620 δ᾽
938 1571 1333 1637 ὑποκρινόμενος
1359 1572 1487 1623 εἶναι
1514 1574 1665 1641 φίλος

249 1640 521 1707 ἑκατέροις,
550 1641 638 1690 καὶ
665 1639 862 1705 τρίβειν
886 1639 975 1690 τὸν
1000 1641 1231 1704 πόλεμον
1257 1641 1488 1705 ἐγνωκὼς
1513 1641 1665 1711 μέχρι

247 1710 361 1773 νῆές
385 1731 441 1760 τε
467 1710 638 1775 ἕτεραι
664 1707 1082 1772 ναυπηγούμεναι
1109 1709 1237 1773 πρὸς
1264 1713 1366 1760 τῶν
1394 1713 1664 1778 Καρχηδο-

248 1779 367 1830 νίων
416 1777 729 1841 ἐπιγένοιντο
779 1776 866 1826 καὶ
913 1777 1227 1844 μισθοφόροι
1274 1778 1405 1832 τινὲς
1450 1782 1666 1830 Κελτῶν

247 1847 335 1898 καὶ
352 1846 560 1911 Λιγύων
581 1845 864 1902 ἐπέλθοιεν,
888 1844 1142 1914 ἐπεχείρει
1163 1845 1366 1897 διαιτᾶν
1384 1846 1665 1906 διαλύσεις,

247 1915 335 1966 καὶ
361 1914 587 1965 ἐδικαίου
612 1915 743 1979 μήτε
760 1913 1043 1977 Ῥωμαίους
1068 1915 1272 1977 Λιβύης
1296 1916 1426 1980 μήτε
1453 1919 1665 1984 Καρχη-

248 1983 442 2039 δονίους
467 1981 697 2035 Ἰταλίας
737 1981 1032 2043 ἐπιβαίνειν
1068 1982 1154 2032 ἐπὶ
1191 1983 1423 2051 πολέμῳ,
1451 1985 1590 2051 ἔχειν
1614 1985 1667 2036 δὲ

247 2051 530 2118 Ῥωμαίους
556 2048 802 2104 Σικελίαν
828 2051 914 2100 καὶ
942 2048 1122 2116 Σαρδὼ
1148 2051 1236 2101 καὶ
1262 2054 1309 2103 εἴ
1331 2074 1474 2106 τινας
1499 2053 1667 2107 ἄλλας

250 2122 439 2184 νήσους
477 2121 677 2188 ἔχουσι,
704 2120 790 2169 καὶ
830 2118 1083 2184 Ἰβηρίαν.
1154 2120 1217 2183 ἢν
1254 2119 1306 2170 δέ
1344 2143 1419 2175 τις
1458 2122 1665 2187 ἀπειθῇ,

249 2195 356 2245 τοῖς
382 2188 706 2253 πειθομένοις
731 2188 828 2255 ἔφη
856 2188 1239 2255 συμμαχήσειν.
1313 2190 1421 2254 ἅμα
1447 2189 1498 2239 δὲ
1520 2191 1665 2240 ταῦτ᾽

249 2258 502 2321 ἔπρασσε,
540 2256 628 2307 καὶ
665 2257 1083 2318 Μασσανάσσην
1131 2256 1309 2322 ἐπείρα
1346 2257 1666 2322 μεταθέσθαι

248 2326 376 2389 πρὸς
424 2324 594 2382 αὑτόν,
645 2325 739 2388 τήν
797 2346 853 2374 τε
912 2324 1250 2375 Μασσυλίων
1309 2326 1479 2392 ἀρχὴν
1526 2328 1663 2393 αὐτῷ

247 2393 571 2455 βεβαιώσειν
619 2393 1047 2461 ὑπισχνούμενος,
1089 2393 1174 2443 καὶ
1224 2397 1325 2444 τῶν
1372 2395 1664 2461 θυγατέρων

247 2487 358 2548 426
