1747 2693
314 1965 387 2009 19.
418 1959 521 2009 Ὧν
536 1958 632 2021 ἤδη
656 1958 834 2012 νυκτὸς
857 1958 1014 2021 οὔσης
1034 1958 1058 2008 ὁ
1080 1961 1497 2022 Μασσανάσσης
1514 1960 1657 2025 παρὰ

239 2044 391 2091 τινῶν
417 2040 675 2105 Νομάδων
699 2039 986 2103 πυθόμενος
1009 2040 1261 2103 μετέδωκε
1295 2046 1364 2107 τῷ
1391 2038 1657 2095 Σκιπίωνι.

241 2121 265 2173 ὁ
293 2122 343 2172 δὲ
371 2122 549 2179 ἔδεισε,
579 2121 665 2172 καὶ
693 2120 871 2186 ἠπόρει
895 2121 965 2185 μὴ
992 2123 1041 2175 ἐς
1066 2121 1249 2172 πολλὰ
1275 2123 1412 2189 αὐτῷ
1438 2121 1657 2187 διαιρού-

239 2226 387 2267 μενος
414 2203 437 2254 ὁ
464 2203 690 2270 στρατὸς
717 2203 1089 2271 ἀσθενέστερος
1115 2206 1163 2257 ἐς
1198 2204 1373 2255 πάντα
1398 2203 1655 2269 γίγνηται.

240 2286 357 2339 τοὺς
384 2286 471 2336 οὖν
498 2284 749 2349 ἡγεμόνας
786 2283 975 2335 αὐτίκα
1013 2284 1192 2339 νυκτὸς
1229 2284 1314 2334 ἐπὶ
1342 2285 1434 2346 τὴν
1460 2285 1658 2353 σκέψιν

239 2368 431 2423 ἐκάλει,
472 2366 559 2416 καὶ
597 2366 931 2432 ἀπορούντων
968 2366 1214 2416 ἁπάντων
1248 2365 1334 2416 ἐπὶ
1359 2366 1501 2417 πολὺ
1536 2368 1653 2418 σύν-

298 128 610 191 APPIAN'S
628 127 878 191 ROMAN
904 128 1231 195 HISTORY,
1247 125 1451 192 BOOK
1464 127 1608 191 VIII

240 263 393 325 τριῶν
420 260 589 309 οὐσῶν
614 258 798 309 δώσειν
824 260 871 312 ἐς
911 258 1078 323 γάμον
1108 259 1169 320 ἣν
1196 259 1258 308 ἂν
1283 260 1452 325 ἐθέλῃ.
1509 261 1655 327 ἔφερε

240 329 281 378 δ᾽
310 327 334 378 ὁ
361 332 527 378 ταῦτα
551 327 720 391 λέγων
748 327 984 394 χρυσίον,
1015 327 1111 385 ἵνα,
1140 329 1184 377 εἰ
1208 328 1276 391 μὴ
1305 328 1517 385 πείσειε,
1545 328 1654 390 δοίη

238 401 341 446 τῶν
367 397 765 462 θεραπευτήρων
790 396 950 446 αὐτοῦ
973 400 1043 446 τῷ
1072 394 1287 446 κτείνειν
1320 397 1653 447 Μασσανάσ-

240 487 339 528 σην
366 464 778 532 ὑπισχνουμένῳ.
854 463 878 514 ὁ
922 464 1014 529 μὲν
1052 464 1112 527 δὴ
1150 464 1221 529 μὴ
1264 464 1458 515 πείθων
1501 466 1656 516 ἔδωκέ

239 555 339 584 τινι
366 533 423 584 τὸ
448 535 669 602 χρυσίον
706 532 792 582 ἐπὶ
834 537 903 599 τῷ
944 531 1098 599 φόνῳ·
1137 532 1163 583 ὁ
1202 534 1253 584 δὲ
1278 533 1465 593 λαβὼν
1501 533 1657 599 ἔδειξε

240 605 310 669 τῷ
339 602 743 666 Μασσανάσσῃ,
770 601 857 651 καὶ
884 600 974 651 τὸν
999 600 1154 652 δόντα
1178 602 1414 667 ἤλεγξεν.

314 677 387 720 18.
428 667 616 739 Σύφαξ
650 670 691 720 δ᾽
723 670 783 720 οὐ
819 670 1128 736 προσδοκῶν
1164 671 1239 721 ἔτι
1275 672 1476 733 λήσειν,
1503 676 1653 737 φανε-

239 743 340 806 ρῶς
388 744 495 794 τοῖς
546 737 921 806 Καρχηδονίοις
969 739 1268 807 συνεμάχει,
1311 738 1471 790 πόλιν
1508 761 1564 791 τε
1605 741 1656 790 ἐν

238 806 492 873 μεσογείῳ
544 810 835 865 Θολοῦντα,
876 808 1145 873 Ῥωμαίων
1187 807 1527 874 παρασκευὴν
1568 808 1657 859 καὶ

241 881 391 927 σῖτον
417 877 587 927 πολὺν
611 876 858 945 ἔχουσαν,
886 878 943 926 ἐκ
968 876 1252 938 προδοσίας
1278 878 1400 934 εἷλε,
1427 876 1515 927 καὶ
1539 877 1657 932 τοὺς

238 949 594 1012 φρουροῦντας
654 944 815 1007 αὐτὴν
875 946 1094 996 ἔκτεινεν
1154 946 1245 995 οὐκ
1305 946 1655 1008 ἐθελήσαντας

239 1015 492 1064 ἀπελθεῖν
563 1012 941 1070 ὑποσπόνδους,
1003 1014 1311 1081 συμμαχίαν
1370 1036 1425 1065 τε
1484 1014 1656 1077 ἄλλην

239 1082 451 1145 πολλὴν
500 1081 757 1146 Νομάδων
804 1081 1178 1146 μετεπέμπετο.
1254 1082 1341 1132 καὶ
1388 1083 1436 1133 οἱ
1473 1084 1655 1148 μισθο-

240 1150 391 1218 φόροι
444 1156 695 1214 παρῆσαν
744 1152 918 1205 αὐτοῖς
966 1151 1077 1214 ἤδη,
1116 1151 1203 1201 καὶ
1246 1156 1359 1215 νῆες
1401 1153 1656 1219 εὐτρεπῶς

238 1219 399 1287 εἶχον,
427 1218 563 1269 ὥστε
589 1220 819 1283 ἔγνωστο
849 1225 1096 1284 πολεμεῖν
1132 1219 1355 1287 Σύφακα
1378 1220 1470 1285 μὲν
1494 1219 1655 1286 ὁρμώ-

237 1310 387 1353 μενον
411 1288 498 1338 ἐπὶ
523 1287 639 1341 τοὺς
656 1292 1065 1354 πολιορκοῦντας
1080 1287 1301 1351 Ἰτύκην,
1321 1289 1657 1351 Ἀσδρούβαν

241 1357 284 1406 δ᾽
329 1356 415 1407 ἐπὶ
454 1356 513 1407 τὸ
556 1355 845 1410 Σκιπίωνος
883 1356 1253 1422 στρατόπεδον.
1327 1357 1419 1412 τὰς
1458 1355 1511 1408 δὲ
1536 1362 1657 1413 ναῦς

239 1424 339 1475 ἔδει
366 1428 478 1480 ταῖς
521 1425 705 1475 ναυσὶν
747 1426 1006 1482 ἐπιπλεῖν,
1048 1426 1133 1476 καὶ
1177 1425 1449 1490 γίγνεσθαι
1493 1431 1657 1477 ταῦτα

239 1499 331 1557 τῆς
357 1493 606 1555 ἐπιούσης
631 1493 822 1559 ἡμέρας
848 1494 1055 1544 ἅπαντα
1083 1493 1222 1559 ὁμοῦ,
1254 1494 1333 1543 ἵνα
1358 1495 1426 1559 μὴ
1459 1495 1656 1561 διαρκέ-

241 1584 387 1612 σειαν
413 1563 588 1617 αὐτοῖς
615 1562 664 1613 οἱ
686 1562 931 1628 Ῥωμαῖοι
960 1563 1041 1612 διὰ
1069 1564 1162 1627 τὴν
1189 1561 1487 1628 ὀλιγότητα.

924 1814 1012 1875 IV

239 2471 337 2530 428

116 274 218 310 CAP.

123 316 203 349 III

123 1980 220 2020 CAP.

125 2024 204 2057 IV
