1747 2693
118 278 218 313 CAP.

149 320 200 353 IV

296 132 614 207 APPIAN'S
633 133 887 200 ROMAN
908 132 1228 205 HISTORY,
1244 132 1448 205 BOOK
1464 133 1623 207 VIII

241 289 355 321 νους
379 266 646 332 γενόμενος
673 267 799 318 εἶπε·
830 269 1064 333 “τόλμης
1091 269 1179 319 καὶ
1205 276 1497 337 ταχυτῆτος
1522 273 1657 335 ἡμῖν,

242 342 279 392 ὦ
307 341 468 409 φίλοι,
498 342 589 400 δεῖ,
617 343 704 393 καὶ
727 344 904 413 μάχης
930 346 987 410 ἐξ
1010 345 1372 409 ἀπογνώσεως.
1446 347 1657 413 φθάσω-

239 439 333 483 μεν
371 417 678 471 ἐπελθόντες
721 424 827 472 τοῖς
865 421 1151 484 πολεμίοις.
1226 421 1327 470 ὅσα
1366 421 1406 471 δ᾽
1444 423 1496 472 ἐν
1532 422 1660 489 τῷδε

239 494 707 559 πλεονεκτήσομεν,
757 495 948 554 μάθετε
989 496 1103 558 ἤδη.
1191 498 1412 551 ἐκείνους
1451 498 1543 560 μὲν
1582 499 1659 548 ἐκ-

240 568 432 633 πλήξει
459 569 516 619 τὸ
543 569 796 632 ἀδόκητον
822 576 912 633 τῆς
940 569 1128 637 ἐφόδου
1165 572 1254 621 καὶ
1281 572 1339 622 τὸ
1365 573 1660 638 παράδοξον

241 649 334 695 τοῦ
382 645 549 711 ἔργου,
611 649 712 695 τῶν
766 646 1090 712 ὀλιγωτέρων
1138 649 1659 714 προεπιχειρούντων·

240 721 381 784 ἡμεῖς
432 721 471 770 δ᾽
522 722 615 771 οὐκ
663 722 711 775 ἐς
759 721 941 771 πολλὰ
992 721 1266 790 διῃρημένῃ
1316 728 1378 788 τῇ
1438 728 1661 792 στρατιᾷ

240 795 549 862 χρησόμεθα
604 795 726 845 ἀλλ᾽
785 796 963 867 ἀθρόᾳ,
1027 797 1131 848 οὐδ᾽
1186 798 1443 863 ἐπάξομεν
1503 798 1662 863 αὐτὴν

241 872 413 920 ἅπασι
461 876 568 926 τοῖς
619 873 824 941 ἐχθροῖς
878 872 1000 922 ἀλλ᾽
1050 874 1123 927 οἷς
1183 873 1246 922 ἂν
1306 874 1662 939 ἐπιλεξώμεθα

240 946 479 1013 πρώτοις.
569 947 926 1011 σταθμεύουσι
976 946 1016 997 δ᾽
1058 948 1138 1013 ἐφ᾽
1183 949 1379 999 ἑαυτῶν
1432 950 1661 1007 ἕκαστοι,

241 1023 328 1072 καὶ
363 1022 517 1086 ἐσμὲν
554 1024 730 1077 αὐτοῖς
768 1023 901 1072 κατὰ
938 1022 1086 1088 μέρος
1124 1022 1389 1090 ἰσόμαχοι,
1417 1024 1584 1089 τόλμῃ
1611 1024 1659 1075 δὲ

239 1097 329 1148 καὶ
369 1097 587 1167 εὐτυχίᾳ
626 1097 938 1165 προύχομεν.
1014 1098 1100 1148 καὶ
1138 1099 1199 1161 ἢν
1240 1099 1264 1147 ὁ
1310 1098 1421 1153 θεὸς
1459 1099 1527 1166 δῷ
1562 1103 1663 1150 τῶν

241 1172 460 1237 πρώτων
477 1174 844 1237 ἐπικρατῆσαι,
863 1176 966 1223 τῶν
983 1173 1163 1223 ἄλλων
1181 1175 1661 1241 καταφρονήσομεν.

240 1248 316 1303 οἷς
342 1247 381 1297 δ᾽
409 1247 765 1316 ἐπιχειρητέον
802 1248 915 1298 ἐστὶ
952 1248 1193 1313 πρώτοις,
1222 1248 1309 1298 καὶ
1335 1250 1411 1303 τίς
1438 1248 1463 1300 ὁ
1489 1249 1663 1316 καιρὸς

240 1322 273 1386 ἢ
299 1322 487 1389 τρόπος
523 1324 674 1373 ἔσται
712 1328 801 1387 τῆς
837 1323 1227 1391 ἐπιχειρήσεως,
1266 1324 1327 1388 ἢν
1364 1324 1575 1391 ἀρέσκῃ,
1597 1325 1661 1376 τὰ

240 1403 331 1463 τῆς
356 1399 561 1463 γνώμης
589 1398 731 1463 ἐρῶ.”

311 1474 386 1517 20.
433 1464 761 1531 Συνθεμένων
805 1468 858 1518 δὲ
900 1467 1129 1525 πάντων,
1172 1467 1247 1519 ‘‘ὁ
1295 1468 1386 1534 μὲν
1434 1470 1659 1536 καιρός,’’

240 1542 398 1601 εἶπεν,
429 1544 613 1596 ‘‘εὐθὺς
641 1543 925 1611 ἐπιχειρεῖν
952 1543 1057 1594 ἀπὸ
1083 1545 1230 1594 τοῦδε
1258 1548 1348 1594 τοῦ
1374 1544 1658 1609 συλλόγου,

240 1618 420 1671 νυκτὸς
465 1619 540 1668 ἔτι
585 1618 759 1679 οὔσης,
795 1618 880 1668 ὅτε
922 1619 1010 1668 καὶ
1050 1619 1108 1668 τὸ
1153 1620 1302 1683 ἔργον
1345 1619 1459 1669 ἐστὶ
1500 1623 1657 1686 φοβε-

237 1693 458 1759 ρώτερον
496 1693 583 1743 καὶ
622 1693 867 1756 ἀνέτοιμα
904 1693 968 1743 τὰ
1007 1694 1222 1752 ἐκείνων,
1252 1694 1338 1745 καὶ
1372 1695 1533 1750 οὐδεὶς
1560 1699 1659 1746 τῶν

239 1764 533 1830 συμμάχων
581 1763 754 1817 αὐτοῖς
815 1761 1028 1813 δύναται
1089 1764 1302 1825 βοηθεῖν
1356 1765 1408 1814 ἐν
1467 1762 1655 1830 σκότῳ.

239 1830 510 1895 φθάσομέν
535 1852 589 1880 τε
616 1832 775 1883 οὕτως
803 1832 974 1881 αὐτῶν
1010 1831 1074 1881 τὰ
1112 1832 1453 1897 βουλεύματα
1479 1831 1656 1895 μόνως,

239 1901 536 1962 ἐγνωκότων
566 1901 685 1963 ἡμῖν
724 1905 813 1961 τῆς
852 1900 1098 1962 ἐπιούσης
1136 1900 1324 1966 ἡμέρας
1363 1901 1655 1951 ἐπιθέσθαι.

238 1971 392 2033 τριῶν
432 1968 475 2017 δ᾽
507 1968 681 2022 αὐτοῖς
718 1970 878 2018 ὄντων
915 1969 1301 2033 στρατοπέδων,
1329 1969 1383 2019 αἱ
1418 1969 1507 2029 μὲν
1545 1969 1655 2032 νῆές

236 2057 339 2086 εἰσι
366 2035 557 2101 πόρρω,
586 2037 671 2086 καὶ
700 2038 791 2086 οὐκ
818 2036 935 2087 ἔστι
961 2037 1115 2086 ναυσὶ
1152 2037 1333 2091 νυκτὸς
1359 2038 1653 2104 ἐπιχειρεῖν,

234 2103 566 2169 Ἀσδρούβας
589 2105 640 2154 δὲ
666 2107 752 2154 καὶ
775 2102 960 2171 Σύφαξ
977 2107 1034 2155 οὐ
1058 2105 1261 2171 μακρὰν
1281 2106 1371 2156 ἀπ᾽
1388 2106 1653 2169 ἀλλήλων.

235 2173 322 2223 καὶ
350 2173 553 2223 τούτοιν
576 2172 907 2237 Ἀσδρούβας
933 2173 1023 2235 μέν
1049 2175 1162 2223 ἐστι
1200 2174 1257 2223 τὸ
1295 2178 1385 2224 τοῦ
1422 2174 1654 2238 πολέμου

236 2242 540 2307 κεφάλαιον,
569 2242 755 2306 Σύφαξ
779 2241 831 2292 δὲ
859 2244 950 2292 οὐκ
977 2243 1039 2291 ἂν
1066 2242 1246 2295 νυκτὸς
1286 2243 1651 2307 ἐπιτολμήσειε

235 2313 305 2358 τῷ
331 2308 491 2376 πόνῳ,
517 2311 795 2375 βάρβαρος
835 2310 964 2376 ἀνὴρ
1005 2311 1091 2359 καὶ
1134 2316 1331 2378 τρυφῆς
1365 2310 1532 2374 γέμων
1566 2312 1653 2361 καὶ

234 2361 389 2430 δέους.
466 2378 589 2443 φέρε
616 2379 719 2437 οὖν,
748 2379 891 2441 ἡμεῖς
927 2379 1018 2441 μὲν
1054 2378 1139 2428 ἐπὶ
1165 2378 1498 2445 Ἀσδρούβαν
1522 2382 1650 2442 μετὰ

212 2471 364 2537 430
