<?xml version="1.0" encoding="UTF-8"?>
<PcGts xmlns="http://schema.primaresearch.org/PAGE/gts/pagecontent/2013-07-15" xmlns:xsi="http://www.w3.org/2001/XMLSchema-instance" xsi:schemaLocation="http://schema.primaresearch.org/PAGE/gts/pagecontent/2013-07-15 http://schema.primaresearch.org/PAGE/gts/pagecontent/2013-07-15/pagecontent.xsd">
	<Metadata>
	<Creator></Creator>
	<Created>2014-06-12T02:58:38</Created>
	<LastChange>2014-06-12T13:59:10</LastChange></Metadata>
	<Page imageFilename="0448.jpg" imageWidth="1747" imageHeight="2693">
	<TextRegion id="r320" type="paragraph">
	<Coords points="111,269 111,353 225,353 225,269"/>
	<TextLine id="r321">
	<Coords points="115,272 115,314 224,314 224,272"/>
	<Word id="r324">
	<Coords points="121,276 121,313 224,313 224,276"/>
	<TextEquiv>
	<Unicode>CAP.</Unicode></TextEquiv></Word>
	<TextEquiv>
	<Unicode>CAP.</Unicode></TextEquiv></TextLine>
	<TextLine id="r322">
	<Coords points="120,316 120,352 209,352 209,316"/>
	<Word id="r323">
	<Coords points="134,317 134,351 202,351 202,317"/>
	<TextEquiv>
	<Unicode>IV</Unicode></TextEquiv></Word>
	<TextEquiv>
	<Unicode>IV</Unicode></TextEquiv></TextLine></TextRegion>
	<TextRegion id="r1" type="paragraph">
	<Coords points="225,230 283,77 1629,100 1701,244 1687,2473 177,2603 173,2483 232,321 228,238"/>
	<TextLine id="r316">
	<Coords points="285,107 285,240 1622,240 1622,107"/>
	<Word id="r325">
	<Coords points="303,137 303,205 620,205 620,137"/>
	<TextEquiv>
	<Unicode>APPIAN'S</Unicode></TextEquiv></Word>
	<Word id="r326">
	<Coords points="638,131 638,211 881,211 881,131"/>
	<TextEquiv>
	<Unicode>ROMAN</Unicode></TextEquiv></Word>
	<Word id="r327">
	<Coords points="914,131 914,211 1233,211 1233,131"/>
	<TextEquiv>
	<Unicode>HISTORY,</Unicode></TextEquiv></Word>
	<Word id="r328">
	<Coords points="1255,131 1255,207 1450,207 1450,131"/>
	<TextEquiv>
	<Unicode>BOOK</Unicode></TextEquiv></Word>
	<Word id="r329">
	<Coords points="1472,137 1472,200 1603,200 1603,137"/>
	<TextEquiv>
	<Unicode>VIII</Unicode></TextEquiv></Word>
	<TextEquiv>
	<Unicode>APPIAN'S ROMAN HISTORY, BOOK VIII</Unicode></TextEquiv></TextLine>
	<TextLine id="r2">
	<Coords points="400,267 400,268 401,268 401,269 402,269 402,270 403,270 403,271 404,271 404,272 509,272 509,271 510,271 510,270 513,270 513,289 543,289 543,290 646,290 646,291 764,291 764,278 765,278 765,277 766,277 766,276 767,276 767,275 768,275 768,274 771,274 771,273 777,273 777,274 779,274 779,275 780,275 780,277 781,277 781,278 782,278 782,279 783,279 783,292 1055,292 1055,281 1056,281 1056,279 1057,279 1057,278 1058,278 1058,276 1060,276 1060,275 1064,275 1064,274 1151,274 1151,273 1155,273 1155,274 1200,274 1200,275 1202,275 1202,292 1236,292 1236,294 1278,294 1278,295 1405,295 1405,288 1406,288 1406,285 1407,285 1407,283 1408,283 1408,281 1409,281 1409,279 1410,279 1410,278 1411,278 1411,276 1412,276 1412,275 1414,275 1414,274 1416,274 1416,275 1417,275 1417,295 1614,295 1614,278 1615,278 1615,277 1616,277 1616,276 1617,276 1617,275 1618,275 1618,274 1622,274 1622,275 1625,275 1625,276 1649,276 1649,277 1650,277 1650,278 1651,278 1651,282 1652,282 1652,283 1653,283 1653,284 1654,284 1654,286 1655,286 1655,289 1656,289 1656,297 1657,297 1657,298 1659,298 1659,300 1660,300 1660,301 1659,301 1659,302 1657,302 1657,322 1655,322 1655,323 1653,323 1653,324 1649,324 1649,323 1524,323 1524,329 1523,329 1523,332 1522,332 1522,334 1521,334 1521,335 1519,335 1519,336 1517,336 1517,335 1516,335 1516,323 1360,323 1360,322 1344,322 1344,321 1326,321 1326,320 1215,320 1215,321 1213,321 1213,320 1091,320 1091,321 1090,321 1090,323 1089,323 1089,324 1088,324 1088,325 1087,325 1087,326 1086,326 1086,327 1081,327 1081,326 1080,326 1080,320 922,320 922,326 921,326 921,333 920,333 920,335 917,335 917,334 916,334 916,319 897,319 897,318 771,318 771,319 561,319 561,322 560,322 560,325 559,325 559,328 558,328 558,330 555,330 555,329 554,329 554,319 434,319 434,320 433,320 433,321 431,321 431,322 427,322 427,318 400,318 400,317 258,317 258,318 254,318 254,316 253,316 253,302 248,302 248,300 247,300 247,296 248,296 248,294 249,294 249,292 250,292 250,291 253,291 253,290 304,290 304,289 397,289 397,269 398,269 398,268 399,268 399,267"/>
	<Word id="r70">
	<Coords points="400,267 400,268 401,268 401,269 402,269 402,270 403,270 403,271 404,271 404,272 405,272 405,277 406,277 406,278 407,278 407,281 408,281 408,282 409,282 409,290 434,290 434,291 436,291 436,292 439,292 439,293 440,293 440,294 441,294 441,296 442,296 442,298 441,298 441,300 437,300 437,317 436,317 436,319 434,319 434,320 433,320 433,321 431,321 431,322 427,322 427,318 400,318 400,317 258,317 258,318 254,318 254,316 253,316 253,302 248,302 248,300 247,300 247,296 248,296 248,294 249,294 249,292 250,292 250,291 253,291 253,290 304,290 304,289 397,289 397,269 398,269 398,268 399,268 399,267"/>
	<TextEquiv>
	<Unicode>παντὸς</Unicode></TextEquiv></Word>
	<Word id="r71">
	<Coords points="513,270 513,289 543,289 543,290 646,290 646,293 647,293 647,295 646,295 646,300 645,300 645,302 644,302 644,303 643,303 643,305 642,305 642,306 641,306 641,307 640,307 640,309 639,309 639,310 638,310 638,311 636,311 636,312 635,312 635,313 633,313 633,314 632,314 632,315 630,315 630,316 629,316 629,317 627,317 627,318 608,318 608,319 561,319 561,322 560,322 560,325 559,325 559,328 558,328 558,330 555,330 555,329 554,329 554,319 498,319 498,318 496,318 496,317 495,317 495,316 494,316 494,313 493,313 493,312 494,312 494,285 495,285 495,274 496,274 496,272 509,272 509,271 510,271 510,270"/>
	<TextEquiv>
	<Unicode>ἴωμεν</Unicode></TextEquiv></Word>
	<Word id="r72">
	<Coords points="777,273 777,274 779,274 779,275 780,275 780,277 781,277 781,278 782,278 782,279 783,279 783,293 784,293 784,294 785,294 785,296 786,296 785,296 785,303 784,303 784,305 783,305 783,307 782,307 782,309 781,309 781,311 780,311 780,312 779,312 779,314 778,314 778,315 777,315 777,316 776,316 776,317 774,317 774,318 771,318 771,319 705,319 705,318 704,318 704,303 696,303 696,301 695,301 695,296 696,296 696,294 697,294 697,293 698,293 698,292 700,292 700,291 764,291 764,278 765,278 765,277 766,277 766,276 767,276 767,275 768,275 768,274 771,274 771,273"/>
	<TextEquiv>
	<Unicode>τοῦ</Unicode></TextEquiv></Word>
	<Word id="r73">
	<Coords points="1067,274 1067,275 1069,275 1069,276 1071,276 1071,277 1072,277 1072,278 1073,278 1073,281 1074,281 1074,293 1075,293 1075,294 1076,294 1076,295 1077,295 1077,310 1089,310 1089,311 1090,311 1090,312 1091,312 1091,313 1092,313 1092,319 1091,319 1091,321 1090,321 1090,323 1089,323 1089,324 1088,324 1088,325 1087,325 1087,326 1086,326 1086,327 1081,327 1081,326 1080,326 1080,320 922,320 922,326 921,326 921,333 920,333 920,335 917,335 917,334 916,334 916,319 897,319 897,318 855,318 855,317 852,317 852,316 850,316 850,314 849,314 849,313 848,313 848,312 847,312 847,306 848,306 848,303 849,303 849,301 850,301 850,300 851,300 851,299 852,299 852,298 853,298 853,296 855,296 855,295 856,295 856,294 859,294 859,293 868,293 868,292 1055,292 1055,281 1056,281 1056,279 1057,279 1057,278 1058,278 1058,276 1060,276 1060,275 1064,275 1064,274"/>
	<TextEquiv>
	<Unicode>στρατοῦ,</Unicode></TextEquiv></Word>
	<Word id="r74">
	<Coords points="1155,273 1155,274 1200,274 1200,275 1202,275 1202,292 1236,292 1236,294 1278,294 1278,295 1405,295 1405,288 1406,288 1406,285 1407,285 1407,283 1408,283 1408,281 1409,281 1409,279 1410,279 1410,278 1411,278 1411,276 1412,276 1412,275 1414,275 1414,274 1416,274 1416,275 1417,275 1417,295 1557,295 1557,296 1559,296 1559,307 1558,307 1558,309 1557,309 1557,311 1556,311 1556,312 1555,312 1555,313 1554,313 1554,314 1552,314 1552,315 1551,315 1551,317 1550,317 1550,318 1549,318 1549,319 1546,319 1546,320 1545,320 1545,321 1541,321 1541,322 1539,322 1539,323 1524,323 1524,329 1523,329 1523,332 1522,332 1522,334 1521,334 1521,335 1519,335 1519,336 1517,336 1517,335 1516,335 1516,323 1360,323 1360,322 1344,322 1344,321 1326,321 1326,320 1215,320 1215,321 1213,321 1213,320 1145,320 1145,319 1144,319 1144,275 1145,275 1145,274 1151,274 1151,273"/>
	<TextEquiv>
	<Unicode>Μασσανάσσην</Unicode></TextEquiv></Word>
	<Word id="r75">
	<Coords points="1622,274 1622,275 1625,275 1625,276 1649,276 1649,277 1650,277 1650,278 1651,278 1651,282 1652,282 1652,283 1653,283 1653,284 1654,284 1654,286 1655,286 1655,289 1656,289 1656,297 1657,297 1657,298 1659,298 1659,300 1660,300 1660,301 1659,301 1659,302 1657,302 1657,322 1655,322 1655,323 1653,323 1653,324 1649,324 1649,323 1615,323 1615,322 1614,322 1614,321 1612,321 1612,319 1611,319 1611,318 1610,318 1610,317 1609,317 1609,307 1610,307 1610,304 1611,304 1611,303 1612,303 1612,302 1613,302 1613,301 1614,301 1614,278 1615,278 1615,277 1616,277 1616,276 1617,276 1617,275 1618,275 1618,274"/>
	<TextEquiv>
	<Unicode>δὲ</Unicode></TextEquiv></Word>
	<TextEquiv>
	<Unicode>παντὸς ἴωμεν τοῦ στρατοῦ, Μασσανάσσην δὲ</Unicode></TextEquiv></TextLine>
	<TextLine id="r3">
	<Coords points="303,334 303,336 350,336 350,337 354,337 354,338 447,338 447,339 449,339 449,340 450,340 450,341 451,341 451,344 452,344 452,358 572,358 572,348 573,348 573,347 574,347 574,345 575,345 575,344 576,344 576,342 577,342 577,340 578,340 578,339 582,339 582,340 603,340 603,345 616,345 616,346 617,346 617,359 801,359 801,341 802,341 802,340 891,340 891,339 892,339 892,338 897,338 897,339 998,339 998,340 999,340 999,360 1040,360 1040,361 1161,361 1161,350 1162,350 1162,348 1163,348 1163,347 1164,347 1164,346 1165,346 1165,345 1166,345 1166,344 1224,344 1224,343 1240,343 1240,342 1252,342 1252,340 1253,340 1253,338 1256,338 1256,339 1257,339 1257,340 1295,340 1295,341 1296,341 1296,343 1297,343 1297,346 1326,346 1326,347 1327,347 1327,348 1328,348 1328,363 1371,363 1371,364 1484,364 1484,352 1485,352 1485,350 1486,350 1486,349 1490,349 1490,343 1491,343 1491,342 1590,342 1590,343 1591,343 1591,344 1592,344 1592,364 1617,364 1617,365 1655,365 1655,383 1660,383 1660,386 1659,386 1659,388 1658,388 1658,389 1657,389 1657,390 1656,390 1656,391 1655,391 1655,392 1653,392 1653,393 1602,393 1602,395 1601,395 1601,401 1600,401 1600,407 1599,407 1599,408 1598,408 1598,409 1595,409 1595,408 1594,408 1594,405 1491,405 1491,404 1490,404 1490,399 1434,399 1434,398 1433,398 1433,392 1317,392 1317,393 1316,393 1316,404 1315,404 1315,405 1314,405 1314,406 1312,406 1312,405 1311,405 1311,391 1167,391 1167,403 1166,403 1166,404 1165,404 1165,405 1159,405 1159,404 1158,404 1158,403 1157,403 1157,388 1053,388 1053,389 918,389 918,392 917,392 917,399 916,399 916,402 915,402 915,403 829,403 829,404 828,404 828,405 826,405 826,404 825,404 825,388 800,388 800,387 669,387 669,388 668,388 668,392 667,392 667,398 666,398 666,399 665,399 665,401 663,401 663,402 663,401 661,401 661,400 597,400 597,399 594,399 594,398 593,398 593,387 592,387 592,386 379,386 379,387 376,387 376,386 288,386 288,385 257,385 257,384 256,384 256,369 249,369 249,368 248,368 248,362 249,362 249,360 250,360 250,359 251,359 251,358 255,358 255,357 292,357 292,351 293,351 293,345 294,345 294,341 295,341 295,339 296,339 296,338 297,338 297,336 299,336 299,335 300,335 300,334"/>
	<Word id="r76">
	<Coords points="303,334 303,336 350,336 350,337 354,337 354,338 355,338 355,339 357,339 357,340 358,340 358,341 359,341 359,342 361,342 361,344 363,344 363,346 364,346 364,348 365,348 365,357 384,357 384,358 388,358 388,359 389,359 389,360 390,360 390,362 391,362 391,364 390,364 390,366 388,366 388,384 386,384 386,385 383,385 383,386 379,386 379,387 376,387 376,386 288,386 288,385 257,385 257,384 256,384 256,369 249,369 249,368 248,368 248,362 249,362 249,360 250,360 250,359 251,359 251,358 255,358 255,357 292,357 292,351 293,351 293,345 294,345 294,341 295,341 295,339 296,339 296,338 297,338 297,336 299,336 299,335 300,335 300,334"/>
	<TextEquiv>
	<Unicode>τόνδε</Unicode></TextEquiv></Word>
	<Word id="r77">
	<Coords points="447,338 447,339 449,339 449,340 450,340 450,341 451,341 451,344 452,344 452,358 572,358 572,348 573,348 573,347 574,347 574,345 575,345 575,344 576,344 576,342 577,342 577,340 578,340 578,339 582,339 582,340 603,340 603,345 616,345 616,346 617,346 617,359 722,359 722,361 751,361 751,362 752,362 752,366 751,366 751,369 750,369 750,370 749,370 749,373 748,373 748,374 747,374 747,376 746,376 746,377 745,377 745,378 744,378 744,379 743,379 743,380 741,380 741,381 740,381 740,382 739,382 739,383 737,383 737,384 735,384 735,385 733,385 733,386 715,386 715,387 669,387 669,388 668,388 668,392 667,392 667,398 666,398 666,399 665,399 665,401 663,401 663,402 663,401 661,401 661,400 597,400 597,399 594,399 594,398 593,398 593,387 592,387 592,386 436,386 436,385 434,385 434,384 433,384 433,383 432,383 432,382 431,382 431,381 430,381 430,379 429,379 429,376 428,376 428,375 429,375 429,370 430,370 430,368 431,368 431,366 432,366 432,365 433,365 433,364 434,364 434,363 435,363 435,362 436,362 436,361 437,361 437,360 440,360 440,359 441,359 441,339 443,339 443,338"/>
	<TextEquiv>
	<Unicode>ἐπιτάξωμεν</Unicode></TextEquiv></Word>
	<Word id="r78">
	<Coords points="897,338 897,339 998,339 998,340 999,340 999,360 1040,360 1040,361 1060,361 1060,362 1074,362 1074,363 1075,363 1075,367 1074,367 1074,372 1073,372 1073,374 1072,374 1072,375 1071,375 1071,377 1070,377 1070,378 1069,378 1069,379 1068,379 1068,380 1067,380 1067,381 1066,381 1066,382 1065,382 1065,383 1064,383 1064,384 1062,384 1062,385 1060,385 1060,386 1058,386 1058,387 1056,387 1056,388 1053,388 1053,389 918,389 918,392 917,392 917,399 916,399 916,402 915,402 915,403 829,403 829,404 828,404 828,405 826,405 826,404 825,404 825,388 800,388 800,387 795,387 795,386 793,386 793,385 792,385 792,383 790,383 790,381 789,381 789,378 788,378 788,373 789,373 789,371 790,371 790,368 791,368 791,367 792,367 792,366 793,366 793,365 794,365 794,364 795,364 795,363 796,363 796,362 798,362 798,361 801,361 801,341 802,341 802,340 891,340 891,339 892,339 892,338"/>
	<TextEquiv>
	<Unicode>ἐφεδρεύειν</Unicode></TextEquiv></Word>
	<Word id="r79">
	<Coords points="1171,344 1171,345 1175,345 1175,346 1177,346 1177,347 1178,347 1178,349 1179,349 1179,352 1180,352 1180,364 1182,364 1182,365 1183,365 1183,367 1184,367 1184,368 1185,368 1185,372 1186,372 1186,375 1185,375 1185,378 1184,378 1184,381 1183,381 1183,382 1182,382 1182,383 1181,383 1181,385 1180,385 1180,386 1178,386 1178,387 1172,387 1172,388 1167,388 1167,403 1166,403 1166,404 1165,404 1165,405 1159,405 1159,404 1158,404 1158,403 1157,403 1157,388 1126,388 1126,387 1124,387 1124,370 1116,370 1116,369 1115,369 1115,366 1116,366 1116,365 1117,365 1117,363 1118,363 1118,362 1119,362 1119,361 1161,361 1161,350 1162,350 1162,348 1163,348 1163,347 1164,347 1164,346 1165,346 1165,345 1166,345 1166,344"/>
	<TextEquiv>
	<Unicode>τῷ</Unicode></TextEquiv></Word>
	<Word id="r80">
	<Coords points="1256,338 1256,339 1257,339 1257,340 1295,340 1295,341 1296,341 1296,343 1297,343 1297,346 1326,346 1326,347 1327,347 1327,348 1328,348 1328,363 1371,363 1371,364 1426,364 1426,380 1429,380 1429,381 1430,381 1430,383 1441,383 1441,384 1444,384 1444,386 1445,386 1445,393 1444,393 1444,394 1443,394 1443,396 1442,396 1442,397 1440,397 1440,398 1439,398 1439,399 1434,399 1434,398 1433,398 1433,392 1317,392 1317,393 1316,393 1316,404 1315,404 1315,405 1314,405 1314,406 1312,406 1312,405 1311,405 1311,391 1257,391 1257,390 1256,390 1256,389 1225,389 1225,388 1224,388 1224,346 1223,346 1223,344 1224,344 1224,343 1240,343 1240,342 1252,342 1252,340 1253,340 1253,338"/>
	<TextEquiv>
	<Unicode>Σύφακι,</Unicode></TextEquiv></Word>
	<Word id="r81">
	<Coords points="1495,342 1495,344 1497,344 1497,347 1498,347 1498,349 1499,349 1499,352 1500,352 1500,357 1501,357 1501,363 1531,363 1531,364 1532,364 1532,365 1533,365 1533,375 1532,375 1532,377 1531,377 1531,379 1530,379 1530,380 1529,380 1529,381 1528,381 1528,382 1527,382 1527,383 1526,383 1526,384 1525,384 1525,385 1524,385 1524,386 1523,386 1523,387 1521,387 1521,388 1520,388 1520,389 1519,389 1519,390 1515,390 1515,391 1513,391 1513,392 1499,392 1499,396 1498,396 1498,401 1497,401 1497,404 1496,404 1496,405 1491,405 1491,404 1490,404 1490,390 1478,390 1478,375 1473,375 1473,372 1474,372 1474,370 1475,370 1475,368 1476,368 1476,366 1478,366 1478,365 1481,365 1481,364 1484,364 1484,352 1485,352 1485,350 1486,350 1486,349 1490,349 1490,343 1491,343 1491,342"/>
	<TextEquiv>
	<Unicode>ἢν</Unicode></TextEquiv></Word>
	<Word id="r82">
	<Coords points="1590,342 1590,343 1591,343 1591,344 1592,344 1592,364 1617,364 1617,365 1655,365 1655,383 1660,383 1660,386 1659,386 1659,388 1658,388 1658,389 1657,389 1657,390 1656,390 1656,391 1655,391 1655,392 1653,392 1653,393 1602,393 1602,395 1601,395 1601,401 1600,401 1600,407 1599,407 1599,408 1598,408 1598,409 1595,409 1595,408 1594,408 1594,392 1565,392 1565,391 1563,391 1563,390 1562,390 1562,389 1561,389 1561,387 1560,387 1560,383 1559,383 1560,383 1560,378 1561,378 1561,375 1562,375 1562,373 1563,373 1563,371 1564,371 1564,370 1565,370 1565,369 1566,369 1566,368 1568,368 1568,367 1569,367 1569,366 1571,366 1571,357 1572,357 1572,346 1574,346 1574,345 1586,345 1586,344 1587,344 1587,342"/>
	<TextEquiv>
	<Unicode>ἄρα</Unicode></TextEquiv></Word>
	<TextEquiv>
	<Unicode>τόνδε ἐπιτάξωμεν ἐφεδρεύειν τῷ Σύφακι, ἢν ἄρα</Unicode></TextEquiv></TextLine>
	<TextLine id="r40">
	<Coords points="321,404 321,405 322,405 322,406 323,406 323,408 324,408 324,410 325,410 325,412 326,412 326,414 327,414 327,416 328,416 328,418 329,418 329,421 330,421 330,426 482,426 482,406 483,406 483,405 487,405 487,406 543,406 543,407 546,407 546,408 581,408 581,410 607,410 607,415 619,415 619,416 621,416 621,428 729,428 729,409 730,409 730,408 732,408 732,407 799,407 799,429 911,429 911,428 932,428 932,420 933,420 933,416 934,416 934,415 935,415 935,414 936,414 936,413 937,413 937,412 939,412 939,411 945,411 945,412 947,412 947,413 949,413 949,414 950,414 950,415 951,415 951,418 952,418 952,430 1077,430 1077,429 1083,429 1083,428 1083,429 1123,429 1123,430 1244,430 1244,425 1245,425 1245,421 1246,421 1246,419 1247,419 1247,417 1248,417 1248,414 1249,414 1249,412 1250,412 1250,411 1251,411 1251,409 1252,409 1252,408 1256,408 1256,409 1274,409 1274,410 1277,410 1277,411 1279,411 1279,413 1281,413 1281,414 1282,414 1282,415 1283,415 1283,416 1284,416 1284,417 1285,417 1285,418 1286,418 1286,420 1287,420 1287,431 1329,431 1329,432 1348,432 1348,433 1349,433 1349,434 1495,434 1495,433 1515,433 1515,419 1516,419 1516,418 1517,418 1517,416 1518,416 1518,414 1520,414 1520,413 1566,413 1566,412 1567,412 1567,411 1568,411 1568,410 1569,410 1569,411 1650,411 1650,412 1651,412 1651,413 1652,413 1652,414 1653,414 1653,416 1654,416 1654,418 1655,418 1655,420 1656,420 1656,422 1657,422 1657,425 1658,425 1658,427 1659,427 1659,435 1661,435 1661,436 1662,436 1662,439 1661,439 1661,440 1660,440 1660,447 1659,447 1659,459 1658,459 1658,460 1657,460 1657,461 1650,461 1650,460 1531,460 1531,465 1530,465 1530,466 1529,466 1529,468 1528,468 1528,469 1527,469 1527,470 1526,470 1526,471 1524,471 1524,472 1522,472 1522,473 1516,473 1516,472 1515,472 1515,471 1514,471 1514,461 1445,461 1445,459 1357,459 1357,458 1242,458 1242,457 1200,457 1200,456 1081,456 1081,457 1070,457 1070,458 1069,458 1069,464 1068,464 1068,468 1067,468 1067,472 1066,472 1066,474 1062,474 1062,473 1061,473 1061,458 1042,458 1042,457 819,457 819,458 818,458 818,460 817,460 817,463 816,463 816,465 815,465 815,466 806,466 806,469 804,469 804,470 802,470 802,471 801,471 801,470 799,470 799,469 749,469 749,468 748,468 748,467 747,467 747,466 746,466 746,456 611,456 611,465 610,465 610,467 609,467 609,468 607,468 607,469 606,469 606,470 603,470 603,471 598,471 598,470 596,470 596,468 595,468 595,457 594,457 594,456 593,456 593,455 444,455 444,463 443,463 443,468 442,468 442,469 438,469 438,467 437,467 437,454 321,454 321,453 249,453 249,452 248,452 248,448 249,448 249,444 250,444 250,442 251,442 251,439 252,439 252,438 253,438 253,432 254,432 254,430 255,430 255,429 256,429 256,427 292,427 292,426 317,426 317,406 318,406 318,405 319,405 319,404"/>
	<Word id="r236">
	<Coords points="321,404 321,405 322,405 322,406 323,406 323,408 324,408 324,410 325,410 325,412 326,412 326,414 327,414 327,416 328,416 328,418 329,418 329,421 330,421 330,441 333,441 333,446 332,446 332,448 331,448 331,449 330,449 330,450 329,450 329,451 328,451 328,452 327,452 327,453 325,453 325,454 321,454 321,453 249,453 249,452 248,452 248,448 249,448 249,444 250,444 250,442 251,442 251,439 252,439 252,438 253,438 253,432 254,432 254,430 255,430 255,429 256,429 256,427 292,427 292,426 317,426 317,406 318,406 318,405 319,405 319,404"/>
	<TextEquiv>
	<Unicode>καὶ</Unicode></TextEquiv></Word>
	<Word id="r237">
	<Coords points="487,405 487,407 488,407 488,409 489,409 489,410 490,410 490,412 491,412 491,415 492,415 492,418 493,418 493,421 494,421 494,422 495,422 495,427 498,427 498,428 500,428 500,445 503,445 503,446 502,446 502,449 501,449 501,451 500,451 500,452 499,452 499,453 498,453 498,454 444,454 444,463 443,463 443,468 442,468 442,469 438,469 438,467 437,467 437,454 366,454 366,453 365,453 365,439 359,439 359,432 360,432 360,430 361,430 361,429 362,429 362,428 364,428 364,427 375,427 375,426 482,426 482,406 483,406 483,405"/>
	<TextEquiv>
	<Unicode>παρὰ</Unicode></TextEquiv></Word>
	<Word id="r238">
	<Coords points="543,406 543,407 546,407 546,408 581,408 581,410 607,410 607,415 619,415 619,416 621,416 621,428 681,428 681,429 683,429 683,434 684,434 684,436 683,436 683,439 682,439 682,441 681,441 681,443 680,443 680,444 679,444 679,445 678,445 678,446 677,446 677,447 676,447 676,448 675,448 675,449 674,449 674,450 672,450 672,451 671,451 671,452 669,452 669,453 667,453 667,454 666,454 666,455 662,455 662,456 611,456 611,465 610,465 610,467 609,467 609,468 607,468 607,469 606,469 606,470 603,470 603,471 598,471 598,470 596,470 596,468 595,468 595,457 594,457 594,456 593,456 593,455 538,455 538,454 536,454 536,453 534,453 534,451 533,451 533,450 532,450 532,449 531,449 531,447 530,447 530,440 531,440 531,438 532,438 532,435 533,435 533,434 535,434 535,410 536,410 536,408 538,408 538,407 539,407 539,406"/>
	<TextEquiv>
	<Unicode>δόξαν</Unicode></TextEquiv></Word>
	<Word id="r239">
	<Coords points="799,407 799,429 821,429 821,430 823,430 823,432 825,432 825,442 824,442 824,444 823,444 823,447 822,447 822,449 821,449 821,451 820,451 820,454 819,454 819,458 818,458 818,460 817,460 817,463 816,463 816,465 815,465 815,466 806,466 806,469 804,469 804,470 802,470 802,471 801,471 801,470 799,470 799,469 749,469 749,468 748,468 748,467 747,467 747,466 746,466 746,456 728,456 728,455 723,455 723,454 722,454 722,453 721,453 721,452 720,452 720,451 719,451 719,450 718,450 718,447 717,447 717,440 718,440 718,437 719,437 719,436 720,436 720,434 721,434 721,433 722,433 722,432 723,432 723,431 724,431 724,430 726,430 726,429 728,429 728,428 729,428 729,409 730,409 730,408 732,408 732,407"/>
	<TextEquiv>
	<Unicode>ἐξίῃ</Unicode></TextEquiv></Word>
	<Word id="r240">
	<Coords points="945,411 945,412 947,412 947,413 949,413 949,414 950,414 950,415 951,415 951,418 952,418 952,430 953,430 953,431 954,431 954,432 955,432 955,435 954,435 954,441 953,441 953,444 952,444 952,446 951,446 951,448 950,448 950,449 949,449 949,450 948,450 948,451 947,451 947,452 946,452 946,453 945,453 945,454 944,454 944,455 943,455 943,456 940,456 940,457 907,457 907,456 873,456 873,454 872,454 872,440 864,440 864,437 863,437 863,435 864,435 864,433 865,433 865,432 866,432 866,430 870,430 870,429 911,429 911,428 932,428 932,420 933,420 933,416 934,416 934,415 935,415 935,414 936,414 936,413 937,413 937,412 939,412 939,411"/>
	<TextEquiv>
	<Unicode>τοῦ</Unicode></TextEquiv></Word>
	<Word id="r241">
	<Coords points="1256,408 1256,409 1274,409 1274,410 1277,410 1277,411 1279,411 1279,413 1281,413 1281,414 1282,414 1282,415 1283,415 1283,416 1284,416 1284,417 1285,417 1285,418 1286,418 1286,420 1287,420 1287,431 1329,431 1329,432 1348,432 1348,433 1349,433 1349,449 1361,449 1361,450 1362,450 1362,451 1363,451 1363,453 1364,453 1364,455 1363,455 1363,457 1362,457 1362,458 1361,458 1361,459 1357,459 1357,458 1242,458 1242,457 1200,457 1200,456 1081,456 1081,457 1070,457 1070,458 1069,458 1069,464 1068,464 1068,468 1067,468 1067,472 1066,472 1066,474 1062,474 1062,473 1061,473 1061,458 1042,458 1042,457 1003,457 1003,456 998,456 998,455 996,455 996,454 995,454 995,453 994,453 994,451 993,451 993,442 994,442 994,440 995,440 995,438 996,438 996,436 997,436 997,435 1000,435 1000,433 1002,433 1002,432 1005,432 1005,431 1010,431 1010,430 1077,430 1077,429 1083,429 1083,428 1083,429 1123,429 1123,430 1244,430 1244,425 1245,425 1245,421 1246,421 1246,419 1247,419 1247,417 1248,417 1248,414 1249,414 1249,412 1250,412 1250,411 1251,411 1251,409 1252,409 1252,408"/>
	<TextEquiv>
	<Unicode>στρατοπέδου.</Unicode></TextEquiv></Word>
	<Word id="r242">
	<Coords points="1569,410 1569,411 1571,411 1571,412 1572,412 1572,413 1573,413 1573,416 1574,416 1574,418 1575,418 1575,420 1576,420 1576,421 1577,421 1577,434 1578,434 1578,448 1582,448 1582,449 1583,449 1583,450 1582,450 1582,453 1581,453 1581,454 1580,454 1580,456 1579,456 1579,457 1578,457 1578,458 1576,458 1576,459 1574,459 1574,460 1531,460 1531,465 1530,465 1530,466 1529,466 1529,468 1528,468 1528,469 1527,469 1527,470 1526,470 1526,471 1524,471 1524,472 1522,472 1522,473 1516,473 1516,472 1515,472 1515,471 1514,471 1514,461 1445,461 1445,447 1440,447 1440,446 1438,446 1438,445 1437,445 1437,440 1438,440 1438,438 1439,438 1439,437 1440,437 1440,436 1441,436 1441,435 1447,435 1447,434 1495,434 1495,433 1515,433 1515,419 1516,419 1516,418 1517,418 1517,416 1518,416 1518,414 1520,414 1520,413 1566,413 1566,412 1567,412 1567,411 1568,411 1568,410"/>
	<TextEquiv>
	<Unicode>πεζοὶ</Unicode></TextEquiv></Word>
	<Word id="r243">
	<Coords points="1650,411 1650,412 1651,412 1651,413 1652,413 1652,414 1653,414 1653,416 1654,416 1654,418 1655,418 1655,420 1656,420 1656,422 1657,422 1657,425 1658,425 1658,427 1659,427 1659,435 1661,435 1661,436 1662,436 1662,439 1661,439 1661,440 1660,440 1660,447 1659,447 1659,459 1658,459 1658,460 1657,460 1657,461 1650,461 1650,460 1616,460 1616,459 1614,459 1614,458 1613,458 1613,457 1612,457 1612,456 1611,456 1611,454 1610,454 1610,451 1609,451 1609,444 1610,444 1610,442 1611,442 1611,441 1612,441 1612,440 1613,440 1613,438 1614,438 1614,415 1615,415 1615,413 1616,413 1616,412 1618,412 1618,411"/>
	<TextEquiv>
	<Unicode>δὲ</Unicode></TextEquiv></Word>
	<TextEquiv>
	<Unicode>καὶ παρὰ δόξαν ἐξίῃ τοῦ στρατοπέδου. πεζοὶ δὲ</Unicode></TextEquiv></TextLine>
	<TextLine id="r42">
	<Coords points="701,474 701,475 703,475 703,477 704,477 704,479 705,479 705,480 706,480 706,484 707,484 707,486 708,486 708,488 709,488 709,490 710,490 710,496 854,496 854,488 855,488 855,487 856,487 856,485 857,485 857,483 858,483 858,481 859,481 859,480 860,480 860,478 861,478 861,477 862,477 862,476 865,476 865,496 891,496 891,497 999,497 999,498 1113,498 1113,487 1114,487 1114,485 1115,485 1115,483 1116,483 1116,482 1117,482 1117,481 1118,481 1118,480 1185,480 1185,478 1186,478 1186,477 1191,477 1191,478 1193,478 1193,479 1194,479 1194,480 1298,480 1298,479 1299,479 1299,478 1301,478 1301,477 1306,477 1306,478 1410,478 1410,480 1411,480 1411,482 1445,482 1445,483 1447,483 1447,484 1449,484 1449,485 1450,485 1450,486 1451,486 1451,488 1452,488 1452,489 1453,489 1453,492 1454,492 1454,501 1513,501 1513,502 1646,502 1646,482 1647,482 1647,481 1651,481 1651,482 1652,482 1652,484 1653,484 1653,486 1654,486 1654,488 1655,488 1655,490 1656,490 1656,492 1657,492 1657,496 1658,496 1658,518 1662,518 1662,521 1661,521 1661,523 1660,523 1660,525 1659,525 1659,526 1658,526 1658,527 1657,527 1657,528 1655,528 1655,529 1633,529 1633,530 1529,530 1529,531 1528,531 1528,532 1527,532 1527,534 1524,534 1524,535 1523,535 1523,536 1520,536 1520,535 1417,535 1417,536 1416,536 1416,537 1325,537 1325,541 1324,541 1324,542 1323,542 1323,543 1321,543 1321,542 1320,542 1320,541 1319,541 1319,527 1261,527 1261,526 1115,526 1115,525 1087,525 1087,524 960,524 960,525 876,525 876,528 875,528 875,532 874,532 874,537 873,537 873,540 824,540 824,541 823,541 823,542 794,542 794,541 793,541 793,525 701,525 701,524 582,524 582,525 565,525 565,524 410,524 410,525 409,525 409,530 408,530 408,533 407,533 407,536 405,536 405,537 280,537 280,538 279,538 279,539 275,539 275,540 246,540 246,539 245,539 245,536 246,536 246,502 247,502 247,500 248,500 248,498 249,498 249,496 251,496 251,495 252,495 252,494 281,494 281,493 373,493 373,482 374,482 374,481 375,481 375,480 376,480 376,479 378,479 378,478 380,478 380,477 385,477 385,478 389,478 389,479 390,479 390,480 391,480 391,482 392,482 392,495 546,495 546,478 547,478 547,476 604,476 604,475 698,475 698,474"/>
	<Word id="r244">
	<Coords points="385,477 385,478 389,478 389,479 390,479 390,480 391,480 391,482 392,482 392,495 491,495 491,496 492,496 492,497 493,497 493,505 492,505 492,507 491,507 491,509 490,509 490,511 489,511 489,512 488,512 488,513 487,513 487,514 486,514 486,515 485,515 485,516 484,516 484,517 483,517 483,518 482,518 482,519 480,519 480,520 479,520 479,521 477,521 477,522 474,522 474,523 471,523 471,524 410,524 410,525 409,525 409,530 408,530 408,533 407,533 407,536 405,536 405,537 280,537 280,538 279,538 279,539 275,539 275,540 246,540 246,539 245,539 245,536 246,536 246,502 247,502 247,500 248,500 248,498 249,498 249,496 251,496 251,495 252,495 252,494 281,494 281,493 373,493 373,482 374,482 374,481 375,481 375,480 376,480 376,479 378,479 378,478 380,478 380,477"/>
	<TextEquiv>
	<Unicode>χωρῶμεν</Unicode></TextEquiv></Word>
	<Word id="r245">
	<Coords points="607,475 607,477 608,477 608,479 609,479 609,481 610,481 610,483 611,483 611,486 612,486 612,488 613,488 613,490 614,490 614,492 615,492 615,511 618,511 618,515 617,515 617,518 616,518 616,519 615,519 615,521 613,521 613,522 612,522 612,523 584,523 584,524 582,524 582,525 565,525 565,524 564,524 564,523 542,523 542,522 539,522 539,521 537,521 537,520 536,520 536,519 535,519 535,518 534,518 534,516 533,516 533,508 534,508 534,505 535,505 535,504 536,504 536,502 537,502 537,500 538,500 538,499 540,499 540,498 542,498 542,497 545,497 545,496 546,496 546,478 547,478 547,476 604,476 604,475"/>
	<TextEquiv>
	<Unicode>ἐπὶ</Unicode></TextEquiv></Word>
	<Word id="r246">
	<Coords points="701,474 701,475 703,475 703,477 704,477 704,479 705,479 705,480 706,480 706,484 707,484 707,486 708,486 708,488 709,488 709,490 710,490 710,497 745,497 745,498 746,498 746,504 745,504 745,507 744,507 744,508 743,508 743,510 742,510 742,511 741,511 741,513 740,513 740,514 739,514 739,515 738,515 738,516 736,516 736,517 735,517 735,518 734,518 734,519 733,519 733,520 732,520 732,521 730,521 730,522 727,522 727,523 724,523 724,524 704,524 704,525 701,525 701,524 668,524 668,523 667,523 667,508 659,508 659,507 658,507 658,502 659,502 659,500 660,500 660,499 661,499 661,497 697,497 697,475 698,475 698,474"/>
	<TextEquiv>
	<Unicode>τὸν</Unicode></TextEquiv></Word>
	<Word id="r247">
	<Coords points="865,476 865,496 891,496 891,497 999,497 999,498 1000,498 1000,499 1001,499 1001,512 1003,512 1003,513 1005,513 1005,515 1004,515 1004,516 1003,516 1003,519 1002,519 1002,520 1001,520 1001,522 999,522 999,523 962,523 962,524 960,524 960,525 876,525 876,528 875,528 875,532 874,532 874,537 873,537 873,540 824,540 824,541 823,541 823,542 794,542 794,541 793,541 793,507 792,507 792,506 793,506 793,503 794,503 794,501 795,501 795,500 796,500 796,499 798,499 798,498 799,498 799,497 801,497 801,496 854,496 854,488 855,488 855,487 856,487 856,485 857,485 857,483 858,483 858,481 859,481 859,480 860,480 860,478 861,478 861,477 862,477 862,476"/>
	<TextEquiv>
	<Unicode>χάρακα</Unicode></TextEquiv></Word>
	<Word id="r248">
	<Coords points="1126,480 1126,481 1128,481 1128,482 1129,482 1129,483 1130,483 1130,484 1131,484 1131,485 1132,485 1132,487 1133,487 1133,499 1134,499 1134,500 1135,500 1135,508 1134,508 1134,510 1133,510 1133,512 1132,512 1132,514 1131,514 1131,516 1130,516 1130,519 1129,519 1129,520 1128,520 1128,521 1127,521 1127,522 1126,522 1126,523 1125,523 1125,524 1123,524 1123,525 1119,525 1119,526 1115,526 1115,525 1087,525 1087,524 1055,524 1055,523 1053,523 1053,508 1044,508 1044,502 1045,502 1045,500 1047,500 1047,499 1050,499 1050,498 1113,498 1113,487 1114,487 1114,485 1115,485 1115,483 1116,483 1116,482 1117,482 1117,481 1118,481 1118,480"/>
	<TextEquiv>
	<Unicode>τοῦ</Unicode></TextEquiv></Word>
	<Word id="r249">
	<Coords points="1186,477 1191,477 1191,478 1193,478 1193,479 1194,479 1194,480 1298,480 1298,479 1299,479 1299,478 1301,478 1301,477 1306,477 1306,478 1410,478 1410,480 1411,480 1411,482 1445,482 1445,483 1447,483 1447,484 1449,484 1449,485 1450,485 1450,486 1451,486 1451,488 1452,488 1452,489 1453,489 1453,492 1454,492 1454,501 1513,501 1513,502 1515,502 1515,507 1516,507 1516,519 1527,519 1527,520 1529,520 1529,522 1530,522 1530,529 1529,529 1529,531 1528,531 1528,532 1527,532 1527,534 1524,534 1524,535 1523,535 1523,536 1520,536 1520,535 1417,535 1417,536 1416,536 1416,537 1325,537 1325,541 1324,541 1324,542 1323,542 1323,543 1321,543 1321,542 1320,542 1320,541 1319,541 1319,527 1261,527 1261,526 1204,526 1204,525 1201,525 1201,524 1200,524 1200,492 1187,492 1187,491 1186,491 1186,482 1185,482 1185,478 1186,478"/>
	<TextEquiv>
	<Unicode>Ἀσδρούβου,</Unicode></TextEquiv></Word>
	<Word id="r251">
	<Coords points="1651,481 1651,482 1652,482 1652,484 1653,484 1653,486 1654,486 1654,488 1655,488 1655,490 1656,490 1656,492 1657,492 1657,496 1658,496 1658,518 1662,518 1662,521 1661,521 1661,523 1660,523 1660,525 1659,525 1659,526 1658,526 1658,527 1657,527 1657,528 1655,528 1655,529 1633,529 1633,530 1576,530 1576,529 1575,529 1575,526 1576,526 1576,524 1577,524 1577,519 1578,519 1578,517 1579,517 1579,514 1580,514 1580,512 1581,512 1581,510 1582,510 1582,506 1583,506 1583,505 1584,505 1584,504 1585,504 1585,503 1599,503 1599,502 1646,502 1646,482 1647,482 1647,481"/>
	<TextEquiv>
	<Unicode>καὶ</Unicode></TextEquiv></Word>
	<TextEquiv>
	<Unicode>χωρῶμεν ἐπὶ τὸν χάρακα τοῦ Ἀσδρούβου, καὶ</Unicode></TextEquiv></TextLine>
	<TextLine id="r46">
	<Coords points="471,543 471,564 640,564 640,547 641,547 641,545 642,545 642,544 646,544 646,545 648,545 648,546 649,546 649,548 650,548 650,551 651,551 651,564 752,564 752,563 849,563 849,553 850,553 850,551 851,551 851,550 853,550 853,549 855,549 855,548 862,548 862,549 863,549 863,550 865,550 865,552 866,552 866,553 867,553 867,556 868,556 868,566 1020,566 1020,548 1021,548 1021,547 1022,547 1022,546 1027,546 1027,547 1029,547 1029,550 1030,550 1030,551 1031,551 1031,566 1060,566 1060,567 1167,567 1167,566 1255,566 1255,547 1256,547 1256,546 1257,546 1257,545 1259,545 1259,546 1260,546 1260,547 1261,547 1261,548 1262,548 1262,550 1263,550 1263,553 1264,553 1264,554 1265,554 1265,556 1266,556 1266,558 1267,558 1267,567 1388,567 1388,564 1389,564 1389,561 1390,561 1390,558 1391,558 1391,557 1392,557 1392,554 1393,554 1393,552 1394,552 1394,550 1395,550 1395,548 1397,548 1397,547 1399,547 1399,548 1401,548 1401,569 1425,569 1425,570 1492,570 1492,571 1614,571 1614,551 1615,551 1615,549 1618,549 1618,548 1618,549 1620,549 1620,550 1621,550 1621,553 1622,553 1622,555 1623,555 1623,560 1624,560 1624,564 1625,564 1625,570 1660,570 1660,571 1661,571 1661,572 1662,572 1662,578 1661,578 1661,580 1660,580 1660,582 1659,582 1659,584 1658,584 1658,585 1657,585 1657,587 1656,587 1656,588 1655,588 1655,589 1654,589 1654,590 1653,590 1653,591 1651,591 1651,592 1650,592 1650,593 1649,593 1649,594 1647,594 1647,595 1646,595 1646,596 1644,596 1644,597 1641,597 1641,598 1514,598 1514,599 1513,599 1513,600 1512,600 1512,601 1511,601 1511,602 1508,602 1508,603 1408,603 1408,607 1407,607 1407,612 1406,612 1406,613 1405,613 1405,614 1404,614 1404,613 1403,613 1403,612 1402,612 1402,611 1340,611 1340,610 1339,610 1339,599 1286,599 1286,597 1285,597 1285,596 1259,596 1259,595 1255,595 1255,594 885,594 885,597 884,597 884,604 883,604 883,606 882,606 882,607 881,607 881,608 880,608 880,609 878,609 878,608 877,608 877,607 751,607 751,608 750,608 750,609 748,609 748,610 744,610 744,609 717,609 717,608 716,608 716,593 578,593 578,594 577,594 577,595 575,595 575,596 570,596 570,592 321,592 321,593 320,593 320,597 319,597 319,604 318,604 318,606 315,606 315,605 314,605 314,592 298,592 298,591 256,591 256,590 255,590 255,589 254,589 254,576 248,576 248,569 249,569 249,567 250,567 250,566 251,566 251,565 254,565 254,564 301,564 301,563 303,563 303,562 335,562 335,563 459,563 459,557 460,557 460,554 461,554 461,553 462,553 462,550 463,550 463,548 464,548 464,546 465,546 465,544 467,544 467,543"/>
	<Word id="r252">
	<Coords points="471,543 471,564 579,564 579,565 581,565 581,566 583,566 583,568 585,568 585,573 584,573 584,574 583,574 583,575 581,575 581,590 580,590 580,592 579,592 579,593 578,593 578,594 577,594 577,595 575,595 575,596 570,596 570,592 321,592 321,593 320,593 320,597 319,597 319,604 318,604 318,606 315,606 315,605 314,605 314,592 298,592 298,591 256,591 256,590 255,590 255,589 254,589 254,576 248,576 248,569 249,569 249,567 250,567 250,566 251,566 251,565 254,565 254,564 301,564 301,563 303,563 303,562 335,562 335,563 459,563 459,557 460,557 460,554 461,554 461,553 462,553 462,550 463,550 463,548 464,548 464,546 465,546 465,544 467,544 467,543"/>
	<TextEquiv>
	<Unicode>περιστάντες</Unicode></TextEquiv></Word>
	<Word id="r253">
	<Coords points="646,544 646,545 648,545 648,546 649,546 649,548 650,548 650,551 651,551 651,564 752,564 752,563 849,563 849,553 850,553 850,551 851,551 851,550 853,550 853,549 855,549 855,548 862,548 862,549 863,549 863,550 865,550 865,552 866,552 866,553 867,553 867,556 868,556 868,566 966,566 966,567 967,567 967,568 968,568 968,573 967,573 967,576 966,576 966,577 965,577 965,579 964,579 964,581 963,581 963,582 962,582 962,583 961,583 961,584 960,584 960,585 959,585 959,586 958,586 958,587 957,587 957,588 955,588 955,589 954,589 954,590 953,590 953,591 951,591 951,592 949,592 949,593 932,593 932,594 885,594 885,597 884,597 884,604 883,604 883,606 882,606 882,607 881,607 881,608 880,608 880,609 878,609 878,608 877,608 877,607 751,607 751,608 750,608 750,609 748,609 748,610 744,610 744,609 717,609 717,608 716,608 716,593 638,593 638,592 635,592 635,591 634,591 634,590 632,590 632,589 631,589 631,588 630,588 630,587 629,587 629,585 628,585 628,581 627,581 628,581 628,577 629,577 629,574 630,574 630,573 631,573 631,571 632,571 632,570 633,570 633,569 634,569 634,568 636,568 636,567 637,567 637,566 639,566 639,565 640,565 640,547 641,547 641,545 642,545 642,544"/>
	<TextEquiv>
	<Unicode>ἐπιχειρῶμεν</Unicode></TextEquiv></Word>
	<Word id="r254">
	<Coords points="1027,546 1027,547 1029,547 1029,550 1030,550 1030,551 1031,551 1031,566 1060,566 1060,567 1062,567 1062,569 1063,569 1063,573 1061,573 1061,587 1060,587 1060,589 1059,589 1059,591 1058,591 1058,592 1055,592 1055,593 1036,593 1036,594 1018,594 1018,593 1016,593 1016,592 1013,592 1013,591 1011,591 1011,590 1010,590 1010,588 1009,588 1009,586 1008,586 1008,578 1009,578 1009,575 1010,575 1010,574 1011,574 1011,572 1012,572 1012,571 1013,571 1013,570 1015,570 1015,569 1016,569 1016,568 1017,568 1017,567 1020,567 1020,548 1021,548 1021,547 1022,547 1022,546"/>
	<TextEquiv>
	<Unicode>ἐκ</Unicode></TextEquiv></Word>
	<Word id="r255">
	<Coords points="1259,545 1259,546 1260,546 1260,547 1261,547 1261,548 1262,548 1262,550 1263,550 1263,553 1264,553 1264,554 1265,554 1265,556 1266,556 1266,558 1267,558 1267,567 1293,567 1293,568 1295,568 1295,569 1298,569 1298,570 1299,570 1299,571 1300,571 1300,572 1301,572 1301,575 1300,575 1300,576 1299,576 1299,577 1296,577 1296,592 1295,592 1295,595 1294,595 1294,596 1293,596 1293,597 1292,597 1292,598 1290,598 1290,599 1286,599 1286,597 1285,597 1285,596 1259,596 1259,595 1255,595 1255,594 1113,594 1113,593 1112,593 1112,579 1107,579 1107,577 1106,577 1106,572 1107,572 1107,570 1108,570 1108,568 1112,568 1112,567 1167,567 1167,566 1255,566 1255,547 1256,547 1256,546 1257,546 1257,545"/>
	<TextEquiv>
	<Unicode>παντὸς</Unicode></TextEquiv></Word>
	<Word id="r256">
	<Coords points="1399,547 1399,548 1401,548 1401,569 1425,569 1425,570 1492,570 1492,571 1514,571 1514,572 1517,572 1517,573 1518,573 1518,574 1519,574 1519,576 1520,576 1520,579 1521,579 1520,579 1520,581 1519,581 1519,582 1515,582 1515,597 1514,597 1514,599 1513,599 1513,600 1512,600 1512,601 1511,601 1511,602 1508,602 1508,603 1408,603 1408,607 1407,607 1407,612 1406,612 1406,613 1405,613 1405,614 1404,614 1404,613 1403,613 1403,612 1402,612 1402,611 1340,611 1340,610 1339,610 1339,604 1340,604 1340,601 1341,601 1341,597 1342,597 1342,594 1343,594 1343,592 1344,592 1344,588 1345,588 1345,584 1346,584 1346,582 1347,582 1347,577 1348,577 1348,575 1349,575 1349,571 1350,571 1350,570 1352,570 1352,569 1388,569 1388,564 1389,564 1389,561 1390,561 1390,558 1391,558 1391,557 1392,557 1392,554 1393,554 1393,552 1394,552 1394,550 1395,550 1395,548 1397,548 1397,547"/>
	<TextEquiv>
	<Unicode>μέρους</Unicode></TextEquiv></Word>
	<Word id="r257">
	<Coords points="1618,549 1620,549 1620,550 1621,550 1621,553 1622,553 1622,555 1623,555 1623,560 1624,560 1624,564 1625,564 1625,570 1660,570 1660,571 1661,571 1661,572 1662,572 1662,578 1661,578 1661,580 1660,580 1660,582 1659,582 1659,584 1658,584 1658,585 1657,585 1657,587 1656,587 1656,588 1655,588 1655,589 1654,589 1654,590 1653,590 1653,591 1651,591 1651,592 1650,592 1650,593 1649,593 1649,594 1647,594 1647,595 1646,595 1646,596 1644,596 1644,597 1641,597 1641,598 1573,598 1573,597 1571,597 1571,596 1570,596 1570,595 1568,595 1568,594 1567,594 1567,593 1566,593 1566,591 1565,591 1565,582 1566,582 1566,581 1567,581 1567,579 1568,579 1568,578 1569,578 1569,576 1570,576 1570,575 1572,575 1572,574 1574,574 1574,573 1576,573 1576,572 1580,572 1580,571 1614,571 1614,551 1615,551 1615,549 1618,549 1618,548"/>
	<TextEquiv>
	<Unicode>σὺν</Unicode></TextEquiv></Word>
	<TextEquiv>
	<Unicode>περιστάντες ἐπιχειρῶμεν ἐκ παντὸς μέρους σὺν</Unicode></TextEquiv></TextLine>
	<TextLine id="r7">
	<Coords points="368,610 371,610 371,611 389,611 389,612 391,612 391,614 393,614 393,615 395,615 395,616 396,616 396,617 397,617 397,618 398,618 398,619 399,619 399,620 400,620 400,622 401,622 401,633 724,633 724,622 725,622 725,619 726,619 726,618 728,618 728,617 730,617 730,616 735,616 735,617 738,617 738,618 739,618 739,619 740,619 740,620 741,620 741,622 742,622 742,624 743,624 743,634 855,634 855,614 856,614 856,613 954,613 954,612 956,612 956,613 957,613 957,621 971,621 971,622 973,622 973,623 975,623 975,624 976,624 976,626 977,626 977,627 978,627 978,628 979,628 979,630 980,630 980,631 981,631 981,634 982,634 982,635 1112,635 1112,633 1113,633 1113,630 1114,630 1114,629 1115,629 1115,627 1116,627 1116,626 1117,626 1117,625 1118,625 1118,623 1119,623 1119,622 1120,622 1120,621 1121,621 1121,620 1122,620 1122,618 1124,618 1124,617 1125,617 1125,616 1126,616 1126,615 1130,615 1130,614 1132,614 1132,615 1134,615 1134,616 1135,616 1135,618 1136,618 1136,620 1137,620 1137,635 1332,635 1332,631 1333,631 1333,628 1334,628 1334,626 1335,626 1335,624 1336,624 1336,622 1337,622 1337,620 1338,620 1338,619 1339,619 1339,618 1340,618 1340,617 1342,617 1342,616 1344,616 1344,618 1345,618 1345,638 1407,638 1407,639 1512,639 1512,638 1544,638 1544,631 1545,631 1545,629 1546,629 1546,626 1547,626 1547,625 1548,625 1548,624 1549,624 1549,621 1550,621 1550,620 1551,620 1551,619 1552,619 1552,617 1554,617 1554,616 1557,616 1557,617 1558,617 1558,639 1625,639 1625,640 1662,640 1662,646 1661,646 1661,650 1660,650 1660,652 1659,652 1659,653 1658,653 1658,655 1657,655 1657,656 1656,656 1656,657 1655,657 1655,658 1654,658 1654,659 1652,659 1652,660 1651,660 1651,661 1650,661 1650,662 1649,662 1649,663 1647,663 1647,664 1646,664 1646,665 1645,665 1645,666 1641,666 1641,667 1639,667 1639,666 1511,666 1511,667 1404,667 1404,668 1403,668 1403,669 1402,669 1402,673 1401,673 1401,674 1393,674 1393,676 1392,676 1392,677 1391,677 1391,678 1390,678 1390,679 1385,679 1385,677 1384,677 1384,664 1320,664 1320,663 1147,663 1147,665 1146,665 1146,671 1145,671 1145,676 1144,676 1144,678 1142,678 1142,679 1141,679 1141,678 1045,678 1045,677 1043,677 1043,676 1001,676 1001,675 1000,675 1000,662 858,662 858,661 738,661 738,664 737,664 737,669 736,669 736,670 735,670 735,671 734,671 734,672 726,672 726,674 725,674 725,675 724,675 724,676 723,676 723,677 718,677 718,676 717,676 717,674 581,674 581,675 573,675 573,676 572,676 572,677 571,677 571,678 570,678 570,679 567,679 567,680 539,680 539,679 537,679 537,661 409,661 409,660 318,660 318,659 254,659 254,658 252,658 252,657 250,657 250,656 249,656 249,655 248,655 248,653 247,653 247,652 246,652 246,645 247,645 247,643 248,643 248,640 249,640 249,639 250,639 250,638 251,638 251,637 252,637 252,636 253,636 253,635 254,635 254,634 256,634 256,633 258,633 258,615 259,615 259,613 260,613 260,612 367,612 367,611 368,611"/>
	<Word id="r83">
	<Coords points="371,610 371,611 389,611 389,612 391,612 391,614 393,614 393,615 395,615 395,616 396,616 396,617 397,617 397,618 398,618 398,619 399,619 399,620 400,620 400,622 401,622 401,633 416,633 416,634 417,634 417,649 420,649 420,653 419,653 419,654 418,654 418,657 417,657 417,658 415,658 415,659 414,659 414,660 412,660 412,661 409,661 409,660 318,660 318,659 254,659 254,658 252,658 252,657 250,657 250,656 249,656 249,655 248,655 248,653 247,653 247,652 246,652 246,645 247,645 247,643 248,643 248,640 249,640 249,639 250,639 250,638 251,638 251,637 252,637 252,636 253,636 253,635 254,635 254,634 256,634 256,633 258,633 258,615 259,615 259,613 260,613 260,612 367,612 367,611 368,611 368,610"/>
	<TextEquiv>
	<Unicode>ἐλπίδι</Unicode></TextEquiv></Word>
	<Word id="r84">
	<Coords points="499,633 499,634 500,634 500,635 501,635 501,639 500,639 500,640 498,640 498,659 495,659 495,660 459,660 459,661 456,661 456,660 455,660 455,658 454,658 454,644 447,644 447,643 446,643 446,638 447,638 447,636 448,636 448,635 450,635 450,634 491,634 491,633"/>
	<TextEquiv>
	<Unicode>τε</Unicode></TextEquiv></Word>
	<Word id="r85">
	<Coords points="735,616 735,617 738,617 738,618 739,618 739,619 740,619 740,620 741,620 741,622 742,622 742,624 743,624 743,639 744,639 744,642 745,642 745,645 744,645 744,647 743,647 743,652 742,652 742,655 741,655 741,657 740,657 740,660 739,660 739,661 738,661 738,664 737,664 737,669 736,669 736,670 735,670 735,671 734,671 734,672 726,672 726,674 725,674 725,675 724,675 724,676 723,676 723,677 718,677 718,676 717,676 717,674 581,674 581,675 573,675 573,676 572,676 572,677 571,677 571,678 570,678 570,679 567,679 567,680 539,680 539,679 537,679 537,676 538,676 538,642 539,642 539,641 540,641 540,638 543,638 543,635 544,635 544,634 593,634 593,633 724,633 724,622 725,622 725,619 726,619 726,618 728,618 728,617 730,617 730,616"/>
	<TextEquiv>
	<Unicode>χρηστῇ</Unicode></TextEquiv></Word>
	<Word id="r86">
	<Coords points="858,613 858,614 859,614 859,615 860,615 860,616 861,616 861,619 862,619 862,620 863,620 863,622 864,622 864,624 865,624 865,627 866,627 866,629 867,629 867,650 871,650 871,654 870,654 870,655 869,655 869,657 868,657 868,658 867,658 867,660 866,660 866,661 864,661 864,662 858,662 858,661 785,661 785,660 784,660 784,656 785,656 785,653 786,653 786,650 787,650 787,648 788,648 788,645 789,645 789,641 790,641 790,638 791,638 791,637 792,637 792,635 808,635 808,634 855,634 855,614 856,614 856,613"/>
	<TextEquiv>
	<Unicode>καὶ</Unicode></TextEquiv></Word>
	<Word id="r87">
	<Coords points="956,612 956,613 957,613 957,621 971,621 971,622 973,622 973,623 975,623 975,624 976,624 976,626 977,626 977,627 978,627 978,628 979,628 979,630 980,630 980,631 981,631 981,634 982,634 982,635 1066,635 1066,636 1068,636 1068,637 1069,637 1069,639 1070,639 1070,647 1069,647 1069,650 1068,650 1068,653 1067,653 1067,655 1066,655 1066,657 1065,657 1065,662 1064,662 1064,665 1063,665 1063,668 1062,668 1062,671 1061,671 1061,672 1060,672 1060,673 1051,673 1051,675 1050,675 1050,676 1049,676 1049,677 1047,677 1047,678 1045,678 1045,677 1043,677 1043,676 1001,676 1001,675 1000,675 1000,662 912,662 912,661 911,661 911,646 904,646 904,645 903,645 903,644 902,644 902,638 903,638 903,637 904,637 904,636 906,636 906,635 915,635 915,634 948,634 948,622 949,622 949,618 950,618 950,616 951,616 951,614 952,614 952,613 954,613 954,612"/>
	<TextEquiv>
	<Unicode>τόλμῃ</Unicode></TextEquiv></Word>
	<Word id="r88">
	<Coords points="1132,614 1132,615 1134,615 1134,616 1135,616 1135,618 1136,618 1136,620 1137,620 1137,635 1332,635 1332,631 1333,631 1333,628 1334,628 1334,626 1335,626 1335,624 1336,624 1336,622 1337,622 1337,620 1338,620 1338,619 1339,619 1339,618 1340,618 1340,617 1342,617 1342,616 1344,616 1344,618 1345,618 1345,638 1407,638 1407,639 1409,639 1409,640 1410,640 1410,641 1425,641 1425,642 1426,642 1426,643 1427,643 1427,645 1428,645 1428,647 1427,647 1427,649 1426,649 1426,650 1423,650 1423,651 1409,651 1409,655 1408,655 1408,657 1407,657 1407,661 1406,661 1406,663 1405,663 1405,667 1404,667 1404,668 1403,668 1403,669 1402,669 1402,673 1401,673 1401,674 1393,674 1393,676 1392,676 1392,677 1391,677 1391,678 1390,678 1390,679 1385,679 1385,677 1384,677 1384,664 1320,664 1320,663 1147,663 1147,665 1146,665 1146,671 1145,671 1145,676 1144,676 1144,678 1142,678 1142,679 1141,679 1141,678 1139,678 1139,663 1116,663 1116,662 1113,662 1113,661 1111,661 1111,660 1110,660 1110,658 1109,658 1109,649 1108,649 1108,645 1109,645 1109,641 1110,641 1110,638 1111,638 1111,636 1112,636 1112,633 1113,633 1113,630 1114,630 1114,629 1115,629 1115,627 1116,627 1116,626 1117,626 1117,625 1118,625 1118,623 1119,623 1119,622 1120,622 1120,621 1121,621 1121,620 1122,620 1122,618 1124,618 1124,617 1125,617 1125,616 1126,616 1126,615 1130,615 1130,614"/>
	<TextEquiv>
	<Unicode>θρασυτάτῃ·</Unicode></TextEquiv></Word>
	<Word id="r89">
	<Coords points="1557,616 1557,617 1558,617 1558,639 1625,639 1625,640 1662,640 1662,646 1661,646 1661,650 1660,650 1660,652 1659,652 1659,653 1658,653 1658,655 1657,655 1657,656 1656,656 1656,657 1655,657 1655,658 1654,658 1654,659 1652,659 1652,660 1651,660 1651,661 1650,661 1650,662 1649,662 1649,663 1647,663 1647,664 1646,664 1646,665 1645,665 1645,666 1641,666 1641,667 1639,667 1639,666 1511,666 1511,667 1478,667 1478,666 1476,666 1476,665 1475,665 1475,650 1468,650 1468,649 1467,649 1467,645 1466,645 1467,645 1467,642 1468,642 1468,641 1469,641 1469,640 1470,640 1470,639 1512,639 1512,638 1544,638 1544,631 1545,631 1545,629 1546,629 1546,626 1547,626 1547,625 1548,625 1548,624 1549,624 1549,621 1550,621 1550,620 1551,620 1551,619 1552,619 1552,617 1554,617 1554,616"/>
	<TextEquiv>
	<Unicode>τούτων</Unicode></TextEquiv></Word>
	<TextEquiv>
	<Unicode>ἐλπίδι τε χρηστῇ καὶ τόλμῃ θρασυτάτῃ· τούτων</Unicode></TextEquiv></TextLine>
	<TextLine id="r9">
	<Coords points="294,678 417,678 417,679 419,679 419,680 420,680 420,681 421,681 421,683 422,683 422,686 423,686 423,688 424,688 424,690 425,690 425,692 426,692 426,695 427,695 427,702 586,702 586,692 587,692 587,689 588,689 588,685 589,685 589,683 590,683 590,681 591,681 591,680 596,680 596,681 597,681 597,702 730,702 730,683 731,683 731,682 732,682 732,681 737,681 737,680 739,680 739,681 741,681 741,682 743,682 743,683 745,683 745,684 746,684 746,686 793,686 793,687 794,687 794,688 796,688 796,690 797,690 797,702 981,702 981,693 982,693 982,692 983,692 983,690 984,690 984,689 985,689 985,687 986,687 986,685 987,685 987,684 990,684 990,689 1004,689 1004,690 1005,690 1005,691 1007,691 1007,692 1009,692 1009,693 1010,693 1010,695 1011,695 1011,696 1012,696 1012,698 1013,698 1013,700 1014,700 1014,701 1015,701 1015,704 1142,704 1142,705 1323,705 1323,685 1324,685 1324,684 1412,684 1412,685 1484,685 1484,686 1485,686 1485,687 1486,687 1486,707 1588,707 1588,702 1589,702 1589,701 1590,701 1590,697 1591,697 1591,694 1592,694 1592,693 1593,693 1593,690 1594,690 1594,687 1595,687 1595,686 1601,686 1601,707 1620,707 1620,708 1654,708 1654,709 1656,709 1656,710 1658,710 1658,711 1659,711 1659,712 1660,712 1660,713 1661,713 1661,716 1660,716 1660,717 1659,717 1659,718 1657,718 1657,733 1656,733 1656,735 1655,735 1655,737 1654,737 1654,738 1652,738 1652,739 1651,739 1651,740 1648,740 1648,739 1646,739 1646,735 1473,735 1473,734 1360,734 1360,735 1357,735 1357,736 1356,736 1356,737 1354,737 1354,738 1352,738 1352,737 1351,737 1351,733 1321,733 1321,732 1260,732 1260,731 1038,731 1038,730 929,730 929,735 928,735 928,738 927,738 927,742 926,742 926,744 925,744 925,745 922,745 922,744 921,744 921,731 872,731 872,730 766,730 766,729 645,729 645,730 547,730 547,732 546,732 546,735 545,735 545,744 544,744 544,745 541,745 541,744 540,744 540,730 468,730 468,729 322,729 322,732 321,732 321,737 320,737 320,743 319,743 319,744 317,744 317,743 259,743 259,742 258,742 258,741 257,741 257,719 247,719 247,717 246,717 246,713 245,713 245,707 246,707 246,705 247,705 247,704 249,704 249,703 250,703 250,702 251,702 251,701 293,701 293,679 294,679"/>
	<Word id="r90">
	<Coords points="295,678 295,679 298,679 298,680 299,680 299,682 300,682 300,684 301,684 301,687 302,687 302,691 303,691 303,693 304,693 304,695 305,695 305,698 306,698 306,700 335,700 335,701 338,701 338,702 340,702 340,703 341,703 341,704 342,704 342,705 343,705 343,707 344,707 344,710 345,710 345,714 344,714 344,716 343,716 343,719 342,719 342,722 341,722 341,723 340,723 340,724 339,724 339,725 338,725 338,726 337,726 337,727 335,727 335,728 322,728 322,732 321,732 321,737 320,737 320,743 319,743 319,744 317,744 317,743 259,743 259,742 258,742 258,741 257,741 257,719 247,719 247,717 246,717 246,713 245,713 245,707 246,707 246,705 247,705 247,704 249,704 249,703 250,703 250,702 251,702 251,701 293,701 293,679 294,679 294,678"/>
	<TextEquiv>
	<Unicode>γὰρ</Unicode></TextEquiv></Word>
	<Word id="r91">
	<Coords points="417,679 419,679 419,680 420,680 420,681 421,681 421,683 422,683 422,686 423,686 423,688 424,688 424,690 425,690 425,692 426,692 426,695 427,695 427,702 431,702 431,703 432,703 432,718 436,718 436,719 435,719 435,721 434,721 434,723 433,723 433,725 432,725 432,726 430,726 430,727 429,727 429,728 385,728 385,729 382,729 382,728 381,728 381,727 380,727 380,713 373,713 373,711 372,711 372,705 374,705 374,703 376,703 376,702 381,702 381,701 414,701 414,680 415,680 415,679 417,679 417,678"/>
	<TextEquiv>
	<Unicode>τὰ</Unicode></TextEquiv></Word>
	<Word id="r92">
	<Coords points="596,680 596,681 597,681 597,702 692,702 692,703 693,703 693,718 696,718 696,719 697,719 697,722 696,722 696,723 695,723 695,724 694,724 694,725 693,725 693,726 692,726 692,727 691,727 691,728 689,728 689,729 645,729 645,730 547,730 547,732 546,732 546,735 545,735 545,744 544,744 544,745 541,745 541,744 540,744 540,730 468,730 468,728 467,728 467,714 462,714 462,713 461,713 461,709 462,709 462,706 463,706 463,704 464,704 464,703 468,703 468,702 586,702 586,692 587,692 587,689 588,689 588,685 589,685 589,683 590,683 590,681 591,681 591,680"/>
	<TextEquiv>
	<Unicode>παρόντα</Unicode></TextEquiv></Word>
	<Word id="r93">
	<Coords points="739,680 739,681 741,681 741,682 743,682 743,683 745,683 745,684 746,684 746,686 793,686 793,687 794,687 794,688 796,688 796,690 797,690 797,702 881,702 881,703 882,703 882,704 883,704 883,719 885,719 885,720 886,720 886,723 885,723 885,724 884,724 884,726 883,726 883,727 882,727 882,728 881,728 881,729 879,729 879,730 878,730 878,731 872,731 872,730 766,730 766,729 733,729 733,728 731,728 731,727 729,727 729,726 728,726 728,725 727,725 727,724 726,724 726,723 725,723 725,712 726,712 726,710 727,710 727,709 728,709 728,707 729,707 729,706 730,706 730,683 731,683 731,682 732,682 732,681 737,681 737,680"/>
	<TextEquiv>
	<Unicode>δεῖται</Unicode></TextEquiv></Word>
	<Word id="r94">
	<Coords points="990,684 990,689 1004,689 1004,690 1005,690 1005,691 1007,691 1007,692 1009,692 1009,693 1010,693 1010,695 1011,695 1011,696 1012,696 1012,698 1013,698 1013,700 1014,700 1014,701 1015,701 1015,704 1142,704 1142,705 1154,705 1154,706 1155,706 1155,720 1157,720 1157,721 1171,721 1171,722 1173,722 1173,725 1174,725 1174,727 1173,727 1173,728 1172,728 1172,730 1171,730 1171,731 1038,731 1038,730 929,730 929,735 928,735 928,738 927,738 927,742 926,742 926,744 925,744 925,745 922,745 922,744 921,744 921,739 922,739 922,736 923,736 923,732 924,732 924,730 925,730 925,728 926,728 926,724 927,724 927,720 928,720 928,717 929,717 929,712 930,712 930,709 931,709 931,705 932,705 932,704 950,704 950,703 981,703 981,693 982,693 982,692 983,692 983,690 984,690 984,689 985,689 985,687 986,687 986,685 987,685 987,684"/>
	<TextEquiv>
	<Unicode>μάλιστα.</Unicode></TextEquiv></Word>
	<Word id="r95">
	<Coords points="1328,684 1328,686 1329,686 1329,688 1330,688 1330,690 1331,690 1331,696 1332,696 1332,698 1333,698 1333,705 1358,705 1358,706 1361,706 1361,707 1362,707 1362,708 1364,708 1364,709 1365,709 1365,711 1366,711 1366,715 1364,715 1364,716 1362,716 1362,732 1361,732 1361,734 1360,734 1360,735 1357,735 1357,736 1356,736 1356,737 1354,737 1354,738 1352,738 1352,737 1351,737 1351,733 1321,733 1321,732 1260,732 1260,731 1259,731 1259,716 1251,716 1251,714 1250,714 1250,711 1249,711 1250,711 1250,709 1251,709 1251,708 1252,708 1252,706 1254,706 1254,705 1323,705 1323,685 1324,685 1324,684"/>
	<TextEquiv>
	<Unicode>τοὺς</Unicode></TextEquiv></Word>
	<Word id="r96">
	<Coords points="1412,684 1412,685 1437,685 1437,686 1439,686 1439,688 1440,688 1440,691 1441,691 1441,694 1440,694 1440,695 1439,695 1439,698 1438,698 1438,699 1437,699 1437,700 1435,700 1435,701 1425,701 1425,719 1424,719 1424,723 1423,723 1423,726 1422,726 1422,727 1421,727 1421,728 1420,728 1420,729 1419,729 1419,731 1417,731 1417,732 1415,732 1415,733 1411,733 1411,734 1409,734 1409,733 1405,733 1405,732 1402,732 1402,730 1401,730 1401,729 1400,729 1400,727 1399,727 1399,725 1398,725 1398,720 1399,720 1399,717 1400,717 1400,714 1401,714 1401,713 1402,713 1402,712 1403,712 1403,711 1404,711 1404,690 1405,690 1405,688 1406,688 1406,686 1407,686 1407,685 1408,685 1408,684"/>
	<TextEquiv>
	<Unicode>δ᾽</Unicode></TextEquiv></Word>
	<Word id="r97">
	<Coords points="1484,685 1484,686 1485,686 1485,687 1486,687 1486,707 1588,707 1588,702 1589,702 1589,701 1590,701 1590,697 1591,697 1591,694 1592,694 1592,693 1593,693 1593,690 1594,690 1594,687 1595,687 1595,686 1601,686 1601,707 1620,707 1620,708 1654,708 1654,709 1656,709 1656,710 1658,710 1658,711 1659,711 1659,712 1660,712 1660,713 1661,713 1661,716 1660,716 1660,717 1659,717 1659,718 1657,718 1657,733 1656,733 1656,735 1655,735 1655,737 1654,737 1654,738 1652,738 1652,739 1651,739 1651,740 1648,740 1648,739 1646,739 1646,735 1473,735 1473,734 1471,734 1471,733 1470,733 1470,732 1469,732 1469,724 1470,724 1470,720 1471,720 1471,717 1472,717 1472,714 1473,714 1473,711 1474,711 1474,709 1475,709 1475,708 1476,708 1476,690 1477,690 1477,688 1478,688 1478,687 1479,687 1479,686 1480,686 1480,685"/>
	<TextEquiv>
	<Unicode>ἱππέας</Unicode></TextEquiv></Word>
	<TextEquiv>
	<Unicode>γὰρ τὰ παρόντα δεῖται μάλιστα. τοὺς δ᾽ ἱππέας</Unicode></TextEquiv></TextLine>
	<TextLine id="r10">
	<Coords points="413,747 413,748 414,748 414,749 415,749 415,751 416,751 416,752 521,752 521,751 522,751 522,750 523,750 523,751 524,751 524,752 525,752 525,771 730,771 730,752 731,752 731,751 736,751 736,752 737,752 737,753 738,753 738,754 821,754 821,755 826,755 826,756 828,756 828,757 829,757 829,758 830,758 830,770 973,770 973,763 974,763 974,759 975,759 975,758 976,758 976,757 977,757 977,756 979,756 979,755 983,755 983,754 1056,754 1056,753 1058,753 1058,752 1061,752 1061,751 1063,751 1063,752 1065,752 1065,753 1066,753 1066,754 1067,754 1067,756 1068,756 1068,759 1069,759 1069,772 1298,772 1298,752 1299,752 1299,751 1302,751 1302,752 1394,752 1394,753 1395,753 1395,754 1396,754 1396,775 1520,775 1520,760 1521,760 1521,758 1522,758 1522,757 1534,757 1534,756 1535,756 1535,755 1536,755 1536,754 1539,754 1539,755 1540,755 1540,756 1541,756 1541,776 1643,776 1643,758 1644,758 1644,757 1647,757 1647,758 1649,758 1649,760 1650,760 1650,761 1651,761 1651,762 1653,762 1653,764 1654,764 1654,765 1655,765 1655,768 1656,768 1656,769 1657,769 1657,771 1658,771 1658,776 1659,776 1659,778 1660,778 1660,796 1659,796 1659,800 1658,800 1658,802 1657,802 1657,804 1656,804 1656,806 1655,806 1655,808 1654,808 1654,809 1653,809 1653,810 1652,810 1652,812 1651,812 1651,813 1650,813 1650,814 1649,814 1649,816 1647,816 1647,817 1644,817 1644,816 1599,816 1599,804 1523,804 1523,803 1494,803 1494,802 1385,802 1385,803 1336,803 1336,804 1335,804 1335,805 1331,805 1331,806 1329,806 1329,805 1328,805 1328,801 1299,801 1299,800 1165,800 1165,799 990,799 990,804 989,804 989,807 988,807 988,810 987,810 987,811 986,811 986,812 936,812 936,814 935,814 935,815 924,815 924,816 922,816 922,817 893,817 893,816 891,816 891,803 842,803 842,802 841,802 841,799 602,799 602,798 439,798 439,801 438,801 438,809 437,809 437,812 436,812 436,814 432,814 432,812 375,812 375,811 374,811 374,810 373,810 373,798 263,798 263,810 262,810 262,811 260,811 260,810 258,810 258,809 257,809 257,806 256,806 256,805 254,805 254,804 253,804 253,802 252,802 252,801 251,801 251,800 250,800 250,798 249,798 249,795 248,795 248,793 247,793 247,791 246,791 246,767 248,767 248,765 249,765 249,764 250,764 250,762 251,762 251,760 252,760 252,758 253,758 253,756 254,756 254,755 255,755 255,754 256,754 256,753 257,753 257,752 258,752 258,751 259,751 259,750 261,750 261,749 408,749 408,748 409,748 409,747"/>
	<Word id="r98">
	<Coords points="317,749 317,750 319,750 319,752 320,752 320,755 321,755 321,772 325,772 325,773 326,773 326,777 325,777 325,782 324,782 324,785 323,785 323,787 322,787 322,788 321,788 321,790 320,790 320,791 319,791 319,793 317,793 317,795 315,795 315,796 313,796 313,797 311,797 311,798 263,798 263,810 262,810 262,811 260,811 260,810 258,810 258,809 257,809 257,806 256,806 256,805 254,805 254,804 253,804 253,802 252,802 252,801 251,801 251,800 250,800 250,798 249,798 249,795 248,795 248,793 247,793 247,791 246,791 246,767 248,767 248,765 249,765 249,764 250,764 250,762 251,762 251,760 252,760 252,758 253,758 253,756 254,756 254,755 255,755 255,754 256,754 256,753 257,753 257,752 258,752 258,751 259,751 259,750 261,750 261,749"/>
	<TextEquiv>
	<Unicode>(οὐ</Unicode></TextEquiv></Word>
	<Word id="r99">
	<Coords points="413,747 413,748 414,748 414,749 415,749 415,751 416,751 416,753 417,753 417,755 418,755 418,758 419,758 419,761 420,761 420,763 421,763 421,769 454,769 454,770 456,770 456,771 458,771 458,772 459,772 459,773 460,773 460,777 461,777 461,780 462,780 462,785 461,785 461,787 460,787 460,789 459,789 459,791 458,791 458,792 457,792 457,793 455,793 455,795 454,795 454,796 452,796 452,797 439,797 439,801 438,801 438,809 437,809 437,812 436,812 436,814 432,814 432,812 375,812 375,811 374,811 374,810 373,810 373,788 364,788 364,787 363,787 363,786 362,786 362,782 361,782 361,778 362,778 362,776 363,776 363,774 364,774 364,773 365,773 365,772 366,772 366,771 392,771 392,770 408,770 408,748 409,748 409,747"/>
	<TextEquiv>
	<Unicode>γὰρ</Unicode></TextEquiv></Word>
	<Word id="r100">
	<Coords points="523,750 523,751 524,751 524,752 525,752 525,771 640,771 640,772 641,772 641,773 642,773 642,777 641,777 641,780 640,780 640,782 639,782 639,783 638,783 638,785 636,785 636,787 635,787 635,788 634,788 634,789 633,789 633,790 632,790 632,791 630,791 630,792 629,792 629,794 627,794 627,795 626,795 626,796 624,796 624,797 622,797 622,798 602,798 602,799 602,798 509,798 509,797 506,797 506,796 505,796 505,795 504,795 504,794 503,794 503,793 502,793 502,791 501,791 501,782 502,782 502,781 503,781 503,779 504,779 504,777 505,777 505,776 506,776 506,763 507,763 507,753 508,753 508,752 521,752 521,751 522,751 522,750"/>
	<TextEquiv>
	<Unicode>ἔστιν</Unicode></TextEquiv></Word>
	<Word id="r101">
	<Coords points="736,751 736,752 737,752 737,753 738,753 738,754 821,754 821,755 826,755 826,756 828,756 828,757 829,757 829,758 830,758 830,772 848,772 848,773 850,773 850,774 852,774 852,775 853,775 853,776 854,776 854,777 855,777 855,779 856,779 855,779 855,781 853,781 853,782 851,782 851,796 850,796 850,799 849,799 849,801 847,801 847,802 845,802 845,803 842,803 842,802 841,802 841,799 682,799 682,798 681,798 681,797 680,797 680,796 679,796 679,784 680,784 680,781 681,781 681,780 682,780 682,778 683,778 683,777 684,777 684,776 685,776 685,775 686,775 686,774 687,774 687,773 689,773 689,772 691,772 691,771 730,771 730,752 731,752 731,751"/>
	<TextEquiv>
	<Unicode>αὐτοῖς</Unicode></TextEquiv></Word>
	<Word id="r102">
	<Coords points="1063,751 1063,752 1065,752 1065,753 1066,753 1066,754 1067,754 1067,756 1068,756 1068,759 1069,759 1069,772 1101,772 1101,773 1120,773 1120,774 1121,774 1121,789 1125,789 1125,792 1124,792 1124,794 1123,794 1123,795 1122,795 1122,796 1121,796 1121,797 1120,797 1120,798 1118,798 1118,799 990,799 990,804 989,804 989,807 988,807 988,810 987,810 987,811 986,811 986,812 936,812 936,814 935,814 935,815 924,815 924,816 922,816 922,817 893,817 893,816 891,816 891,814 892,814 892,778 893,778 893,776 894,776 894,775 895,775 895,774 896,774 896,773 897,773 897,772 898,772 898,771 926,771 926,770 973,770 973,763 974,763 974,759 975,759 975,758 976,758 976,757 977,757 977,756 979,756 979,755 983,755 983,754 1056,754 1056,753 1058,753 1058,752 1061,752 1061,751"/>
	<TextEquiv>
	<Unicode>χρῆσθαι</Unicode></TextEquiv></Word>
	<Word id="r103">
	<Coords points="1302,751 1302,752 1303,752 1303,753 1304,753 1304,755 1305,755 1305,758 1306,758 1306,759 1307,759 1307,762 1308,762 1308,764 1309,764 1309,773 1336,773 1336,774 1338,774 1338,775 1340,775 1340,776 1341,776 1341,777 1342,777 1342,778 1343,778 1343,783 1342,783 1342,784 1339,784 1339,798 1338,798 1338,802 1337,802 1337,803 1336,803 1336,804 1335,804 1335,805 1331,805 1331,806 1329,806 1329,805 1328,805 1328,801 1299,801 1299,800 1165,800 1165,799 1164,799 1164,775 1165,775 1165,774 1168,774 1168,773 1197,773 1197,772 1298,772 1298,752 1299,752 1299,751"/>
	<TextEquiv>
	<Unicode>νυκτὸς</Unicode></TextEquiv></Word>
	<Word id="r104">
	<Coords points="1394,752 1394,753 1395,753 1395,754 1396,754 1396,775 1441,775 1441,776 1442,776 1442,791 1445,791 1445,795 1444,795 1444,796 1443,796 1443,797 1442,797 1442,799 1440,799 1440,801 1438,801 1438,802 1385,802 1385,803 1380,803 1380,802 1377,802 1377,801 1374,801 1374,799 1372,799 1372,798 1371,798 1371,796 1370,796 1370,794 1369,794 1369,789 1370,789 1370,786 1371,786 1371,784 1372,784 1372,782 1373,782 1373,781 1374,781 1374,780 1375,780 1375,768 1376,768 1376,756 1378,756 1378,755 1390,755 1390,754 1391,754 1391,753 1392,753 1392,752"/>
	<TextEquiv>
	<Unicode>ἔτι</Unicode></TextEquiv></Word>
	<Word id="r105">
	<Coords points="1539,754 1539,755 1540,755 1540,756 1541,756 1541,776 1643,776 1643,758 1644,758 1644,757 1647,757 1647,758 1649,758 1649,760 1650,760 1650,761 1651,761 1651,762 1653,762 1653,764 1654,764 1654,765 1655,765 1655,768 1656,768 1656,769 1657,769 1657,771 1658,771 1658,776 1659,776 1659,778 1660,778 1660,796 1659,796 1659,800 1658,800 1658,802 1657,802 1657,804 1656,804 1656,806 1655,806 1655,808 1654,808 1654,809 1653,809 1653,810 1652,810 1652,812 1651,812 1651,813 1650,813 1650,814 1649,814 1649,816 1647,816 1647,817 1644,817 1644,816 1599,816 1599,804 1523,804 1523,803 1494,803 1494,802 1488,802 1488,801 1487,801 1487,800 1486,800 1486,799 1485,799 1485,798 1484,798 1484,795 1483,795 1483,788 1484,788 1484,785 1485,785 1485,784 1486,784 1486,781 1488,781 1488,779 1489,779 1489,778 1491,778 1491,777 1492,777 1492,776 1495,776 1495,775 1520,775 1520,760 1521,760 1521,758 1522,758 1522,757 1534,757 1534,756 1535,756 1535,755 1536,755 1536,754"/>
	<TextEquiv>
	<Unicode>οὔσης)</Unicode></TextEquiv></Word>
	<TextEquiv>
	<Unicode>(οὐ γὰρ ἔστιν αὐτοῖς χρῆσθαι νυκτὸς ἔτι οὔσης)</Unicode></TextEquiv></TextLine>
	<TextLine id="r54">
	<Coords points="414,817 417,817 417,822 486,822 486,823 487,823 487,824 488,824 488,827 489,827 489,839 541,839 541,840 657,840 657,839 695,839 695,840 824,840 824,832 825,832 825,830 826,830 826,827 827,827 827,824 828,824 828,821 829,821 829,820 830,820 830,818 832,818 832,817 832,818 835,818 835,820 836,820 836,840 1062,840 1062,827 1139,827 1139,826 1140,826 1140,825 1141,825 1141,824 1142,824 1142,823 1218,823 1218,822 1220,822 1220,821 1222,821 1222,820 1225,820 1225,821 1227,821 1227,822 1229,822 1229,824 1230,824 1230,826 1231,826 1231,841 1263,841 1263,842 1373,842 1373,821 1374,821 1374,820 1376,820 1376,819 1378,819 1378,820 1380,820 1380,821 1381,821 1381,823 1382,823 1382,824 1383,824 1383,828 1384,828 1384,829 1385,829 1385,832 1386,832 1386,835 1387,835 1387,844 1531,844 1531,843 1626,843 1626,835 1627,835 1627,832 1628,832 1628,830 1629,830 1629,826 1630,826 1630,824 1631,824 1631,823 1632,823 1632,822 1636,822 1636,823 1637,823 1637,852 1638,852 1638,853 1655,853 1655,854 1661,854 1661,857 1660,857 1660,858 1638,858 1638,861 1637,861 1637,865 1636,865 1636,866 1635,866 1635,869 1634,869 1634,870 1633,870 1633,871 1629,871 1629,872 1519,872 1519,874 1518,874 1518,878 1517,878 1517,882 1516,882 1516,885 1515,885 1515,887 1513,887 1513,888 1512,888 1512,887 1511,887 1511,872 1491,872 1491,871 1346,871 1346,870 1275,870 1275,869 1139,869 1139,868 1136,868 1136,867 1031,867 1031,868 1030,868 1030,867 964,867 964,866 858,866 858,867 857,867 857,868 844,868 844,869 843,869 843,876 842,876 842,878 841,878 841,883 839,883 839,884 837,884 837,868 825,868 825,867 711,867 711,872 710,872 710,878 709,878 709,882 708,882 708,883 672,883 672,867 608,867 608,865 480,865 480,879 479,879 479,881 478,881 478,882 477,882 477,883 475,883 475,882 474,882 474,881 419,881 419,880 418,880 418,867 293,867 293,875 292,875 292,879 291,879 291,880 290,880 290,881 289,881 289,882 288,882 288,881 287,881 287,880 286,880 286,865 251,865 251,850 245,850 245,847 244,847 244,846 245,846 245,844 246,844 246,842 247,842 247,840 248,840 248,839 250,839 250,838 304,838 304,837 405,837 405,832 406,832 406,830 407,830 407,828 408,828 408,825 409,825 409,822 410,822 410,820 411,820 411,819 412,819 412,818 413,818 413,817 414,817 414,816"/>
	<Word id="r258">
	<Coords points="414,817 417,817 417,822 486,822 486,823 487,823 487,824 488,824 488,827 489,827 489,839 541,839 541,840 543,840 543,841 544,841 544,842 545,842 545,843 546,843 546,845 547,845 547,854 546,854 546,857 545,857 545,858 544,858 544,860 543,860 543,861 542,861 542,862 541,862 541,863 539,863 539,864 537,864 537,865 480,865 480,879 479,879 479,881 478,881 478,882 477,882 477,883 475,883 475,882 474,882 474,881 419,881 419,880 418,880 418,867 293,867 293,875 292,875 292,879 291,879 291,880 290,880 290,881 289,881 289,882 288,882 288,881 287,881 287,880 286,880 286,865 251,865 251,850 245,850 245,847 244,847 244,846 245,846 245,844 246,844 246,842 247,842 247,840 248,840 248,839 250,839 250,838 304,838 304,837 405,837 405,832 406,832 406,830 407,830 407,828 408,828 408,825 409,825 409,822 410,822 410,820 411,820 411,819 412,819 412,818 413,818 413,817 414,817 414,816"/>
	<TextEquiv>
	<Unicode>προπέμψω</Unicode></TextEquiv></Word>
	<Word id="r259">
	<Coords points="832,818 835,818 835,820 836,820 836,840 901,840 901,841 903,841 903,842 904,842 904,843 905,843 905,844 906,844 906,845 907,845 907,848 908,848 908,854 907,854 907,857 906,857 906,859 905,859 905,861 904,861 904,862 902,862 902,863 901,863 901,864 900,864 900,865 883,865 883,866 858,866 858,867 857,867 857,868 844,868 844,869 843,869 843,876 842,876 842,878 841,878 841,883 839,883 839,884 837,884 837,868 825,868 825,867 711,867 711,872 710,872 710,878 709,878 709,882 708,882 708,883 672,883 672,867 608,867 608,852 602,852 602,851 601,851 601,846 602,846 602,844 603,844 603,842 605,842 605,841 608,841 608,840 657,840 657,839 695,839 695,840 824,840 824,832 825,832 825,830 826,830 826,827 827,827 827,824 828,824 828,821 829,821 829,820 830,820 830,818 832,818 832,817"/>
	<TextEquiv>
	<Unicode>πορρωτέρω</Unicode></TextEquiv></Word>
	<Word id="r260">
	<Coords points="1225,820 1225,821 1227,821 1227,822 1229,822 1229,824 1230,824 1230,826 1231,826 1231,841 1263,841 1263,842 1284,842 1284,857 1287,857 1287,859 1288,859 1288,862 1287,862 1287,865 1286,865 1286,866 1285,866 1285,867 1284,867 1284,868 1282,868 1282,869 1281,869 1281,870 1275,870 1275,869 1139,869 1139,868 1136,868 1136,867 1031,867 1031,868 1030,868 1030,867 964,867 964,866 963,866 963,864 964,864 964,860 965,860 965,858 966,858 966,856 967,856 967,853 968,853 968,852 969,852 969,846 970,846 970,844 971,844 971,843 972,843 972,842 974,842 974,841 1002,841 1002,840 1062,840 1062,827 1139,827 1139,826 1140,826 1140,825 1141,825 1141,824 1142,824 1142,823 1218,823 1218,822 1220,822 1220,821 1222,821 1222,820"/>
	<TextEquiv>
	<Unicode>κυκλοῦσθαι</Unicode></TextEquiv></Word>
	<Word id="r261">
	<Coords points="1378,819 1378,820 1380,820 1380,821 1381,821 1381,823 1382,823 1382,824 1383,824 1383,828 1384,828 1384,829 1385,829 1385,832 1386,832 1386,835 1387,835 1387,844 1388,844 1388,845 1390,845 1390,847 1391,847 1391,848 1392,848 1392,850 1393,850 1393,860 1392,860 1392,863 1391,863 1391,864 1390,864 1390,866 1389,866 1389,867 1388,867 1388,868 1387,868 1387,869 1386,869 1386,870 1382,870 1382,871 1346,871 1346,870 1344,870 1344,869 1343,869 1343,855 1337,855 1337,854 1336,854 1336,853 1335,853 1335,847 1336,847 1336,845 1338,845 1338,844 1339,844 1339,843 1347,843 1347,842 1373,842 1373,821 1374,821 1374,820 1376,820 1376,819"/>
	<TextEquiv>
	<Unicode>τὸ</Unicode></TextEquiv></Word>
	<Word id="r262">
	<Coords points="1636,822 1636,823 1637,823 1637,852 1638,852 1638,853 1655,853 1655,854 1661,854 1661,857 1660,857 1660,858 1638,858 1638,861 1637,861 1637,865 1636,865 1636,866 1635,866 1635,869 1634,869 1634,870 1633,870 1633,871 1629,871 1629,872 1519,872 1519,874 1518,874 1518,878 1517,878 1517,882 1516,882 1516,885 1515,885 1515,887 1513,887 1513,888 1512,888 1512,887 1511,887 1511,872 1491,872 1491,871 1450,871 1450,870 1448,870 1448,869 1446,869 1446,868 1445,868 1445,867 1444,867 1444,865 1443,865 1443,864 1442,864 1442,861 1443,861 1443,856 1444,856 1444,854 1445,854 1445,853 1446,853 1446,851 1447,851 1447,850 1448,850 1448,849 1449,849 1449,848 1450,848 1450,847 1452,847 1452,846 1454,846 1454,845 1461,845 1461,844 1531,844 1531,843 1626,843 1626,835 1627,835 1627,832 1628,832 1628,830 1629,830 1629,826 1630,826 1630,824 1631,824 1631,823 1632,823 1632,822"/>
	<TextEquiv>
	<Unicode>στρατό-</Unicode></TextEquiv></Word>
	<TextEquiv>
	<Unicode>προπέμψω πορρωτέρω κυκλοῦσθαι τὸ στρατό-</Unicode></TextEquiv></TextLine>
	<TextLine id="r12">
	<Coords points="325,885 329,885 329,886 331,886 331,887 333,887 333,888 334,888 334,889 335,889 335,890 337,890 337,892 338,892 338,893 339,893 339,894 340,894 340,896 341,896 341,898 342,898 342,907 492,907 492,895 493,895 493,893 494,893 494,892 495,892 495,891 496,891 496,890 499,890 499,889 505,889 505,890 507,890 507,891 508,891 508,892 509,892 509,893 510,893 510,894 511,894 511,908 548,908 548,909 654,909 654,908 670,908 670,895 671,895 671,894 676,894 676,895 679,895 679,896 782,896 782,893 783,893 783,892 784,892 784,890 785,890 785,888 786,888 786,887 787,887 787,886 789,886 789,885 791,885 791,886 792,886 792,909 929,909 929,894 930,894 930,891 931,891 931,889 933,889 933,888 936,888 936,887 948,887 948,886 952,886 952,887 953,887 953,909 1093,909 1093,891 1094,891 1094,889 1095,889 1095,888 1100,888 1100,889 1102,889 1102,890 1103,890 1103,894 1104,894 1104,909 1209,909 1209,889 1210,889 1210,888 1213,888 1213,889 1214,889 1214,891 1215,891 1215,893 1216,893 1216,894 1217,894 1217,895 1319,895 1319,894 1320,894 1320,893 1323,893 1323,892 1324,892 1324,891 1334,891 1334,892 1337,892 1337,893 1338,893 1338,894 1339,894 1339,895 1340,895 1340,896 1341,896 1341,898 1342,898 1342,911 1445,911 1445,910 1446,910 1446,908 1447,908 1447,906 1448,906 1448,903 1449,903 1449,902 1450,902 1450,901 1451,901 1451,900 1452,900 1452,899 1453,899 1453,898 1454,898 1454,897 1455,897 1455,896 1456,896 1456,894 1458,894 1458,893 1461,893 1461,892 1513,892 1513,891 1514,891 1514,890 1517,890 1517,891 1518,891 1518,892 1519,892 1519,913 1612,913 1612,914 1642,914 1642,915 1643,915 1643,919 1644,919 1644,931 1655,931 1655,932 1657,932 1657,934 1658,934 1658,936 1659,936 1659,940 1658,940 1658,942 1657,942 1657,943 1656,943 1656,944 1655,944 1655,946 1653,946 1653,947 1651,947 1651,948 1558,948 1558,950 1557,950 1557,953 1556,953 1556,954 1555,954 1555,955 1554,955 1554,954 1538,954 1538,953 1536,953 1536,941 1486,941 1486,940 1307,940 1307,943 1306,943 1306,946 1305,946 1305,949 1303,949 1303,950 1301,950 1301,949 1300,949 1300,938 1169,938 1169,940 1168,940 1168,942 1167,942 1167,947 1166,947 1166,950 1165,950 1165,951 1162,951 1162,950 1161,950 1161,948 1160,948 1160,937 982,937 982,936 875,936 875,938 874,938 874,939 873,939 873,940 872,940 872,941 870,941 870,942 869,942 869,943 865,943 865,937 742,937 742,938 741,938 741,943 740,943 740,945 739,945 739,948 738,948 738,950 736,950 736,951 735,951 735,950 734,950 734,949 733,949 733,936 608,936 608,937 607,937 607,936 605,936 605,935 486,935 486,934 379,934 379,935 375,935 375,934 269,934 269,935 252,935 252,934 251,934 251,919 246,919 246,918 245,918 245,912 246,912 246,910 247,910 247,909 248,909 248,908 250,908 250,907 303,907 303,906 321,906 321,888 322,888 322,887 323,887 323,886 325,886"/>
	<Word id="r106">
	<Coords points="329,885 329,886 331,886 331,887 333,887 333,888 334,888 334,889 335,889 335,890 337,890 337,892 338,892 338,893 339,893 339,894 340,894 340,896 341,896 341,898 342,898 342,907 398,907 398,908 399,908 399,911 400,911 400,915 399,915 399,917 398,917 398,919 397,919 397,921 396,921 396,922 395,922 395,924 394,924 394,925 393,925 393,926 392,926 392,927 391,927 391,928 390,928 390,929 388,929 388,930 387,930 387,931 386,931 386,932 384,932 384,933 382,933 382,934 379,934 379,935 375,935 375,934 269,934 269,935 252,935 252,934 251,934 251,919 246,919 246,918 245,918 245,912 246,912 246,910 247,910 247,909 248,909 248,908 250,908 250,907 303,907 303,906 321,906 321,888 322,888 322,887 323,887 323,886 325,886 325,885"/>
	<TextEquiv>
	<Unicode>πεδον</Unicode></TextEquiv></Word>
	<Word id="r107">
	<Coords points="505,889 505,890 507,890 507,891 508,891 508,892 509,892 509,893 510,893 510,894 511,894 511,908 548,908 548,909 549,909 549,911 550,911 550,913 549,913 549,916 548,916 548,918 547,918 547,920 546,920 546,921 545,921 545,923 544,923 544,924 543,924 543,926 542,926 542,927 540,927 540,928 538,928 538,929 536,929 536,930 535,930 535,932 534,932 534,933 530,933 530,934 529,934 529,935 486,935 486,934 457,934 457,932 456,932 456,917 449,917 449,916 448,916 448,912 449,912 449,910 450,910 450,909 452,909 452,908 456,908 456,907 492,907 492,895 493,895 493,893 494,893 494,892 495,892 495,891 496,891 496,890 499,890 499,889"/>
	<TextEquiv>
	<Unicode>τῶν</Unicode></TextEquiv></Word>
	<Word id="r108">
	<Coords points="791,885 791,886 792,886 792,909 861,909 861,913 862,913 862,927 874,927 874,928 875,928 875,930 876,930 876,936 875,936 875,938 874,938 874,939 873,939 873,940 872,940 872,941 870,941 870,942 869,942 869,943 865,943 865,937 742,937 742,938 741,938 741,943 740,943 740,945 739,945 739,948 738,948 738,950 736,950 736,951 735,951 735,950 734,950 734,949 733,949 733,936 608,936 608,937 607,937 607,936 605,936 605,935 604,935 604,922 600,922 600,921 598,921 598,915 599,915 599,914 600,914 600,912 601,912 601,910 603,910 603,909 654,909 654,908 670,908 670,895 671,895 671,894 676,894 676,895 679,895 679,896 782,896 782,893 783,893 783,892 784,892 784,890 785,890 785,888 786,888 786,887 787,887 787,886 789,886 789,885"/>
	<TextEquiv>
	<Unicode>πολεμίων,</Unicode></TextEquiv></Word>
	<Word id="r109">
	<Coords points="952,886 952,887 953,887 953,909 1006,909 1006,910 1007,910 1007,925 1010,925 1010,926 1011,926 1011,929 1010,929 1010,931 1009,931 1009,933 1008,933 1008,934 1007,934 1007,935 1005,935 1005,936 987,936 987,937 982,937 982,936 949,936 949,935 933,935 933,934 931,934 931,932 930,932 930,899 929,899 929,894 930,894 930,891 931,891 931,889 933,889 933,888 936,888 936,887 948,887 948,886"/>
	<TextEquiv>
	<Unicode>ἵνα</Unicode></TextEquiv></Word>
	<Word id="r110">
	<Coords points="1100,888 1100,889 1102,889 1102,890 1103,890 1103,894 1104,894 1104,896 1103,896 1103,900 1102,900 1102,928 1101,928 1101,930 1100,930 1100,931 1099,931 1099,933 1098,933 1098,935 1097,935 1097,936 1093,936 1093,937 1065,937 1065,936 1064,936 1064,935 1062,935 1062,933 1061,933 1061,932 1060,932 1060,929 1059,929 1059,922 1060,922 1060,920 1061,920 1061,918 1062,918 1062,917 1063,917 1063,916 1064,916 1064,914 1065,914 1065,913 1066,913 1066,912 1068,912 1068,911 1070,911 1070,910 1073,910 1073,909 1093,909 1093,891 1094,891 1094,889 1095,889 1095,888"/>
	<TextEquiv>
	<Unicode>εἰ</Unicode></TextEquiv></Word>
	<Word id="r111">
	<Coords points="1213,888 1213,889 1214,889 1214,891 1215,891 1215,893 1216,893 1216,894 1217,894 1217,896 1218,896 1218,899 1219,899 1219,902 1220,902 1220,905 1221,905 1221,909 1252,909 1252,910 1253,910 1253,912 1254,912 1254,915 1253,915 1253,919 1252,919 1252,921 1251,921 1251,923 1250,923 1250,924 1249,924 1249,926 1248,926 1248,927 1247,927 1247,928 1246,928 1246,929 1245,929 1245,930 1244,930 1244,931 1243,931 1243,932 1241,932 1241,933 1239,933 1239,934 1238,934 1238,935 1236,935 1236,936 1234,936 1234,937 1216,937 1216,938 1169,938 1169,940 1168,940 1168,942 1167,942 1167,947 1166,947 1166,950 1165,950 1165,951 1162,951 1162,950 1161,950 1161,948 1160,948 1160,946 1161,946 1161,942 1162,942 1162,940 1163,940 1163,936 1164,936 1164,935 1165,935 1165,932 1166,932 1166,929 1167,929 1167,925 1168,925 1168,922 1169,922 1169,920 1170,920 1170,915 1171,915 1171,912 1172,912 1172,910 1174,910 1174,909 1209,909 1209,889 1210,889 1210,888"/>
	<TextEquiv>
	<Unicode>μὲν</Unicode></TextEquiv></Word>
	<Word id="r112">
	<Coords points="1517,890 1517,891 1518,891 1518,892 1519,892 1519,913 1612,913 1612,914 1642,914 1642,915 1643,915 1643,919 1644,919 1644,931 1655,931 1655,932 1657,932 1657,934 1658,934 1658,936 1659,936 1659,940 1658,940 1658,942 1657,942 1657,943 1656,943 1656,944 1655,944 1655,946 1653,946 1653,947 1651,947 1651,948 1558,948 1558,950 1557,950 1557,953 1556,953 1556,954 1555,954 1555,955 1554,955 1554,954 1538,954 1538,953 1536,953 1536,941 1486,941 1486,940 1307,940 1307,943 1306,943 1306,946 1305,946 1305,949 1303,949 1303,950 1301,950 1301,949 1300,949 1300,944 1301,944 1301,940 1302,940 1302,937 1303,937 1303,933 1304,933 1304,931 1305,931 1305,926 1306,926 1306,924 1307,924 1307,920 1308,920 1308,916 1309,916 1309,913 1310,913 1310,910 1311,910 1311,908 1312,908 1312,905 1313,905 1313,903 1314,903 1314,901 1315,901 1315,899 1316,899 1316,897 1317,897 1317,896 1318,896 1318,895 1319,895 1319,894 1320,894 1320,893 1323,893 1323,892 1324,892 1324,891 1334,891 1334,892 1337,892 1337,893 1338,893 1338,894 1339,894 1339,895 1340,895 1340,896 1341,896 1341,898 1342,898 1342,911 1445,911 1445,910 1446,910 1446,908 1447,908 1447,906 1448,906 1448,903 1449,903 1449,902 1450,902 1450,901 1451,901 1451,900 1452,900 1452,899 1453,899 1453,898 1454,898 1454,897 1455,897 1455,896 1456,896 1456,894 1458,894 1458,893 1461,893 1461,892 1513,892 1513,891 1514,891 1514,890"/>
	<TextEquiv>
	<Unicode>βιασθείημεν,</Unicode></TextEquiv></Word>
	<TextEquiv>
	<Unicode>πεδον τῶν πολεμίων, ἵνα εἰ μὲν βιασθείημεν,</Unicode></TextEquiv></TextLine>
	<TextLine id="r58">
	<Coords points="401,953 401,954 402,954 402,974 442,974 442,975 443,975 443,976 488,976 488,977 628,977 628,963 629,963 629,959 630,959 630,958 632,958 632,957 634,957 634,956 637,956 637,957 639,957 639,959 710,959 710,960 711,960 711,961 712,961 712,963 713,963 713,964 714,964 714,965 715,965 715,977 854,977 854,958 855,958 855,957 856,957 856,956 859,956 859,957 927,957 927,958 929,958 929,960 930,960 930,961 1019,961 1019,962 1020,962 1020,964 1109,964 1109,978 1171,978 1171,979 1387,979 1387,969 1388,969 1388,966 1389,966 1389,964 1390,964 1390,963 1459,963 1459,962 1460,962 1460,960 1462,960 1462,959 1463,959 1463,960 1465,960 1465,982 1642,982 1642,983 1643,983 1643,984 1644,984 1644,1001 1656,1001 1656,1002 1658,1002 1658,1004 1659,1004 1659,1012 1658,1012 1658,1013 1657,1013 1657,1015 1655,1015 1655,1017 1653,1017 1653,1018 1650,1018 1650,1019 1561,1019 1561,1020 1560,1020 1560,1021 1559,1021 1559,1023 1558,1023 1558,1024 1556,1024 1556,1025 1556,1024 1384,1024 1384,1025 1379,1025 1379,1007 1193,1007 1193,1009 1192,1009 1192,1010 1189,1010 1189,1011 1184,1011 1184,1010 1183,1010 1183,1005 1019,1005 1019,1006 1011,1006 1011,1007 1010,1007 1010,1016 1009,1016 1009,1021 1008,1021 1008,1023 1004,1023 1004,1022 1003,1022 1003,1010 940,1010 940,1005 740,1005 740,1006 739,1006 739,1007 738,1007 738,1008 735,1008 735,1009 655,1009 655,1011 654,1011 654,1015 653,1015 653,1017 652,1017 652,1018 651,1018 651,1019 649,1019 649,1018 648,1018 648,1017 632,1017 632,1016 631,1016 631,1015 630,1015 630,1004 443,1004 443,1013 442,1013 442,1015 441,1015 441,1017 439,1017 439,1018 438,1018 438,1020 437,1020 437,1021 408,1021 408,1022 406,1022 406,1021 405,1021 405,1019 404,1019 404,1004 284,1004 284,1003 253,1003 253,1001 251,1001 251,1000 249,1000 249,999 248,999 248,981 247,981 247,980 246,980 247,980 247,978 248,978 248,977 251,977 251,976 256,976 256,960 257,960 257,957 258,957 258,956 260,956 260,955 360,955 360,954 397,954 397,953"/>
	<Word id="r263">
	<Coords points="401,953 401,954 402,954 402,974 442,974 442,975 443,975 443,976 488,976 488,977 576,977 576,978 578,978 578,979 579,979 579,980 580,980 580,981 581,981 581,982 582,982 582,984 583,984 583,986 584,986 584,989 583,989 583,993 582,993 582,995 581,995 581,997 580,997 580,999 579,999 579,1000 578,1000 578,1001 576,1001 576,1002 575,1002 575,1003 574,1003 574,1004 443,1004 443,1013 442,1013 442,1015 441,1015 441,1017 439,1017 439,1018 438,1018 438,1020 437,1020 437,1021 408,1021 408,1022 406,1022 406,1021 405,1021 405,1019 404,1019 404,1004 284,1004 284,1003 253,1003 253,1001 251,1001 251,1000 249,1000 249,999 248,999 248,981 247,981 247,980 246,980 247,980 247,978 248,978 248,977 251,977 251,976 256,976 256,960 257,960 257,957 258,957 258,956 260,956 260,955 360,955 360,954 397,954 397,953"/>
	<TextEquiv>
	<Unicode>ὑποδέχοιντο</Unicode></TextEquiv></Word>
	<Word id="r264">
	<Coords points="637,956 637,957 639,957 639,959 710,959 710,960 711,960 711,961 712,961 712,963 713,963 713,964 714,964 714,965 715,965 715,977 737,977 737,978 741,978 741,979 743,979 743,980 745,980 745,982 746,982 746,983 747,983 747,986 745,986 745,987 742,987 742,1004 741,1004 741,1005 740,1005 740,1006 739,1006 739,1007 738,1007 738,1008 735,1008 735,1009 655,1009 655,1011 654,1011 654,1015 653,1015 653,1017 652,1017 652,1018 651,1018 651,1019 649,1019 649,1018 648,1018 648,1017 632,1017 632,1016 631,1016 631,1015 630,1015 630,1001 618,1001 618,987 615,987 615,986 614,986 614,984 615,984 615,982 616,982 616,981 617,981 617,980 618,980 618,979 619,979 619,978 621,978 621,977 628,977 628,963 629,963 629,959 630,959 630,958 632,958 632,957 634,957 634,956"/>
	<TextEquiv>
	<Unicode>ἡμᾶς</Unicode></TextEquiv></Word>
	<Word id="r265">
	<Coords points="859,956 859,957 860,957 860,958 861,958 861,960 862,960 862,963 863,963 863,965 864,965 864,967 865,967 865,970 866,970 866,992 870,992 870,993 871,993 871,995 870,995 870,998 869,998 869,999 868,999 868,1001 867,1001 867,1002 866,1002 866,1003 865,1003 865,1004 860,1004 860,1005 784,1005 784,1004 783,1004 783,1000 784,1000 784,997 785,997 785,994 786,994 786,992 787,992 787,989 788,989 788,986 789,986 789,983 790,983 790,980 791,980 791,979 793,979 793,978 808,978 808,977 854,977 854,958 855,958 855,957 856,957 856,956"/>
	<TextEquiv>
	<Unicode>καὶ</Unicode></TextEquiv></Word>
	<Word id="r266">
	<Coords points="927,957 927,958 929,958 929,960 930,960 930,962 931,962 931,977 946,977 946,978 948,978 948,979 953,979 953,980 954,980 954,981 955,981 955,983 956,983 956,985 955,985 955,987 953,987 953,988 950,988 950,1005 949,1005 949,1006 948,1006 948,1007 947,1007 947,1008 946,1008 946,1009 943,1009 943,1010 940,1010 940,1005 916,1005 916,1004 914,1004 914,1003 912,1003 912,1002 911,1002 911,1001 910,1001 910,1000 909,1000 909,998 908,998 908,989 909,989 909,986 910,986 910,985 911,985 911,984 912,984 912,982 913,982 913,981 915,981 915,980 916,980 916,979 917,979 917,978 919,978 919,960 920,960 920,958 921,958 921,957"/>
	<TextEquiv>
	<Unicode>ἐς</Unicode></TextEquiv></Word>
	<Word id="r267">
	<Coords points="1014,961 1019,961 1019,962 1020,962 1020,964 1109,964 1109,978 1171,978 1171,979 1193,979 1193,980 1195,980 1195,981 1197,981 1197,982 1198,982 1198,983 1199,983 1199,988 1198,988 1198,989 1195,989 1195,1006 1194,1006 1194,1007 1193,1007 1193,1009 1192,1009 1192,1010 1189,1010 1189,1011 1184,1011 1184,1010 1183,1010 1183,1005 1019,1005 1019,1006 1011,1006 1011,1007 1010,1007 1010,1016 1009,1016 1009,1021 1008,1021 1008,1023 1004,1023 1004,1022 1003,1022 1003,1005 1002,1005 1002,1004 1000,1004 1000,1003 998,1003 998,1002 997,1002 997,1001 996,1001 996,1000 995,1000 995,999 994,999 994,997 993,997 993,994 992,994 993,994 993,987 994,987 994,986 995,986 995,985 996,985 996,982 997,982 997,981 998,981 998,980 999,980 999,979 1002,979 1002,978 1004,978 1004,977 1011,977 1011,976 1012,976 1012,964 1013,964 1013,962 1014,962"/>
	<TextEquiv>
	<Unicode>φιλίους</Unicode></TextEquiv></Word>
	<Word id="r270">
	<Coords points="1463,959 1463,960 1465,960 1465,982 1642,982 1642,983 1643,983 1643,984 1644,984 1644,1001 1656,1001 1656,1002 1658,1002 1658,1004 1659,1004 1659,1012 1658,1012 1658,1013 1657,1013 1657,1015 1655,1015 1655,1017 1653,1017 1653,1018 1650,1018 1650,1019 1561,1019 1561,1020 1560,1020 1560,1021 1559,1021 1559,1023 1558,1023 1558,1024 1556,1024 1556,1025 1556,1024 1384,1024 1384,1025 1379,1025 1379,1007 1269,1007 1269,1006 1232,1006 1232,1005 1230,1005 1230,1003 1231,1003 1231,1001 1232,1001 1232,998 1233,998 1233,994 1234,994 1234,993 1235,993 1235,991 1236,991 1236,987 1237,987 1237,984 1238,984 1238,981 1240,981 1240,980 1254,980 1254,979 1387,979 1387,969 1388,969 1388,966 1389,966 1389,964 1390,964 1390,963 1459,963 1459,962 1460,962 1460,960 1462,960 1462,959"/>
	<TextEquiv>
	<Unicode>καταφεύγοιμεν,</Unicode></TextEquiv></Word>
	<TextEquiv>
	<Unicode>ὑποδέχοιντο ἡμᾶς καὶ ἐς φιλίους καταφεύγοιμεν,</Unicode></TextEquiv></TextLine>
	<TextLine id="r60">
	<Coords points="349,1022 349,1023 350,1023 350,1024 398,1024 398,1025 399,1025 399,1026 400,1026 400,1027 401,1027 401,1029 402,1029 402,1044 523,1044 523,1045 639,1045 639,1038 640,1038 640,1036 641,1036 641,1033 642,1033 642,1030 643,1030 643,1028 644,1028 644,1027 645,1027 645,1025 647,1025 647,1024 649,1024 649,1025 650,1025 650,1026 651,1026 651,1046 833,1046 833,1029 834,1029 834,1027 835,1027 835,1026 840,1026 840,1027 841,1027 841,1028 842,1028 842,1029 969,1029 969,1027 970,1027 970,1026 971,1026 971,1025 972,1025 972,1024 973,1024 973,1023 976,1023 976,1024 977,1024 977,1047 1151,1047 1151,1046 1202,1046 1202,1029 1203,1029 1203,1027 1290,1027 1290,1026 1292,1026 1292,1025 1294,1025 1294,1026 1295,1026 1295,1027 1296,1027 1296,1048 1442,1048 1442,1030 1444,1030 1444,1028 1446,1028 1446,1027 1517,1027 1517,1028 1518,1028 1518,1050 1627,1050 1627,1051 1631,1051 1631,1052 1661,1052 1661,1055 1662,1055 1662,1057 1661,1057 1661,1061 1660,1061 1660,1064 1659,1064 1659,1066 1658,1066 1658,1067 1657,1067 1657,1068 1656,1068 1656,1069 1655,1069 1655,1071 1653,1071 1653,1073 1651,1073 1651,1074 1650,1074 1650,1075 1648,1075 1648,1076 1646,1076 1646,1077 1644,1077 1644,1078 1642,1078 1642,1079 1570,1079 1570,1078 1529,1078 1529,1077 1402,1077 1402,1078 1401,1078 1401,1079 1399,1079 1399,1080 1397,1080 1397,1081 1397,1080 1395,1080 1395,1077 1298,1077 1298,1076 1280,1076 1280,1075 1158,1075 1158,1076 1157,1076 1157,1077 1155,1077 1155,1078 1154,1078 1154,1079 1149,1079 1149,1078 1148,1078 1148,1075 1000,1075 1000,1078 999,1078 999,1084 998,1084 998,1086 997,1086 997,1087 995,1087 995,1088 894,1088 894,1090 893,1090 893,1091 891,1091 891,1090 890,1090 890,1077 788,1077 788,1078 787,1078 787,1079 786,1079 786,1080 783,1080 783,1081 690,1081 690,1085 689,1085 689,1087 686,1087 686,1086 685,1086 685,1085 669,1085 669,1074 636,1074 636,1073 507,1073 507,1079 506,1079 506,1084 505,1084 505,1087 504,1087 504,1088 503,1088 503,1089 502,1089 502,1088 501,1088 501,1087 500,1087 500,1073 412,1073 412,1072 327,1072 327,1071 254,1071 254,1070 250,1070 250,1069 249,1069 249,1068 247,1068 247,1067 246,1067 246,1065 245,1065 245,1063 244,1063 244,1059 245,1059 245,1056 246,1056 246,1052 247,1052 247,1050 248,1050 248,1049 249,1049 249,1048 250,1048 250,1047 251,1047 251,1046 253,1046 253,1045 254,1045 254,1044 257,1044 257,1043 277,1043 277,1025 278,1025 278,1024 279,1024 279,1023 322,1023 322,1022"/>
	<Word id="r271">
	<Coords points="284,1023 284,1024 286,1024 286,1025 287,1025 287,1027 288,1027 288,1031 287,1031 287,1064 285,1064 285,1066 284,1066 284,1067 283,1067 283,1068 282,1068 282,1069 281,1069 281,1070 280,1070 280,1071 254,1071 254,1070 250,1070 250,1069 249,1069 249,1068 247,1068 247,1067 246,1067 246,1065 245,1065 245,1063 244,1063 244,1059 245,1059 245,1056 246,1056 246,1052 247,1052 247,1050 248,1050 248,1049 249,1049 249,1048 250,1048 250,1047 251,1047 251,1046 253,1046 253,1045 254,1045 254,1044 257,1044 257,1043 277,1043 277,1025 278,1025 278,1024 279,1024 279,1023"/>
	<TextEquiv>
	<Unicode>εἰ</Unicode></TextEquiv></Word>
	<Word id="r272">
	<Coords points="349,1022 349,1023 350,1023 350,1024 351,1024 351,1025 352,1025 352,1026 353,1026 353,1032 352,1032 352,1034 351,1034 351,1036 350,1036 350,1037 349,1037 349,1038 348,1038 348,1039 338,1039 338,1063 337,1063 337,1064 336,1064 336,1066 335,1066 335,1067 334,1067 334,1068 332,1068 332,1069 330,1069 330,1070 329,1070 329,1071 327,1071 327,1072 327,1071 320,1071 320,1070 318,1070 318,1069 317,1069 317,1068 315,1068 315,1066 314,1066 314,1063 313,1063 313,1055 314,1055 314,1053 315,1053 315,1051 316,1051 316,1050 317,1050 317,1049 318,1049 318,1026 319,1026 319,1024 320,1024 320,1023 322,1023 322,1022"/>
	<TextEquiv>
	<Unicode>δ᾽</Unicode></TextEquiv></Word>
	<Word id="r273">
	<Coords points="398,1024 398,1025 399,1025 399,1026 400,1026 400,1027 401,1027 401,1029 402,1029 402,1044 523,1044 523,1045 639,1045 639,1038 640,1038 640,1036 641,1036 641,1033 642,1033 642,1030 643,1030 643,1028 644,1028 644,1027 645,1027 645,1025 647,1025 647,1024 649,1024 649,1025 650,1025 650,1026 651,1026 651,1046 774,1046 774,1047 775,1047 775,1048 776,1048 776,1064 788,1064 788,1065 789,1065 789,1066 790,1066 790,1068 791,1068 791,1074 790,1074 790,1076 789,1076 789,1077 788,1077 788,1078 787,1078 787,1079 786,1079 786,1080 783,1080 783,1081 690,1081 690,1085 689,1085 689,1087 686,1087 686,1086 685,1086 685,1085 669,1085 669,1074 636,1074 636,1073 507,1073 507,1079 506,1079 506,1084 505,1084 505,1087 504,1087 504,1088 503,1088 503,1089 502,1089 502,1088 501,1088 501,1087 500,1087 500,1073 412,1073 412,1072 387,1072 387,1071 384,1071 384,1070 382,1070 382,1069 381,1069 381,1067 380,1067 380,1063 379,1063 379,1057 380,1057 380,1054 381,1054 381,1053 382,1053 382,1051 383,1051 383,1050 384,1050 384,1049 386,1049 386,1048 387,1048 387,1047 388,1047 388,1046 389,1046 389,1045 392,1045 392,1027 393,1027 393,1025 394,1025 394,1024"/>
	<TextEquiv>
	<Unicode>ἐπικρατοίημεν,</Unicode></TextEquiv></Word>
	<Word id="r274">
	<Coords points="976,1023 976,1024 977,1024 977,1047 1151,1047 1151,1046 1153,1046 1153,1047 1157,1047 1157,1048 1159,1048 1159,1049 1162,1049 1162,1050 1163,1050 1163,1054 1164,1054 1164,1056 1163,1056 1163,1057 1160,1057 1160,1073 1159,1073 1159,1075 1158,1075 1158,1076 1157,1076 1157,1077 1155,1077 1155,1078 1154,1078 1154,1079 1149,1079 1149,1078 1148,1078 1148,1075 1000,1075 1000,1078 999,1078 999,1084 998,1084 998,1086 997,1086 997,1087 995,1087 995,1088 894,1088 894,1090 893,1090 893,1091 891,1091 891,1090 890,1090 890,1074 829,1074 829,1073 827,1073 827,1072 824,1072 824,1071 823,1071 823,1068 822,1068 822,1067 821,1067 821,1057 822,1057 822,1056 823,1056 823,1054 824,1054 824,1053 825,1053 825,1051 826,1051 826,1050 828,1050 828,1049 830,1049 830,1048 832,1048 832,1047 833,1047 833,1029 834,1029 834,1027 835,1027 835,1026 840,1026 840,1027 841,1027 841,1028 842,1028 842,1029 969,1029 969,1027 970,1027 970,1026 971,1026 971,1025 972,1025 972,1024 973,1024 973,1023"/>
	<TextEquiv>
	<Unicode>ἐκφεύγοντας</Unicode></TextEquiv></Word>
	<Word id="r275">
	<Coords points="1294,1025 1294,1026 1295,1026 1295,1027 1296,1027 1296,1048 1403,1048 1403,1049 1406,1049 1406,1050 1408,1050 1408,1051 1409,1051 1409,1053 1410,1053 1410,1058 1409,1058 1409,1059 1405,1059 1405,1076 1404,1076 1404,1077 1402,1077 1402,1078 1401,1078 1401,1079 1399,1079 1399,1080 1397,1080 1397,1081 1397,1080 1395,1080 1395,1077 1298,1077 1298,1076 1280,1076 1280,1075 1198,1075 1198,1074 1196,1074 1196,1073 1194,1073 1194,1071 1192,1071 1192,1069 1191,1069 1191,1067 1190,1067 1190,1061 1191,1061 1191,1057 1192,1057 1192,1055 1193,1055 1193,1053 1194,1053 1194,1052 1195,1052 1195,1051 1196,1051 1196,1050 1198,1050 1198,1049 1199,1049 1199,1048 1202,1048 1202,1029 1203,1029 1203,1027 1290,1027 1290,1026 1292,1026 1292,1025"/>
	<TextEquiv>
	<Unicode>ἐκείνους</Unicode></TextEquiv></Word>
	<Word id="r276">
	<Coords points="1517,1027 1517,1028 1518,1028 1518,1050 1627,1050 1627,1051 1631,1051 1631,1052 1661,1052 1661,1055 1662,1055 1662,1057 1661,1057 1661,1061 1660,1061 1660,1064 1659,1064 1659,1066 1658,1066 1658,1067 1657,1067 1657,1068 1656,1068 1656,1069 1655,1069 1655,1071 1653,1071 1653,1073 1651,1073 1651,1074 1650,1074 1650,1075 1648,1075 1648,1076 1646,1076 1646,1077 1644,1077 1644,1078 1642,1078 1642,1079 1570,1079 1570,1078 1529,1078 1529,1077 1445,1077 1445,1076 1443,1076 1443,1075 1442,1075 1442,1074 1440,1074 1440,1073 1439,1073 1439,1072 1438,1072 1438,1070 1437,1070 1437,1066 1436,1066 1436,1064 1437,1064 1437,1060 1438,1060 1438,1058 1439,1058 1439,1057 1440,1057 1440,1055 1441,1055 1441,1054 1442,1054 1442,1030 1444,1030 1444,1028 1446,1028 1446,1027"/>
	<TextEquiv>
	<Unicode>διώκοιεν</Unicode></TextEquiv></Word>
	<TextEquiv>
	<Unicode>εἰ δ᾽ ἐπικρατοίημεν, ἐκφεύγοντας ἐκείνους διώκοιεν</Unicode></TextEquiv></TextLine>
	<TextLine id="r15">
	<Coords points="317,1090 320,1090 320,1091 371,1091 371,1092 373,1092 373,1093 375,1093 375,1094 377,1094 377,1095 378,1095 378,1096 666,1096 666,1094 667,1094 667,1093 683,1093 683,1092 687,1092 687,1093 689,1093 689,1094 690,1094 690,1096 691,1096 691,1102 690,1102 690,1104 689,1104 689,1105 688,1105 688,1106 686,1106 686,1107 547,1107 547,1114 636,1114 636,1115 640,1115 640,1116 642,1116 642,1117 643,1117 643,1118 644,1118 644,1120 645,1120 645,1123 646,1123 646,1133 658,1133 658,1134 660,1134 660,1137 661,1137 660,1137 660,1140 659,1140 659,1141 634,1141 634,1142 536,1142 536,1153 535,1153 535,1156 533,1156 533,1157 531,1157 531,1158 444,1158 444,1157 443,1157 443,1141 367,1141 367,1140 246,1140 246,1139 245,1139 245,1136 246,1136 246,1128 247,1128 247,1126 248,1126 248,1124 249,1124 249,1121 250,1121 250,1119 251,1119 251,1118 252,1118 252,1115 253,1115 253,1114 256,1114 256,1113 316,1113 316,1092 317,1092"/>
	<Word id="r113">
	<Coords points="320,1090 320,1091 321,1091 321,1092 322,1092 322,1094 323,1094 323,1096 324,1096 324,1098 325,1098 325,1101 326,1101 326,1102 327,1102 327,1128 333,1128 333,1130 332,1130 332,1132 331,1132 331,1134 330,1134 330,1135 329,1135 329,1136 328,1136 328,1137 327,1137 327,1138 326,1138 326,1139 323,1139 323,1140 246,1140 246,1139 245,1139 245,1136 246,1136 246,1128 247,1128 247,1126 248,1126 248,1124 249,1124 249,1121 250,1121 250,1119 251,1119 251,1118 252,1118 252,1115 253,1115 253,1114 256,1114 256,1113 316,1113 316,1092 317,1092 317,1090"/>
	<TextEquiv>
	<Unicode>καὶ</Unicode></TextEquiv></Word>
	<Word id="r114">
	<Coords points="371,1091 371,1092 373,1092 373,1093 375,1093 375,1094 377,1094 377,1095 378,1095 378,1096 666,1096 666,1094 667,1094 667,1093 683,1093 683,1092 687,1092 687,1093 689,1093 689,1094 690,1094 690,1096 691,1096 691,1102 690,1102 690,1104 689,1104 689,1105 688,1105 688,1106 686,1106 686,1107 661,1107 661,1137 660,1137 660,1140 659,1140 659,1141 634,1141 634,1142 536,1142 536,1153 535,1153 535,1156 533,1156 533,1157 531,1157 531,1158 444,1158 444,1157 443,1157 443,1141 367,1141 367,1140 364,1140 364,1139 361,1139 361,1138 360,1138 360,1135 358,1135 358,1127 357,1127 357,1126 358,1126 358,1124 359,1124 359,1123 360,1123 360,1121 361,1121 361,1120 363,1120 363,1095 364,1095 364,1093 365,1093 365,1092 367,1092 367,1091"/>
	<TextEquiv>
	<Unicode>διαχρῷντο.”</Unicode></TextEquiv></Word>
	<TextEquiv>
	<Unicode>καὶ διαχρῷντο.”</Unicode></TextEquiv></TextLine>
	<TextLine id="r16">
	<Coords points="741,1160 741,1161 743,1161 743,1163 744,1163 744,1184 876,1184 876,1183 900,1183 900,1164 901,1164 901,1162 902,1162 902,1161 905,1161 905,1162 906,1162 906,1163 907,1163 907,1165 908,1165 908,1168 909,1168 909,1170 910,1170 910,1172 911,1172 911,1174 912,1174 912,1177 913,1177 913,1184 1020,1184 1020,1162 1021,1162 1021,1161 1024,1161 1024,1162 1025,1162 1025,1163 1122,1163 1122,1164 1124,1164 1124,1165 1125,1165 1125,1185 1246,1185 1246,1176 1247,1176 1247,1173 1248,1173 1248,1170 1249,1170 1249,1166 1250,1166 1250,1164 1251,1164 1251,1163 1252,1163 1252,1162 1256,1162 1256,1163 1257,1163 1257,1185 1394,1185 1394,1169 1395,1169 1395,1167 1396,1167 1396,1166 1503,1166 1503,1165 1506,1165 1506,1166 1507,1166 1507,1173 1580,1173 1580,1174 1581,1174 1581,1176 1582,1176 1582,1187 1653,1187 1653,1188 1656,1188 1656,1189 1658,1189 1658,1190 1660,1190 1660,1191 1661,1191 1661,1193 1662,1193 1662,1195 1661,1195 1661,1197 1659,1197 1659,1198 1657,1198 1657,1214 1656,1214 1656,1215 1655,1215 1655,1217 1654,1217 1654,1218 1651,1218 1651,1219 1573,1219 1573,1230 1572,1230 1572,1232 1571,1232 1571,1233 1568,1233 1568,1232 1567,1232 1567,1231 1566,1231 1566,1227 1510,1227 1510,1215 1448,1215 1448,1214 1344,1214 1344,1215 1342,1215 1342,1216 1340,1216 1340,1217 1336,1217 1336,1213 1201,1213 1201,1214 1200,1214 1200,1218 1199,1218 1199,1222 1198,1222 1198,1225 1197,1225 1197,1226 1196,1226 1196,1227 1194,1227 1194,1226 1147,1226 1147,1225 1116,1225 1116,1224 1114,1224 1114,1217 1050,1217 1050,1216 1049,1216 1049,1212 958,1212 958,1211 795,1211 795,1212 794,1212 794,1213 793,1213 793,1215 792,1215 792,1216 790,1216 790,1217 788,1217 788,1218 787,1218 787,1219 785,1219 785,1218 784,1218 784,1212 754,1212 754,1211 631,1211 631,1210 502,1210 502,1209 384,1209 384,1208 319,1208 319,1207 317,1207 317,1206 316,1206 317,1206 317,1174 318,1174 318,1173 319,1173 319,1172 320,1172 320,1171 321,1171 321,1169 323,1169 323,1168 324,1168 324,1167 326,1167 326,1166 363,1166 363,1165 435,1165 435,1164 437,1164 437,1163 465,1163 465,1164 582,1164 582,1163 583,1163 583,1162 584,1162 584,1161 739,1161 739,1160"/>
	<Word id="r115">
	<Coords points="363,1165 364,1165 364,1166 365,1166 365,1167 366,1167 366,1200 388,1200 388,1201 389,1201 389,1202 390,1202 390,1203 391,1203 391,1206 390,1206 390,1207 389,1207 389,1208 388,1208 388,1209 384,1209 384,1208 319,1208 319,1207 317,1207 317,1206 316,1206 317,1206 317,1174 318,1174 318,1173 319,1173 319,1172 320,1172 320,1171 321,1171 321,1169 323,1169 323,1168 324,1168 324,1167 326,1167 326,1166 363,1166"/>
	<TextEquiv>
	<Unicode>21.</Unicode></TextEquiv></Word>
	<Word id="r118">
	<Coords points="584,1161 589,1161 589,1162 590,1162 590,1163 591,1163 591,1164 592,1164 592,1165 593,1165 593,1171 592,1171 592,1173 591,1173 591,1175 590,1175 590,1176 578,1176 578,1187 577,1187 577,1188 576,1188 576,1189 566,1189 566,1190 565,1190 565,1206 564,1206 564,1207 563,1207 563,1209 562,1209 562,1210 502,1210 502,1209 484,1209 484,1208 449,1208 449,1207 446,1207 448,1207 448,1206 451,1206 451,1177 435,1177 435,1164 437,1164 437,1163 465,1163 465,1164 582,1164 582,1163 583,1163 583,1162 584,1162"/>
	<TextEquiv>
	<Unicode>Ταῦτ᾽</Unicode></TextEquiv></Word>
	<Word id="r121">
	<Coords points="741,1160 741,1161 743,1161 743,1163 744,1163 744,1184 778,1184 778,1186 779,1186 779,1202 793,1202 793,1203 794,1203 794,1204 795,1204 795,1208 796,1208 796,1209 795,1209 795,1212 794,1212 794,1213 793,1213 793,1215 792,1215 792,1216 790,1216 790,1217 788,1217 788,1218 787,1218 787,1219 785,1219 785,1218 784,1218 784,1212 754,1212 754,1211 631,1211 631,1210 628,1210 628,1209 626,1209 626,1207 625,1207 625,1206 623,1206 623,1205 622,1205 622,1203 621,1203 621,1196 622,1196 622,1193 623,1193 623,1192 624,1192 624,1190 625,1190 625,1188 626,1188 626,1187 627,1187 627,1186 629,1186 629,1185 631,1185 631,1184 632,1184 632,1183 653,1183 653,1164 654,1164 654,1162 656,1162 656,1161 739,1161 739,1160"/>
	<TextEquiv>
	<Unicode>εἰπών,</Unicode></TextEquiv></Word>
	<Word id="r122">
	<Coords points="905,1161 905,1162 906,1162 906,1163 907,1163 907,1165 908,1165 908,1168 909,1168 909,1170 910,1170 910,1172 911,1172 911,1174 912,1174 912,1177 913,1177 913,1199 917,1199 917,1202 916,1202 916,1205 915,1205 915,1207 913,1207 913,1209 911,1209 911,1210 908,1210 908,1211 845,1211 845,1210 829,1210 829,1209 828,1209 828,1206 829,1206 829,1202 830,1202 830,1200 831,1200 831,1197 832,1197 832,1195 833,1195 833,1191 834,1191 834,1189 835,1189 835,1186 836,1186 836,1185 837,1185 837,1184 876,1184 876,1183 900,1183 900,1164 901,1164 901,1162 902,1162 902,1161"/>
	<TextEquiv>
	<Unicode>καὶ</Unicode></TextEquiv></Word>
	<Word id="r123">
	<Coords points="1024,1161 1024,1162 1025,1162 1025,1163 1026,1163 1026,1164 1027,1164 1027,1168 1028,1168 1028,1171 1029,1171 1029,1174 1030,1174 1030,1178 1031,1178 1031,1184 1057,1184 1057,1185 1061,1185 1061,1186 1062,1186 1062,1187 1063,1187 1063,1189 1064,1189 1064,1190 1065,1190 1065,1193 1064,1193 1064,1194 1063,1194 1063,1195 1061,1195 1061,1196 1060,1196 1060,1210 1059,1210 1059,1212 1058,1212 1058,1213 1057,1213 1057,1214 1056,1214 1056,1215 1055,1215 1055,1216 1051,1216 1051,1217 1050,1217 1050,1216 1049,1216 1049,1212 958,1212 958,1211 957,1211 957,1210 956,1210 956,1195 949,1195 949,1194 948,1194 948,1189 949,1189 949,1187 950,1187 950,1186 951,1186 951,1185 960,1185 960,1184 1020,1184 1020,1162 1021,1162 1021,1161"/>
	<TextEquiv>
	<Unicode>τοὺς</Unicode></TextEquiv></Word>
	<Word id="r124">
	<Coords points="1256,1162 1256,1163 1257,1163 1257,1185 1344,1185 1344,1186 1346,1186 1346,1187 1349,1187 1349,1189 1350,1189 1350,1191 1351,1191 1351,1195 1350,1195 1350,1196 1347,1196 1347,1210 1346,1210 1346,1213 1345,1213 1345,1214 1344,1214 1344,1215 1342,1215 1342,1216 1340,1216 1340,1217 1336,1217 1336,1213 1201,1213 1201,1214 1200,1214 1200,1218 1199,1218 1199,1222 1198,1222 1198,1225 1197,1225 1197,1226 1196,1226 1196,1227 1194,1227 1194,1226 1147,1226 1147,1225 1116,1225 1116,1224 1114,1224 1114,1210 1104,1210 1104,1209 1102,1209 1102,1195 1099,1195 1099,1194 1098,1194 1098,1193 1099,1193 1099,1190 1100,1190 1100,1189 1101,1189 1101,1188 1102,1188 1102,1187 1103,1187 1103,1186 1104,1186 1104,1185 1106,1185 1106,1184 1114,1184 1114,1168 1115,1168 1115,1166 1116,1166 1116,1165 1118,1165 1118,1164 1120,1164 1120,1163 1122,1163 1122,1164 1124,1164 1124,1165 1125,1165 1125,1185 1246,1185 1246,1176 1247,1176 1247,1173 1248,1173 1248,1170 1249,1170 1249,1166 1250,1166 1250,1164 1251,1164 1251,1163 1252,1163 1252,1162"/>
	<TextEquiv>
	<Unicode>ἡγεμόνας</Unicode></TextEquiv></Word>
	<Word id="r125">
	<Coords points="1506,1165 1506,1166 1507,1166 1507,1173 1580,1173 1580,1174 1581,1174 1581,1176 1582,1176 1582,1187 1653,1187 1653,1188 1656,1188 1656,1189 1658,1189 1658,1190 1660,1190 1660,1191 1661,1191 1661,1193 1662,1193 1662,1195 1661,1195 1661,1197 1659,1197 1659,1198 1657,1198 1657,1214 1656,1214 1656,1215 1655,1215 1655,1217 1654,1217 1654,1218 1651,1218 1651,1219 1573,1219 1573,1230 1572,1230 1572,1232 1571,1232 1571,1233 1568,1233 1568,1232 1567,1232 1567,1231 1566,1231 1566,1227 1510,1227 1510,1215 1448,1215 1448,1214 1426,1214 1426,1213 1389,1213 1389,1212 1387,1212 1387,1211 1386,1211 1386,1210 1385,1210 1385,1209 1384,1209 1384,1207 1383,1207 1383,1206 1382,1206 1382,1198 1383,1198 1383,1196 1384,1196 1384,1193 1385,1193 1385,1192 1386,1192 1386,1191 1387,1191 1387,1190 1389,1190 1389,1189 1390,1189 1390,1188 1392,1188 1392,1187 1394,1187 1394,1169 1395,1169 1395,1167 1396,1167 1396,1166 1503,1166 1503,1165"/>
	<TextEquiv>
	<Unicode>ἐκπέμψας</Unicode></TextEquiv></Word>
	<TextEquiv>
	<Unicode>21. Ταῦτ᾽ εἰπών, καὶ τοὺς ἡγεμόνας ἐκπέμψας</Unicode></TextEquiv></TextLine>
	<TextLine id="r17">
	<Coords points="266,1226 266,1227 373,1227 373,1228 374,1228 374,1250 553,1250 553,1230 554,1230 554,1229 555,1229 555,1228 557,1228 557,1229 558,1229 558,1230 559,1230 559,1232 560,1232 560,1233 561,1233 561,1235 562,1235 562,1236 563,1236 563,1239 564,1239 564,1241 565,1241 565,1243 566,1243 566,1251 600,1251 600,1252 831,1252 831,1242 832,1242 832,1237 833,1237 833,1236 834,1236 834,1233 835,1233 835,1231 836,1231 836,1230 839,1230 839,1231 840,1231 840,1232 841,1232 841,1252 980,1252 980,1234 981,1234 981,1232 982,1232 982,1231 1038,1231 1038,1230 1043,1230 1043,1232 1044,1232 1044,1233 1146,1233 1146,1232 1148,1232 1148,1231 1219,1231 1219,1232 1221,1232 1221,1253 1352,1253 1352,1239 1353,1239 1353,1236 1354,1236 1354,1235 1413,1235 1413,1234 1414,1234 1414,1233 1419,1233 1419,1242 1433,1242 1433,1243 1435,1243 1435,1244 1437,1244 1437,1246 1438,1246 1438,1247 1439,1247 1439,1248 1440,1248 1440,1249 1441,1249 1441,1250 1442,1250 1442,1253 1443,1253 1443,1255 1444,1255 1444,1256 1493,1256 1493,1257 1600,1257 1600,1256 1647,1256 1647,1236 1648,1236 1648,1235 1650,1235 1650,1236 1651,1236 1651,1237 1652,1237 1652,1238 1653,1238 1653,1240 1654,1240 1654,1242 1655,1242 1655,1244 1656,1244 1656,1246 1657,1246 1657,1250 1658,1250 1658,1273 1662,1273 1662,1275 1661,1275 1661,1277 1660,1277 1660,1281 1659,1281 1659,1282 1658,1282 1658,1283 1657,1283 1657,1284 1654,1284 1654,1285 1652,1285 1652,1284 1526,1284 1526,1285 1525,1285 1525,1289 1524,1289 1524,1291 1523,1291 1523,1293 1522,1293 1522,1295 1512,1295 1512,1297 1511,1297 1511,1298 1510,1298 1510,1299 1509,1299 1509,1300 1504,1300 1504,1299 1463,1299 1463,1298 1461,1298 1461,1283 1407,1283 1407,1282 1402,1282 1402,1281 1297,1281 1297,1282 1290,1282 1290,1281 1077,1281 1077,1282 1076,1282 1076,1283 1074,1283 1074,1284 1070,1284 1070,1283 1069,1283 1069,1280 886,1280 886,1282 885,1282 885,1284 883,1284 883,1285 882,1285 882,1286 881,1286 881,1287 876,1287 876,1280 723,1280 723,1281 722,1281 722,1282 721,1282 721,1290 720,1290 720,1291 719,1291 719,1296 716,1296 716,1295 715,1295 715,1279 524,1279 524,1278 282,1278 282,1277 250,1277 250,1276 249,1276 249,1275 248,1275 248,1274 247,1274 247,1273 246,1273 246,1271 245,1271 245,1258 246,1258 246,1257 247,1257 247,1256 249,1256 249,1255 250,1255 250,1253 251,1253 251,1252 252,1252 252,1251 254,1251 254,1250 256,1250 256,1249 257,1249 257,1230 258,1230 258,1229 259,1229 259,1228 260,1228 260,1227 262,1227 262,1226"/>
	<Word id="r126">
	<Coords points="266,1226 266,1227 373,1227 373,1228 374,1228 374,1250 461,1250 461,1251 463,1251 463,1252 464,1252 464,1266 466,1266 466,1267 467,1267 467,1269 466,1269 466,1271 465,1271 465,1273 464,1273 464,1274 463,1274 463,1276 462,1276 462,1277 459,1277 459,1278 282,1278 282,1277 250,1277 250,1276 249,1276 249,1275 248,1275 248,1274 247,1274 247,1273 246,1273 246,1271 245,1271 245,1258 246,1258 246,1257 247,1257 247,1256 249,1256 249,1255 250,1255 250,1253 251,1253 251,1252 252,1252 252,1251 254,1251 254,1250 256,1250 256,1249 257,1249 257,1230 258,1230 258,1229 259,1229 259,1228 260,1228 260,1227 262,1227 262,1226"/>
	<TextEquiv>
	<Unicode>ὁπλίσαι</Unicode></TextEquiv></Word>
	<Word id="r127">
	<Coords points="557,1228 557,1229 558,1229 558,1230 559,1230 559,1232 560,1232 560,1233 561,1233 561,1235 562,1235 562,1236 563,1236 563,1239 564,1239 564,1241 565,1241 565,1243 566,1243 566,1251 600,1251 600,1252 601,1252 601,1253 602,1253 602,1261 601,1261 601,1263 600,1263 600,1265 599,1265 599,1268 598,1268 598,1269 597,1269 597,1270 596,1270 596,1271 594,1271 594,1272 593,1272 593,1273 591,1273 591,1275 588,1275 588,1276 586,1276 586,1277 585,1277 585,1278 582,1278 582,1279 524,1279 524,1278 523,1278 523,1263 516,1263 516,1261 515,1261 515,1259 514,1259 514,1258 515,1258 515,1256 516,1256 516,1254 517,1254 517,1253 518,1253 518,1252 520,1252 520,1251 553,1251 553,1230 554,1230 554,1229 555,1229 555,1228"/>
	<TextEquiv>
	<Unicode>τὸν</Unicode></TextEquiv></Word>
	<Word id="r128">
	<Coords points="836,1230 839,1230 839,1231 840,1231 840,1232 841,1232 841,1252 872,1252 872,1253 873,1253 873,1270 884,1270 884,1271 885,1271 885,1272 886,1272 886,1273 887,1273 887,1280 886,1280 886,1282 885,1282 885,1284 883,1284 883,1285 882,1285 882,1286 881,1286 881,1287 876,1287 876,1280 723,1280 723,1281 722,1281 722,1282 721,1282 721,1290 720,1290 720,1291 719,1291 719,1296 716,1296 716,1295 715,1295 715,1279 655,1279 655,1278 650,1278 650,1277 648,1277 648,1275 647,1275 647,1274 646,1274 646,1271 645,1271 645,1265 646,1265 646,1262 647,1262 647,1261 648,1261 648,1259 649,1259 649,1258 651,1258 651,1257 652,1257 652,1256 654,1256 654,1255 655,1255 655,1254 656,1254 656,1253 663,1253 663,1252 831,1252 831,1242 832,1242 832,1237 833,1237 833,1236 834,1236 834,1233 835,1233 835,1231 836,1231"/>
	<TextEquiv>
	<Unicode>στρατόν,</Unicode></TextEquiv></Word>
	<Word id="r130">
	<Coords points="1043,1230 1043,1232 1044,1232 1044,1233 1045,1233 1045,1235 1046,1235 1046,1237 1047,1237 1047,1240 1048,1240 1048,1242 1049,1242 1049,1244 1050,1244 1050,1251 1076,1251 1076,1252 1079,1252 1079,1253 1081,1253 1081,1254 1083,1254 1083,1255 1084,1255 1084,1256 1085,1256 1085,1258 1086,1258 1086,1260 1085,1260 1085,1262 1084,1262 1084,1263 1081,1263 1081,1278 1080,1278 1080,1280 1079,1280 1079,1281 1077,1281 1077,1282 1076,1282 1076,1283 1074,1283 1074,1284 1070,1284 1070,1283 1069,1283 1069,1280 939,1280 939,1279 935,1279 935,1278 934,1278 934,1277 933,1277 933,1275 932,1275 932,1271 931,1271 931,1270 932,1270 932,1267 933,1267 933,1264 934,1264 934,1261 935,1261 935,1260 936,1260 936,1259 937,1259 937,1258 938,1258 938,1257 939,1257 939,1256 940,1256 940,1255 941,1255 941,1254 943,1254 943,1253 958,1253 958,1252 980,1252 980,1234 981,1234 981,1232 982,1232 982,1231 1038,1231 1038,1230"/>
	<TextEquiv>
	<Unicode>αὐτὸς</Unicode></TextEquiv></Word>
	<Word id="r131">
	<Coords points="1219,1231 1219,1232 1221,1232 1221,1253 1295,1253 1295,1254 1302,1254 1302,1255 1303,1255 1303,1256 1304,1256 1304,1257 1306,1257 1306,1258 1307,1258 1307,1260 1308,1260 1308,1271 1307,1271 1307,1273 1306,1273 1306,1274 1305,1274 1305,1276 1304,1276 1304,1277 1303,1277 1303,1278 1302,1278 1302,1279 1301,1279 1301,1280 1300,1280 1300,1281 1297,1281 1297,1282 1290,1282 1290,1281 1165,1281 1165,1280 1163,1280 1163,1279 1140,1279 1140,1278 1138,1278 1138,1277 1136,1277 1136,1276 1135,1276 1135,1275 1134,1275 1134,1274 1133,1274 1133,1269 1132,1269 1132,1265 1133,1265 1133,1262 1134,1262 1134,1260 1135,1260 1135,1259 1136,1259 1136,1258 1137,1258 1137,1257 1138,1257 1138,1256 1139,1256 1139,1255 1140,1255 1140,1254 1142,1254 1142,1253 1144,1253 1144,1252 1145,1252 1145,1234 1146,1234 1146,1232 1148,1232 1148,1231"/>
	<TextEquiv>
	<Unicode>ἐθύετο</Unicode></TextEquiv></Word>
	<Word id="r132">
	<Coords points="1419,1233 1419,1242 1433,1242 1433,1243 1435,1243 1435,1244 1437,1244 1437,1246 1438,1246 1438,1247 1439,1247 1439,1248 1440,1248 1440,1249 1441,1249 1441,1250 1442,1250 1442,1253 1443,1253 1443,1255 1444,1255 1444,1256 1493,1256 1493,1257 1525,1257 1525,1258 1528,1258 1528,1259 1529,1259 1529,1260 1531,1260 1531,1263 1532,1263 1532,1267 1531,1267 1531,1271 1530,1271 1530,1273 1529,1273 1529,1275 1528,1275 1528,1279 1527,1279 1527,1282 1526,1282 1526,1285 1525,1285 1525,1289 1524,1289 1524,1291 1523,1291 1523,1293 1522,1293 1522,1295 1512,1295 1512,1297 1511,1297 1511,1298 1510,1298 1510,1299 1509,1299 1509,1300 1504,1300 1504,1299 1463,1299 1463,1298 1461,1298 1461,1283 1407,1283 1407,1282 1402,1282 1402,1281 1366,1281 1366,1280 1364,1280 1364,1251 1352,1251 1352,1239 1353,1239 1353,1236 1354,1236 1354,1235 1413,1235 1413,1234 1414,1234 1414,1233"/>
	<TextEquiv>
	<Unicode>Τόλμῃ</Unicode></TextEquiv></Word>
	<Word id="r133">
	<Coords points="1650,1235 1650,1236 1651,1236 1651,1237 1652,1237 1652,1238 1653,1238 1653,1240 1654,1240 1654,1242 1655,1242 1655,1244 1656,1244 1656,1246 1657,1246 1657,1250 1658,1250 1658,1273 1662,1273 1662,1275 1661,1275 1661,1277 1660,1277 1660,1281 1659,1281 1659,1282 1658,1282 1658,1283 1657,1283 1657,1284 1654,1284 1654,1285 1652,1285 1652,1284 1574,1284 1574,1283 1573,1283 1573,1279 1574,1279 1574,1277 1575,1277 1575,1275 1576,1275 1576,1272 1577,1272 1577,1270 1578,1270 1578,1267 1579,1267 1579,1265 1580,1265 1580,1260 1581,1260 1581,1258 1583,1258 1583,1257 1600,1257 1600,1256 1647,1256 1647,1236 1648,1236 1648,1235"/>
	<TextEquiv>
	<Unicode>καὶ</Unicode></TextEquiv></Word>
	<TextEquiv>
	<Unicode>ὁπλίσαι τὸν στρατόν, αὐτὸς ἐθύετο Τόλμῃ καὶ</Unicode></TextEquiv></TextLine>
	<TextLine id="r18">
	<Coords points="317,1295 320,1295 320,1296 321,1296 321,1300 360,1300 360,1301 361,1301 361,1302 363,1302 363,1303 364,1303 364,1304 365,1304 365,1306 366,1306 366,1319 548,1319 548,1302 549,1302 549,1301 550,1301 550,1299 552,1299 552,1298 584,1298 584,1299 586,1299 586,1301 587,1301 587,1302 689,1302 689,1301 690,1301 690,1300 788,1300 788,1299 791,1299 791,1300 793,1300 793,1301 794,1301 794,1302 795,1302 795,1306 796,1306 796,1321 936,1321 936,1320 991,1320 991,1300 992,1300 992,1299 993,1299 993,1298 994,1298 994,1299 997,1299 997,1301 998,1301 998,1302 999,1302 999,1305 1000,1305 1000,1307 1001,1307 1001,1310 1002,1310 1002,1312 1003,1312 1003,1316 1004,1316 1004,1322 1107,1322 1107,1321 1229,1321 1229,1312 1230,1312 1230,1309 1231,1309 1231,1307 1232,1307 1232,1303 1233,1303 1233,1301 1234,1301 1234,1300 1237,1300 1237,1299 1238,1299 1238,1300 1239,1300 1239,1302 1240,1302 1240,1323 1349,1323 1349,1304 1350,1304 1350,1303 1351,1303 1351,1302 1353,1302 1353,1301 1355,1301 1355,1300 1358,1300 1358,1301 1359,1301 1359,1302 1360,1302 1360,1303 1361,1303 1361,1324 1504,1324 1504,1316 1505,1316 1505,1313 1506,1313 1506,1310 1507,1310 1507,1308 1508,1308 1508,1306 1509,1306 1509,1304 1510,1304 1510,1303 1512,1303 1512,1302 1514,1302 1514,1303 1515,1303 1515,1304 1581,1304 1581,1305 1583,1305 1583,1306 1584,1306 1584,1307 1585,1307 1585,1308 1586,1308 1586,1310 1587,1310 1587,1325 1639,1325 1639,1326 1640,1326 1640,1342 1642,1342 1642,1343 1643,1343 1643,1344 1656,1344 1656,1345 1657,1345 1657,1347 1658,1347 1658,1354 1657,1354 1657,1356 1656,1356 1656,1357 1655,1357 1655,1358 1654,1358 1654,1359 1652,1359 1652,1360 1649,1360 1649,1354 1599,1354 1599,1353 1564,1353 1564,1352 1422,1352 1422,1356 1421,1356 1421,1360 1420,1360 1420,1363 1419,1363 1419,1365 1418,1365 1418,1366 1416,1366 1416,1367 1416,1366 1413,1366 1413,1365 1412,1365 1412,1351 1345,1351 1345,1350 1222,1350 1222,1349 1061,1349 1061,1350 1058,1350 1058,1349 1057,1349 1057,1348 868,1348 868,1349 864,1349 864,1348 727,1348 727,1349 726,1349 726,1350 724,1350 724,1351 720,1351 720,1352 720,1351 718,1351 718,1347 589,1347 589,1348 533,1348 533,1349 532,1349 532,1355 531,1355 531,1358 530,1358 530,1359 528,1359 528,1360 525,1360 525,1359 389,1359 389,1360 387,1360 387,1361 386,1361 386,1362 380,1362 380,1361 379,1361 379,1360 378,1360 378,1355 327,1355 327,1346 307,1346 307,1345 304,1345 304,1344 261,1344 261,1343 260,1343 260,1335 259,1335 259,1334 256,1334 256,1333 254,1333 254,1332 252,1332 252,1331 251,1331 251,1330 250,1330 250,1329 249,1329 249,1328 248,1328 248,1327 247,1327 247,1317 248,1317 248,1314 249,1314 249,1313 252,1313 252,1311 253,1311 253,1310 254,1310 254,1309 256,1309 256,1308 261,1308 261,1299 264,1299 264,1298 315,1298 315,1296 317,1296"/>
	<Word id="r134">
	<Coords points="320,1295 320,1296 321,1296 321,1300 360,1300 360,1301 361,1301 361,1302 363,1302 363,1303 364,1303 364,1304 365,1304 365,1306 366,1306 366,1319 399,1319 399,1320 404,1320 404,1322 405,1322 405,1323 406,1323 406,1325 407,1325 407,1336 421,1336 421,1337 423,1337 423,1339 424,1339 424,1341 425,1341 425,1345 424,1345 424,1347 423,1347 423,1350 422,1350 422,1351 421,1351 421,1352 419,1352 419,1353 418,1353 418,1354 389,1354 389,1360 387,1360 387,1361 386,1361 386,1362 380,1362 380,1361 379,1361 379,1360 378,1360 378,1355 327,1355 327,1346 307,1346 307,1345 304,1345 304,1344 261,1344 261,1343 260,1343 260,1335 259,1335 259,1334 256,1334 256,1333 254,1333 254,1332 252,1332 252,1331 251,1331 251,1330 250,1330 250,1329 249,1329 249,1328 248,1328 248,1327 247,1327 247,1317 248,1317 248,1314 249,1314 249,1313 252,1313 252,1311 253,1311 253,1310 254,1310 254,1309 256,1309 256,1308 261,1308 261,1299 264,1299 264,1298 315,1298 315,1296 317,1296 317,1295"/>
	<TextEquiv>
	<Unicode>Φόβῳ,</Unicode></TextEquiv></Word>
	<Word id="r135">
	<Coords points="584,1298 584,1299 586,1299 586,1301 587,1301 587,1303 588,1303 588,1306 589,1306 589,1308 590,1308 590,1310 591,1310 591,1321 623,1321 623,1322 624,1322 624,1323 625,1323 625,1325 624,1325 624,1330 623,1330 623,1332 622,1332 622,1334 621,1334 621,1335 620,1335 620,1337 618,1337 618,1338 617,1338 617,1340 615,1340 615,1341 613,1341 613,1342 612,1342 612,1343 611,1343 611,1344 610,1344 610,1345 608,1345 608,1346 605,1346 605,1347 589,1347 589,1348 533,1348 533,1349 532,1349 532,1355 531,1355 531,1358 530,1358 530,1359 528,1359 528,1360 525,1360 525,1359 470,1359 470,1358 469,1358 469,1352 470,1352 470,1348 471,1348 471,1346 472,1346 472,1343 473,1343 473,1339 474,1339 474,1336 475,1336 475,1332 476,1332 476,1330 477,1330 477,1325 478,1325 478,1322 479,1322 479,1320 481,1320 481,1319 548,1319 548,1302 549,1302 549,1301 550,1301 550,1299 552,1299 552,1298"/>
	<TextEquiv>
	<Unicode>μηδὲν</Unicode></TextEquiv></Word>
	<Word id="r136">
	<Coords points="694,1300 694,1301 695,1301 695,1302 696,1302 696,1319 723,1319 723,1320 729,1320 729,1321 730,1321 730,1322 731,1322 731,1323 732,1323 732,1324 733,1324 733,1326 734,1326 734,1328 733,1328 733,1330 731,1330 731,1331 729,1331 729,1345 728,1345 728,1347 727,1347 727,1349 726,1349 726,1350 724,1350 724,1351 720,1351 720,1352 720,1351 718,1351 718,1347 677,1347 677,1346 674,1346 674,1345 673,1345 673,1344 672,1344 672,1343 671,1343 671,1342 670,1342 670,1340 669,1340 669,1332 670,1332 670,1330 671,1330 671,1328 672,1328 672,1326 673,1326 673,1325 674,1325 674,1324 675,1324 675,1323 676,1323 676,1322 678,1322 678,1321 686,1321 686,1304 687,1304 687,1303 688,1303 688,1302 689,1302 689,1301 690,1301 690,1300"/>
	<TextEquiv>
	<Unicode>ὡς</Unicode></TextEquiv></Word>
	<Word id="r137">
	<Coords points="791,1299 791,1300 793,1300 793,1301 794,1301 794,1302 795,1302 795,1306 796,1306 796,1321 823,1321 823,1322 824,1322 824,1327 823,1327 823,1331 822,1331 822,1332 821,1332 821,1333 820,1333 820,1336 819,1336 819,1337 818,1337 818,1338 817,1338 817,1340 815,1340 815,1341 814,1341 814,1342 813,1342 813,1343 811,1343 811,1344 810,1344 810,1345 807,1345 807,1346 804,1346 804,1347 802,1347 802,1348 800,1348 800,1347 780,1347 780,1346 779,1346 779,1345 777,1345 777,1344 776,1344 776,1343 775,1343 775,1342 774,1342 774,1340 773,1340 773,1331 774,1331 774,1329 775,1329 775,1328 776,1328 776,1326 777,1326 777,1325 778,1325 778,1324 779,1324 779,1323 781,1323 781,1322 782,1322 782,1321 784,1321 784,1320 785,1320 785,1301 786,1301 786,1300 788,1300 788,1299"/>
	<TextEquiv>
	<Unicode>ἐν</Unicode></TextEquiv></Word>
	<Word id="r138">
	<Coords points="994,1298 994,1299 997,1299 997,1301 998,1301 998,1302 999,1302 999,1305 1000,1305 1000,1307 1001,1307 1001,1310 1002,1310 1002,1312 1003,1312 1003,1316 1004,1316 1004,1336 1007,1336 1007,1341 1006,1341 1006,1342 1005,1342 1005,1344 1004,1344 1004,1345 1003,1345 1003,1346 1002,1346 1002,1347 1001,1347 1001,1348 868,1348 868,1349 864,1349 864,1348 863,1348 863,1323 864,1323 864,1322 866,1322 866,1321 936,1321 936,1320 991,1320 991,1300 992,1300 992,1299 993,1299 993,1298"/>
	<TextEquiv>
	<Unicode>νυκτὶ</Unicode></TextEquiv></Word>
	<Word id="r139">
	<Coords points="1238,1299 1238,1300 1239,1300 1239,1302 1240,1302 1240,1323 1269,1323 1269,1324 1271,1324 1271,1329 1270,1329 1270,1333 1269,1333 1269,1335 1268,1335 1268,1337 1267,1337 1267,1338 1266,1338 1266,1339 1265,1339 1265,1340 1264,1340 1264,1341 1263,1341 1263,1342 1262,1342 1262,1343 1260,1343 1260,1344 1259,1344 1259,1345 1258,1345 1258,1346 1257,1346 1257,1347 1255,1347 1255,1348 1253,1348 1253,1349 1249,1349 1249,1350 1222,1350 1222,1349 1061,1349 1061,1350 1058,1350 1058,1349 1057,1349 1057,1335 1052,1335 1052,1334 1051,1334 1051,1330 1050,1330 1051,1330 1051,1326 1052,1326 1052,1324 1054,1324 1054,1323 1060,1323 1060,1322 1107,1322 1107,1321 1229,1321 1229,1312 1230,1312 1230,1309 1231,1309 1231,1307 1232,1307 1232,1303 1233,1303 1233,1301 1234,1301 1234,1300 1237,1300 1237,1299"/>
	<TextEquiv>
	<Unicode>πανικόν</Unicode></TextEquiv></Word>
	<Word id="r140">
	<Coords points="1358,1300 1358,1301 1359,1301 1359,1302 1360,1302 1360,1303 1361,1303 1361,1306 1360,1306 1360,1307 1359,1307 1359,1308 1357,1308 1357,1343 1356,1343 1356,1345 1355,1345 1355,1347 1354,1347 1354,1348 1353,1348 1353,1349 1352,1349 1352,1351 1345,1351 1345,1350 1318,1350 1318,1349 1316,1349 1316,1348 1315,1348 1315,1347 1314,1347 1314,1346 1313,1346 1313,1344 1312,1344 1312,1337 1313,1337 1313,1333 1314,1333 1314,1331 1315,1331 1315,1329 1316,1329 1316,1328 1317,1328 1317,1326 1320,1326 1320,1325 1322,1325 1322,1324 1324,1324 1324,1323 1349,1323 1349,1304 1350,1304 1350,1303 1351,1303 1351,1302 1353,1302 1353,1301 1355,1301 1355,1300"/>
	<TextEquiv>
	<Unicode>οἱ</Unicode></TextEquiv></Word>
	<Word id="r141">
	<Coords points="1514,1302 1514,1303 1515,1303 1515,1304 1581,1304 1581,1305 1583,1305 1583,1306 1584,1306 1584,1307 1585,1307 1585,1308 1586,1308 1586,1310 1587,1310 1587,1325 1639,1325 1639,1326 1640,1326 1640,1342 1642,1342 1642,1343 1643,1343 1643,1344 1656,1344 1656,1345 1657,1345 1657,1347 1658,1347 1658,1354 1657,1354 1657,1356 1656,1356 1656,1357 1655,1357 1655,1358 1654,1358 1654,1359 1652,1359 1652,1360 1649,1360 1649,1354 1599,1354 1599,1353 1564,1353 1564,1352 1422,1352 1422,1356 1421,1356 1421,1360 1420,1360 1420,1363 1419,1363 1419,1365 1418,1365 1418,1366 1416,1366 1416,1367 1416,1366 1413,1366 1413,1365 1412,1365 1412,1342 1402,1342 1402,1341 1401,1341 1401,1338 1400,1338 1400,1332 1401,1332 1401,1330 1402,1330 1402,1328 1403,1328 1403,1327 1404,1327 1404,1326 1406,1326 1406,1325 1431,1325 1431,1324 1504,1324 1504,1316 1505,1316 1505,1313 1506,1313 1506,1310 1507,1310 1507,1308 1508,1308 1508,1306 1509,1306 1509,1304 1510,1304 1510,1303 1512,1303 1512,1302"/>
	<TextEquiv>
	<Unicode>γενέσθαι,</Unicode></TextEquiv></Word>
	<TextEquiv>
	<Unicode>Φόβῳ, μηδὲν ὡς ἐν νυκτὶ πανικόν οἱ γενέσθαι,</Unicode></TextEquiv></TextLine>
	<TextLine id="r20">
	<Coords points="480,1365 482,1365 482,1366 483,1366 483,1367 484,1367 484,1369 485,1369 485,1371 486,1371 486,1373 487,1373 487,1376 488,1376 488,1378 489,1378 489,1380 490,1380 490,1388 752,1388 752,1367 754,1367 754,1366 756,1366 756,1367 757,1367 757,1368 758,1368 758,1369 759,1369 759,1371 760,1371 760,1373 761,1373 761,1375 762,1375 762,1377 763,1377 763,1379 764,1379 764,1382 765,1382 765,1390 902,1390 902,1371 903,1371 903,1370 904,1370 904,1369 905,1369 905,1368 909,1368 909,1369 911,1369 911,1371 912,1371 912,1372 1060,1372 1060,1371 1061,1371 1061,1370 1063,1370 1063,1369 1069,1369 1069,1370 1071,1370 1071,1371 1072,1371 1072,1372 1073,1372 1073,1376 1074,1376 1074,1390 1200,1390 1200,1383 1201,1383 1201,1381 1202,1381 1202,1379 1203,1379 1203,1376 1204,1376 1204,1375 1205,1375 1205,1374 1206,1374 1206,1371 1207,1371 1207,1370 1208,1370 1208,1369 1209,1369 1209,1368 1211,1368 1211,1367 1212,1367 1212,1368 1214,1368 1214,1370 1215,1370 1215,1391 1333,1391 1333,1392 1371,1392 1371,1393 1481,1393 1481,1388 1482,1388 1482,1386 1483,1386 1483,1383 1484,1383 1484,1380 1485,1380 1485,1378 1486,1378 1486,1376 1487,1376 1487,1374 1488,1374 1488,1373 1489,1373 1489,1372 1491,1372 1491,1371 1492,1371 1492,1372 1494,1372 1494,1373 1495,1373 1495,1378 1503,1378 1503,1379 1507,1379 1507,1380 1509,1380 1509,1381 1511,1381 1511,1382 1513,1382 1513,1384 1514,1384 1514,1386 1515,1386 1515,1387 1516,1387 1516,1389 1517,1389 1517,1392 1518,1392 1518,1393 1550,1393 1550,1394 1624,1394 1624,1395 1656,1395 1656,1397 1657,1397 1657,1413 1660,1413 1660,1417 1659,1417 1659,1419 1658,1419 1658,1420 1657,1420 1657,1421 1655,1421 1655,1422 1653,1422 1653,1423 1635,1423 1635,1422 1632,1422 1632,1421 1541,1421 1541,1420 1430,1420 1430,1421 1429,1421 1429,1427 1428,1427 1428,1430 1427,1430 1427,1433 1426,1433 1426,1434 1425,1434 1425,1435 1422,1435 1422,1434 1421,1434 1421,1419 1328,1419 1328,1418 1083,1418 1083,1419 1082,1419 1082,1424 1081,1424 1081,1433 1079,1433 1079,1434 1078,1434 1078,1433 1076,1433 1076,1432 974,1432 974,1433 970,1433 970,1434 966,1434 966,1433 965,1433 965,1417 649,1417 649,1422 648,1422 648,1428 647,1428 647,1430 645,1430 645,1431 645,1430 644,1430 644,1429 643,1429 643,1416 624,1416 624,1415 505,1415 505,1416 450,1416 450,1415 361,1415 361,1414 283,1414 283,1413 250,1413 250,1412 248,1412 248,1411 247,1411 247,1410 246,1410 246,1409 245,1409 245,1401 246,1401 246,1399 247,1399 247,1398 248,1398 248,1396 249,1396 249,1394 250,1394 250,1393 251,1393 251,1392 252,1392 252,1391 253,1391 253,1390 254,1390 254,1389 257,1389 257,1388 261,1388 261,1368 262,1368 262,1366 368,1366 368,1365 371,1365 371,1366 372,1366 372,1367 373,1367 373,1369 374,1369 374,1373 375,1373 375,1374 477,1374 477,1366 478,1366 478,1365 480,1365 480,1364"/>
	<Word id="r142">
	<Coords points="371,1365 371,1366 372,1366 372,1367 373,1367 373,1369 374,1369 374,1373 375,1373 375,1374 376,1374 376,1375 377,1375 377,1379 378,1379 378,1382 379,1382 379,1384 380,1384 380,1388 383,1388 383,1389 384,1389 384,1404 387,1404 387,1409 386,1409 386,1410 385,1410 385,1412 383,1412 383,1413 382,1413 382,1414 381,1414 381,1415 361,1415 361,1414 283,1414 283,1413 250,1413 250,1412 248,1412 248,1411 247,1411 247,1410 246,1410 246,1409 245,1409 245,1401 246,1401 246,1399 247,1399 247,1398 248,1398 248,1396 249,1396 249,1394 250,1394 250,1393 251,1393 251,1392 252,1392 252,1391 253,1391 253,1390 254,1390 254,1389 257,1389 257,1388 261,1388 261,1368 262,1368 262,1366 368,1366 368,1365"/>
	<TextEquiv>
	<Unicode>ἀλλὰ</Unicode></TextEquiv></Word>
	<Word id="r143">
	<Coords points="480,1365 482,1365 482,1366 483,1366 483,1367 484,1367 484,1369 485,1369 485,1371 486,1371 486,1373 487,1373 487,1376 488,1376 488,1378 489,1378 489,1380 490,1380 490,1388 525,1388 525,1389 527,1389 527,1396 526,1396 526,1399 525,1399 525,1401 524,1401 524,1403 523,1403 523,1404 522,1404 522,1405 521,1405 521,1407 519,1407 519,1408 518,1408 518,1409 517,1409 517,1410 516,1410 516,1411 515,1411 515,1412 513,1412 513,1413 511,1413 511,1414 509,1414 509,1415 505,1415 505,1416 450,1416 450,1415 449,1415 449,1400 440,1400 440,1393 441,1393 441,1390 442,1390 442,1389 463,1389 463,1388 477,1388 477,1366 478,1366 478,1365 480,1365 480,1364"/>
	<TextEquiv>
	<Unicode>τὸν</Unicode></TextEquiv></Word>
	<Word id="r144">
	<Coords points="756,1366 756,1367 757,1367 757,1368 758,1368 758,1369 759,1369 759,1371 760,1371 760,1373 761,1373 761,1375 762,1375 762,1377 763,1377 763,1379 764,1379 764,1382 765,1382 765,1390 799,1390 799,1392 800,1392 800,1395 801,1395 800,1395 800,1399 799,1399 799,1402 798,1402 798,1404 797,1404 797,1405 796,1405 796,1407 795,1407 795,1408 794,1408 794,1409 792,1409 792,1410 791,1410 791,1411 790,1411 790,1412 788,1412 788,1413 787,1413 787,1414 786,1414 786,1415 783,1415 783,1416 781,1416 781,1417 649,1417 649,1422 648,1422 648,1428 647,1428 647,1430 645,1430 645,1431 645,1430 644,1430 644,1429 643,1429 643,1416 624,1416 624,1415 580,1415 580,1414 578,1414 578,1413 577,1413 577,1412 576,1412 576,1410 575,1410 575,1408 574,1408 574,1403 575,1403 575,1400 576,1400 576,1398 577,1398 577,1397 578,1397 578,1395 579,1395 579,1394 580,1394 580,1393 582,1393 582,1392 584,1392 584,1391 586,1391 586,1390 589,1390 589,1389 598,1389 598,1388 752,1388 752,1367 754,1367 754,1366"/>
	<TextEquiv>
	<Unicode>στρατὸν</Unicode></TextEquiv></Word>
	<Word id="r145">
	<Coords points="909,1368 909,1369 911,1369 911,1371 912,1371 912,1372 981,1372 981,1373 983,1373 983,1374 985,1374 985,1376 986,1376 986,1378 987,1378 987,1380 988,1380 988,1391 989,1391 989,1392 991,1392 991,1393 992,1393 992,1394 993,1394 993,1397 994,1397 994,1406 993,1406 993,1409 992,1409 992,1410 991,1410 991,1411 990,1411 990,1412 989,1412 989,1413 988,1413 988,1414 987,1414 987,1415 985,1415 985,1416 976,1416 976,1431 975,1431 975,1432 974,1432 974,1433 970,1433 970,1434 966,1434 966,1433 965,1433 965,1417 859,1417 859,1416 858,1416 858,1415 857,1415 857,1414 856,1414 856,1413 855,1413 855,1411 854,1411 854,1405 855,1405 855,1403 856,1403 856,1400 857,1400 857,1398 859,1398 859,1397 860,1397 860,1396 861,1396 861,1395 862,1395 862,1394 863,1394 863,1392 864,1392 864,1391 866,1391 866,1390 902,1390 902,1371 903,1371 903,1370 904,1370 904,1369 905,1369 905,1368"/>
	<TextEquiv>
	<Unicode>αὐτῷ</Unicode></TextEquiv></Word>
	<Word id="r146">
	<Coords points="1211,1367 1212,1367 1212,1368 1214,1368 1214,1370 1215,1370 1215,1391 1333,1391 1333,1392 1371,1392 1371,1393 1373,1393 1373,1394 1374,1394 1374,1400 1373,1400 1373,1403 1372,1403 1372,1404 1371,1404 1371,1405 1370,1405 1370,1407 1369,1407 1369,1408 1368,1408 1368,1409 1367,1409 1367,1411 1365,1411 1365,1412 1364,1412 1364,1413 1362,1413 1362,1415 1360,1415 1360,1416 1359,1416 1359,1417 1357,1417 1357,1418 1354,1418 1354,1419 1328,1419 1328,1418 1083,1418 1083,1419 1082,1419 1082,1424 1081,1424 1081,1433 1079,1433 1079,1434 1078,1434 1078,1433 1076,1433 1076,1431 1075,1431 1075,1418 1050,1418 1050,1417 1049,1417 1049,1416 1048,1416 1048,1415 1047,1415 1047,1414 1046,1414 1046,1412 1045,1412 1045,1409 1044,1409 1044,1401 1045,1401 1045,1397 1046,1397 1046,1393 1047,1393 1047,1391 1048,1391 1048,1388 1049,1388 1049,1386 1050,1386 1050,1384 1051,1384 1051,1382 1052,1382 1052,1381 1053,1381 1053,1379 1054,1379 1054,1378 1055,1378 1055,1376 1056,1376 1056,1375 1057,1375 1057,1374 1058,1374 1058,1373 1059,1373 1059,1372 1060,1372 1060,1371 1061,1371 1061,1370 1063,1370 1063,1369 1069,1369 1069,1370 1071,1370 1071,1371 1072,1371 1072,1372 1073,1372 1073,1376 1074,1376 1074,1390 1200,1390 1200,1383 1201,1383 1201,1381 1202,1381 1202,1379 1203,1379 1203,1376 1204,1376 1204,1375 1205,1375 1205,1374 1206,1374 1206,1371 1207,1371 1207,1370 1208,1370 1208,1369 1209,1369 1209,1368 1211,1368"/>
	<TextEquiv>
	<Unicode>θρασύτατον</Unicode></TextEquiv></Word>
	<Word id="r148">
	<Coords points="1492,1371 1492,1372 1494,1372 1494,1373 1495,1373 1495,1378 1503,1378 1503,1379 1507,1379 1507,1380 1509,1380 1509,1381 1511,1381 1511,1382 1513,1382 1513,1384 1514,1384 1514,1386 1515,1386 1515,1387 1516,1387 1516,1389 1517,1389 1517,1392 1518,1392 1518,1393 1550,1393 1550,1394 1624,1394 1624,1395 1656,1395 1656,1397 1657,1397 1657,1413 1660,1413 1660,1417 1659,1417 1659,1419 1658,1419 1658,1420 1657,1420 1657,1421 1655,1421 1655,1422 1653,1422 1653,1423 1635,1423 1635,1422 1632,1422 1632,1421 1541,1421 1541,1420 1430,1420 1430,1421 1429,1421 1429,1427 1428,1427 1428,1430 1427,1430 1427,1433 1426,1433 1426,1434 1425,1434 1425,1435 1422,1435 1422,1434 1421,1434 1421,1429 1422,1429 1422,1426 1423,1426 1423,1424 1424,1424 1424,1420 1425,1420 1425,1416 1426,1416 1426,1414 1427,1414 1427,1412 1428,1412 1428,1408 1429,1408 1429,1403 1430,1403 1430,1400 1431,1400 1431,1397 1432,1397 1432,1395 1433,1395 1433,1394 1435,1394 1435,1393 1481,1393 1481,1388 1482,1388 1482,1386 1483,1386 1483,1383 1484,1383 1484,1380 1485,1380 1485,1378 1486,1378 1486,1376 1487,1376 1487,1374 1488,1374 1488,1373 1489,1373 1489,1372 1491,1372 1491,1371"/>
	<TextEquiv>
	<Unicode>μάλιστα</Unicode></TextEquiv></Word>
	<TextEquiv>
	<Unicode>ἀλλὰ τὸν στρατὸν αὐτῷ θρασύτατον μάλιστα</Unicode></TextEquiv></TextLine>
	<TextLine id="r64">
	<Coords points="263,1433 263,1434 265,1434 265,1435 344,1435 344,1436 345,1436 345,1437 346,1437 346,1440 374,1440 374,1441 375,1441 375,1442 377,1442 377,1444 378,1444 378,1447 379,1447 379,1456 465,1456 465,1457 605,1457 605,1456 628,1456 628,1448 629,1448 629,1446 630,1446 630,1444 631,1444 631,1441 632,1441 632,1439 633,1439 633,1437 634,1437 634,1436 636,1436 636,1435 639,1435 639,1436 640,1436 640,1457 771,1457 771,1440 772,1440 772,1438 774,1438 774,1437 775,1437 775,1436 892,1436 892,1437 895,1437 895,1438 897,1438 897,1439 898,1439 898,1440 899,1440 899,1441 900,1441 900,1442 989,1442 989,1443 1045,1443 1045,1444 1048,1444 1048,1445 1050,1445 1050,1446 1052,1446 1052,1447 1053,1447 1053,1449 1155,1449 1155,1448 1156,1448 1156,1446 1157,1446 1157,1444 1158,1444 1158,1443 1160,1443 1160,1442 1161,1442 1161,1441 1245,1441 1245,1440 1246,1440 1246,1439 1248,1439 1248,1438 1315,1438 1315,1437 1318,1437 1318,1438 1319,1438 1319,1461 1468,1461 1468,1454 1469,1454 1469,1449 1470,1449 1470,1447 1471,1447 1471,1446 1472,1446 1472,1445 1473,1445 1473,1444 1476,1444 1476,1443 1482,1443 1482,1444 1484,1444 1484,1445 1485,1445 1485,1446 1486,1446 1486,1448 1487,1448 1487,1449 1488,1449 1488,1450 1590,1450 1590,1447 1591,1447 1591,1445 1592,1445 1592,1444 1593,1444 1593,1443 1594,1443 1594,1442 1595,1442 1595,1441 1599,1441 1599,1443 1600,1443 1600,1449 1610,1449 1610,1450 1613,1450 1613,1451 1615,1451 1615,1452 1617,1452 1617,1453 1618,1453 1618,1455 1619,1455 1619,1456 1620,1456 1620,1458 1621,1458 1621,1461 1622,1461 1622,1462 1623,1462 1623,1467 1624,1467 1624,1469 1625,1469 1625,1472 1657,1472 1657,1473 1659,1473 1659,1476 1658,1476 1658,1477 1638,1477 1638,1485 1637,1485 1637,1487 1636,1487 1636,1489 1633,1489 1633,1490 1484,1490 1484,1491 1483,1491 1483,1495 1482,1495 1482,1497 1481,1497 1481,1499 1480,1499 1480,1500 1478,1500 1478,1501 1470,1501 1470,1503 1468,1503 1468,1504 1464,1504 1464,1503 1462,1503 1462,1489 1439,1489 1439,1488 1327,1488 1327,1489 1326,1489 1326,1495 1325,1495 1325,1498 1324,1498 1324,1501 1323,1501 1323,1502 1322,1502 1322,1503 1319,1503 1319,1502 1263,1502 1263,1501 1262,1501 1262,1500 1165,1500 1165,1499 1164,1499 1164,1498 1163,1498 1163,1486 1115,1486 1115,1485 991,1485 991,1486 986,1486 986,1487 982,1487 982,1493 981,1493 981,1497 980,1497 980,1499 979,1499 979,1500 978,1500 978,1499 977,1499 977,1498 860,1498 860,1497 859,1497 859,1486 725,1486 725,1487 724,1487 724,1488 723,1488 723,1489 698,1489 698,1492 697,1492 697,1495 696,1495 696,1497 695,1497 695,1498 589,1498 589,1497 588,1497 588,1485 568,1485 568,1484 375,1484 375,1486 374,1486 374,1493 373,1493 373,1495 372,1495 372,1496 290,1496 290,1498 289,1498 289,1499 285,1499 285,1483 256,1483 256,1482 252,1482 252,1481 250,1481 250,1480 248,1480 248,1479 247,1479 247,1477 246,1477 246,1475 245,1475 245,1468 246,1468 246,1465 247,1465 247,1464 248,1464 248,1462 249,1462 249,1460 250,1460 250,1459 252,1459 252,1458 253,1458 253,1457 255,1457 255,1456 256,1456 256,1435 257,1435 257,1434 258,1434 258,1433"/>
	<Word id="r277">
	<Coords points="263,1433 263,1434 265,1434 265,1435 344,1435 344,1436 345,1436 345,1437 346,1437 346,1440 374,1440 374,1441 375,1441 375,1442 377,1442 377,1444 378,1444 378,1447 379,1447 379,1456 465,1456 465,1457 467,1457 467,1473 481,1473 481,1474 483,1474 483,1475 484,1475 484,1476 485,1476 485,1481 484,1481 484,1482 483,1482 483,1483 482,1483 482,1484 375,1484 375,1486 374,1486 374,1493 373,1493 373,1495 372,1495 372,1496 290,1496 290,1498 289,1498 289,1499 285,1499 285,1483 256,1483 256,1482 252,1482 252,1481 250,1481 250,1480 248,1480 248,1479 247,1479 247,1477 246,1477 246,1475 245,1475 245,1468 246,1468 246,1465 247,1465 247,1464 248,1464 248,1462 249,1462 249,1460 250,1460 250,1459 252,1459 252,1458 253,1458 253,1457 255,1457 255,1456 256,1456 256,1435 257,1435 257,1434 258,1434 258,1433"/>
	<TextEquiv>
	<Unicode>ὀφθῆναι.</Unicode></TextEquiv></Word>
	<Word id="r278">
	<Coords points="639,1435 639,1436 640,1436 640,1457 725,1457 725,1458 727,1458 727,1459 729,1459 729,1460 730,1460 730,1461 731,1461 731,1462 732,1462 732,1467 730,1467 730,1468 727,1468 727,1485 726,1485 726,1486 725,1486 725,1487 724,1487 724,1488 723,1488 723,1489 698,1489 698,1492 697,1492 697,1495 696,1495 696,1497 695,1497 695,1498 589,1498 589,1497 588,1497 588,1485 568,1485 568,1484 567,1484 567,1469 559,1469 559,1468 558,1468 558,1461 559,1461 559,1460 560,1460 560,1459 561,1459 561,1458 568,1458 568,1457 605,1457 605,1456 628,1456 628,1448 629,1448 629,1446 630,1446 630,1444 631,1444 631,1441 632,1441 632,1439 633,1439 633,1437 634,1437 634,1436 636,1436 636,1435"/>
	<TextEquiv>
	<Unicode>τρίτης</Unicode></TextEquiv></Word>
	<Word id="r279">
	<Coords points="807,1436 807,1437 808,1437 808,1439 809,1439 809,1442 810,1442 810,1444 811,1444 811,1448 812,1448 812,1449 813,1449 813,1451 814,1451 814,1459 815,1459 815,1460 816,1460 816,1461 817,1461 817,1464 816,1464 816,1465 815,1465 815,1484 813,1484 813,1485 812,1485 812,1486 804,1486 804,1485 775,1485 775,1484 772,1484 772,1483 771,1483 771,1482 769,1482 769,1480 768,1480 768,1479 767,1479 767,1475 766,1475 766,1474 767,1474 767,1469 768,1469 768,1467 769,1467 769,1464 771,1464 771,1440 772,1440 772,1438 774,1438 774,1437 775,1437 775,1436"/>
	<TextEquiv>
	<Unicode>δὲ</Unicode></TextEquiv></Word>
	<Word id="r280">
	<Coords points="892,1436 892,1437 895,1437 895,1438 897,1438 897,1439 898,1439 898,1440 899,1440 899,1441 900,1441 900,1442 901,1442 901,1443 902,1443 902,1444 903,1444 903,1445 904,1445 904,1446 905,1446 905,1459 934,1459 934,1460 935,1460 935,1461 936,1461 936,1462 937,1462 937,1464 938,1464 938,1467 939,1467 938,1467 938,1470 937,1470 937,1474 936,1474 936,1476 935,1476 935,1482 934,1482 934,1485 933,1485 933,1487 932,1487 932,1491 931,1491 931,1496 930,1496 930,1498 860,1498 860,1497 859,1497 859,1483 846,1483 846,1468 843,1468 843,1463 844,1463 844,1462 845,1462 845,1461 846,1461 846,1460 848,1460 848,1459 852,1459 852,1452 853,1452 853,1440 854,1440 854,1439 866,1439 866,1438 867,1438 867,1437 868,1437 868,1436"/>
	<TextEquiv>
	<Unicode>ἤδη</Unicode></TextEquiv></Word>
	<Word id="r281">
	<Coords points="1169,1441 1169,1442 1170,1442 1170,1443 1172,1443 1172,1444 1173,1444 1173,1445 1174,1445 1174,1446 1175,1446 1175,1457 1196,1457 1196,1458 1198,1458 1198,1459 1201,1459 1201,1460 1202,1460 1202,1461 1203,1461 1203,1462 1204,1462 1204,1464 1205,1464 1205,1468 1203,1468 1203,1469 1200,1469 1200,1485 1199,1485 1199,1486 1198,1486 1198,1487 1197,1487 1197,1488 1196,1488 1196,1489 1194,1489 1194,1490 1171,1490 1171,1492 1170,1492 1170,1496 1169,1496 1169,1498 1168,1498 1168,1499 1167,1499 1167,1500 1165,1500 1165,1499 1164,1499 1164,1498 1163,1498 1163,1486 1115,1486 1115,1485 991,1485 991,1486 986,1486 986,1487 982,1487 982,1493 981,1493 981,1497 980,1497 980,1499 979,1499 979,1500 978,1500 978,1499 977,1499 977,1496 976,1496 976,1485 974,1485 974,1484 972,1484 972,1483 970,1483 970,1482 969,1482 969,1480 968,1480 968,1478 967,1478 967,1477 966,1477 966,1475 965,1475 965,1474 966,1474 966,1466 967,1466 967,1465 968,1465 968,1464 969,1464 969,1463 970,1463 970,1462 971,1462 971,1461 973,1461 973,1460 975,1460 975,1459 979,1459 979,1458 984,1458 984,1457 985,1457 985,1446 986,1446 986,1444 987,1444 987,1443 989,1443 989,1442 989,1443 1045,1443 1045,1444 1048,1444 1048,1445 1050,1445 1050,1446 1052,1446 1052,1447 1053,1447 1053,1449 1155,1449 1155,1448 1156,1448 1156,1446 1157,1446 1157,1444 1158,1444 1158,1443 1160,1443 1160,1442 1161,1442 1161,1441"/>
	<TextEquiv>
	<Unicode>φυλακῆς</Unicode></TextEquiv></Word>
	<Word id="r282">
	<Coords points="1318,1437 1318,1438 1319,1438 1319,1461 1388,1461 1388,1476 1391,1476 1391,1477 1392,1477 1392,1479 1391,1479 1391,1482 1390,1482 1390,1483 1389,1483 1389,1484 1388,1484 1388,1485 1387,1485 1387,1487 1384,1487 1384,1488 1327,1488 1327,1489 1326,1489 1326,1495 1325,1495 1325,1498 1324,1498 1324,1501 1323,1501 1323,1502 1322,1502 1322,1503 1319,1503 1319,1502 1263,1502 1263,1501 1262,1501 1262,1500 1246,1500 1246,1499 1244,1499 1244,1485 1234,1485 1234,1484 1232,1484 1232,1470 1230,1470 1230,1469 1229,1469 1229,1467 1230,1467 1230,1465 1231,1465 1231,1464 1232,1464 1232,1462 1233,1462 1233,1461 1235,1461 1235,1460 1245,1460 1245,1440 1246,1440 1246,1439 1248,1439 1248,1438 1315,1438 1315,1437"/>
	<TextEquiv>
	<Unicode>ἠρέμα</Unicode></TextEquiv></Word>
	<Word id="r283">
	<Coords points="1482,1443 1482,1444 1484,1444 1484,1445 1485,1445 1485,1446 1486,1446 1486,1448 1487,1448 1487,1449 1488,1449 1488,1465 1489,1465 1489,1466 1490,1466 1490,1474 1489,1474 1489,1477 1488,1477 1488,1479 1487,1479 1487,1482 1486,1482 1486,1485 1485,1485 1485,1488 1484,1488 1484,1491 1483,1491 1483,1495 1482,1495 1482,1497 1481,1497 1481,1499 1480,1499 1480,1500 1478,1500 1478,1501 1470,1501 1470,1503 1468,1503 1468,1504 1464,1504 1464,1503 1462,1503 1462,1489 1439,1489 1439,1488 1437,1488 1437,1471 1429,1471 1429,1464 1430,1464 1430,1463 1431,1463 1431,1462 1468,1462 1468,1454 1469,1454 1469,1449 1470,1449 1470,1447 1471,1447 1471,1446 1472,1446 1472,1445 1473,1445 1473,1444 1476,1444 1476,1443"/>
	<TextEquiv>
	<Unicode>τῇ</Unicode></TextEquiv></Word>
	<Word id="r284">
	<Coords points="1599,1441 1599,1443 1600,1443 1600,1449 1610,1449 1610,1450 1613,1450 1613,1451 1615,1451 1615,1452 1617,1452 1617,1453 1618,1453 1618,1455 1619,1455 1619,1456 1620,1456 1620,1458 1621,1458 1621,1461 1622,1461 1622,1462 1623,1462 1623,1467 1624,1467 1624,1469 1625,1469 1625,1472 1657,1472 1657,1473 1659,1473 1659,1476 1658,1476 1658,1477 1638,1477 1638,1485 1637,1485 1637,1487 1636,1487 1636,1489 1633,1489 1633,1490 1540,1490 1540,1489 1536,1489 1536,1488 1534,1488 1534,1487 1533,1487 1533,1486 1532,1486 1532,1485 1530,1485 1530,1483 1529,1483 1529,1474 1530,1474 1530,1472 1531,1472 1531,1470 1532,1470 1532,1469 1533,1469 1533,1468 1534,1468 1534,1467 1536,1467 1536,1466 1537,1466 1537,1465 1539,1465 1539,1464 1541,1464 1541,1463 1548,1463 1548,1462 1586,1462 1586,1456 1587,1456 1587,1453 1588,1453 1588,1451 1589,1451 1589,1450 1590,1450 1590,1447 1591,1447 1591,1445 1592,1445 1592,1444 1593,1444 1593,1443 1594,1443 1594,1442 1595,1442 1595,1441"/>
	<TextEquiv>
	<Unicode>σάλ-</Unicode></TextEquiv></Word>
	<TextEquiv>
	<Unicode>ὀφθῆναι. τρίτης δὲ ἤδη φυλακῆς ἠρέμα τῇ σάλ-</Unicode></TextEquiv></TextLine>
	<TextLine id="r22">
	<Coords points="461,1504 464,1504 464,1505 467,1505 467,1507 468,1507 468,1525 603,1525 603,1518 604,1518 604,1516 605,1516 605,1514 606,1514 606,1512 607,1512 607,1510 608,1510 608,1509 609,1509 609,1507 610,1507 610,1506 611,1506 611,1505 612,1505 612,1504 616,1504 616,1506 617,1506 617,1526 900,1526 900,1506 901,1506 901,1505 905,1505 905,1506 906,1506 906,1508 907,1508 907,1510 908,1510 908,1511 909,1511 909,1514 910,1514 910,1516 911,1516 911,1519 912,1519 912,1522 913,1522 913,1527 1019,1527 1019,1526 1073,1526 1073,1507 1074,1507 1074,1506 1078,1506 1078,1507 1079,1507 1079,1509 1080,1509 1080,1510 1081,1510 1081,1513 1082,1513 1082,1516 1083,1516 1083,1518 1084,1518 1084,1520 1085,1520 1085,1522 1086,1522 1086,1525 1087,1525 1087,1528 1192,1528 1192,1527 1249,1527 1249,1518 1250,1518 1250,1516 1251,1516 1251,1515 1252,1515 1252,1514 1253,1514 1253,1512 1256,1512 1256,1511 1262,1511 1262,1512 1265,1512 1265,1513 1266,1513 1266,1514 1267,1514 1267,1515 1268,1515 1268,1517 1269,1517 1269,1518 1371,1518 1371,1517 1372,1517 1372,1515 1373,1515 1373,1514 1374,1514 1374,1513 1376,1513 1376,1511 1378,1511 1378,1510 1381,1510 1381,1509 1565,1509 1565,1508 1566,1508 1566,1509 1567,1509 1567,1510 1568,1510 1568,1531 1651,1531 1651,1532 1656,1532 1656,1533 1657,1533 1657,1534 1658,1534 1658,1535 1659,1535 1659,1537 1660,1537 1660,1540 1659,1540 1659,1541 1656,1541 1656,1556 1655,1556 1655,1558 1654,1558 1654,1560 1653,1560 1653,1561 1651,1561 1651,1562 1648,1562 1648,1563 1626,1563 1626,1567 1625,1567 1625,1569 1624,1569 1624,1570 1623,1570 1623,1571 1620,1571 1620,1570 1619,1570 1619,1558 1516,1558 1516,1559 1515,1559 1515,1558 1514,1558 1514,1557 1362,1557 1362,1559 1361,1559 1361,1565 1360,1565 1360,1567 1359,1567 1359,1568 1262,1568 1262,1569 1259,1569 1259,1570 1217,1570 1217,1569 1216,1569 1216,1555 973,1555 973,1558 972,1558 972,1564 971,1564 971,1566 970,1566 970,1568 969,1568 969,1569 966,1569 966,1568 965,1568 965,1555 904,1555 904,1554 780,1554 780,1555 779,1555 779,1557 778,1557 778,1558 777,1558 777,1560 775,1560 775,1561 770,1561 770,1554 625,1554 625,1557 624,1557 624,1561 623,1561 623,1564 622,1564 622,1565 620,1565 620,1566 602,1566 602,1565 601,1565 601,1553 365,1553 365,1554 364,1554 364,1559 363,1559 363,1562 362,1562 362,1564 361,1564 361,1565 360,1565 360,1567 357,1567 357,1566 322,1566 322,1565 320,1565 320,1552 251,1552 251,1551 250,1551 250,1537 246,1537 246,1536 245,1536 245,1535 244,1535 244,1530 245,1530 245,1527 246,1527 246,1526 247,1526 247,1525 250,1525 250,1524 298,1524 298,1523 301,1523 301,1524 455,1524 455,1510 456,1510 456,1508 457,1508 457,1506 458,1506 458,1505 461,1505"/>
	<Word id="r149">
	<Coords points="301,1523 301,1524 390,1524 390,1525 392,1525 392,1540 395,1540 395,1545 394,1545 394,1547 393,1547 393,1548 392,1548 392,1549 390,1549 390,1550 389,1550 389,1551 387,1551 387,1552 365,1552 365,1554 364,1554 364,1559 363,1559 363,1562 362,1562 362,1564 361,1564 361,1565 360,1565 360,1567 357,1567 357,1566 322,1566 322,1565 320,1565 320,1552 251,1552 251,1551 250,1551 250,1537 246,1537 246,1536 245,1536 245,1535 244,1535 244,1530 245,1530 245,1527 246,1527 246,1526 247,1526 247,1525 250,1525 250,1524 298,1524 298,1523"/>
	<TextEquiv>
	<Unicode>πιγγι</Unicode></TextEquiv></Word>
	<Word id="r150">
	<Coords points="464,1504 464,1505 467,1505 467,1507 468,1507 468,1525 603,1525 603,1518 604,1518 604,1516 605,1516 605,1514 606,1514 606,1512 607,1512 607,1510 608,1510 608,1509 609,1509 609,1507 610,1507 610,1506 611,1506 611,1505 612,1505 612,1504 616,1504 616,1506 617,1506 617,1526 764,1526 764,1527 765,1527 765,1528 766,1528 766,1530 767,1530 767,1545 779,1545 779,1546 780,1546 780,1549 781,1549 781,1554 780,1554 780,1555 779,1555 779,1557 778,1557 778,1558 777,1558 777,1560 775,1560 775,1561 770,1561 770,1554 625,1554 625,1557 624,1557 624,1561 623,1561 623,1564 622,1564 622,1565 620,1565 620,1566 602,1566 602,1565 601,1565 601,1553 454,1553 454,1552 452,1552 452,1551 450,1551 450,1549 449,1549 449,1547 448,1547 448,1531 447,1531 447,1530 446,1530 446,1528 448,1528 448,1527 450,1527 450,1526 455,1526 455,1510 456,1510 456,1508 457,1508 457,1506 458,1506 458,1505 461,1505 461,1504"/>
	<TextEquiv>
	<Unicode>ὑπεσήμαινε,</Unicode></TextEquiv></Word>
	<Word id="r151">
	<Coords points="905,1505 905,1506 906,1506 906,1508 907,1508 907,1510 908,1510 908,1511 909,1511 909,1514 910,1514 910,1516 911,1516 911,1519 912,1519 912,1522 913,1522 913,1542 915,1542 915,1543 916,1543 916,1547 915,1547 915,1549 914,1549 914,1550 913,1550 913,1552 912,1552 912,1553 911,1553 911,1554 909,1554 909,1555 904,1555 904,1554 832,1554 832,1553 831,1553 831,1550 832,1550 832,1547 833,1547 833,1544 834,1544 834,1541 835,1541 835,1538 836,1538 836,1534 837,1534 837,1531 838,1531 838,1528 840,1528 840,1527 855,1527 855,1526 900,1526 900,1506 901,1506 901,1505"/>
	<TextEquiv>
	<Unicode>καὶ</Unicode></TextEquiv></Word>
	<Word id="r152">
	<Coords points="1078,1506 1078,1507 1079,1507 1079,1509 1080,1509 1080,1510 1081,1510 1081,1513 1082,1513 1082,1516 1083,1516 1083,1518 1084,1518 1084,1520 1085,1520 1085,1522 1086,1522 1086,1525 1087,1525 1087,1528 1089,1528 1089,1529 1091,1529 1091,1544 1095,1544 1095,1545 1094,1545 1094,1549 1093,1549 1093,1550 1092,1550 1092,1551 1091,1551 1091,1552 1090,1552 1090,1553 1089,1553 1089,1554 1087,1554 1087,1555 973,1555 973,1558 972,1558 972,1564 971,1564 971,1566 970,1566 970,1568 969,1568 969,1569 966,1569 966,1568 965,1568 965,1565 966,1565 966,1562 967,1562 967,1558 968,1558 968,1556 969,1556 969,1552 970,1552 970,1549 971,1549 971,1544 972,1544 972,1542 973,1542 973,1536 974,1536 974,1533 975,1533 975,1531 976,1531 976,1529 977,1529 977,1528 979,1528 979,1527 1019,1527 1019,1526 1073,1526 1073,1507 1074,1507 1074,1506"/>
	<TextEquiv>
	<Unicode>μετὰ</Unicode></TextEquiv></Word>
	<Word id="r153">
	<Coords points="1262,1511 1262,1512 1265,1512 1265,1513 1266,1513 1266,1514 1267,1514 1267,1515 1268,1515 1268,1517 1269,1517 1269,1527 1290,1527 1290,1528 1292,1528 1292,1529 1294,1529 1294,1530 1295,1530 1295,1531 1296,1531 1296,1532 1297,1532 1297,1537 1295,1537 1295,1538 1292,1538 1292,1554 1291,1554 1291,1555 1290,1555 1290,1556 1289,1556 1289,1557 1288,1557 1288,1558 1286,1558 1286,1559 1266,1559 1266,1561 1265,1561 1265,1564 1264,1564 1264,1567 1263,1567 1263,1568 1262,1568 1262,1569 1259,1569 1259,1570 1217,1570 1217,1569 1216,1569 1216,1555 1153,1555 1153,1554 1150,1554 1150,1553 1148,1553 1148,1552 1147,1552 1147,1551 1146,1551 1146,1548 1145,1548 1145,1544 1144,1544 1144,1543 1145,1543 1145,1539 1146,1539 1146,1537 1147,1537 1147,1536 1148,1536 1148,1534 1149,1534 1149,1533 1150,1533 1150,1532 1152,1532 1152,1531 1154,1531 1154,1530 1156,1530 1156,1529 1163,1529 1163,1528 1192,1528 1192,1527 1249,1527 1249,1518 1250,1518 1250,1516 1251,1516 1251,1515 1252,1515 1252,1514 1253,1514 1253,1512 1256,1512 1256,1511"/>
	<TextEquiv>
	<Unicode>σιγῆς</Unicode></TextEquiv></Word>
	<Word id="r154">
	<Coords points="1566,1508 1566,1509 1567,1509 1567,1510 1568,1510 1568,1531 1651,1531 1651,1532 1656,1532 1656,1533 1657,1533 1657,1534 1658,1534 1658,1535 1659,1535 1659,1537 1660,1537 1660,1540 1659,1540 1659,1541 1656,1541 1656,1556 1655,1556 1655,1558 1654,1558 1654,1560 1653,1560 1653,1561 1651,1561 1651,1562 1648,1562 1648,1563 1626,1563 1626,1567 1625,1567 1625,1569 1624,1569 1624,1570 1623,1570 1623,1571 1620,1571 1620,1570 1619,1570 1619,1558 1516,1558 1516,1559 1515,1559 1515,1558 1514,1558 1514,1557 1362,1557 1362,1559 1361,1559 1361,1565 1360,1565 1360,1567 1359,1567 1359,1568 1355,1568 1355,1565 1354,1565 1355,1565 1355,1560 1356,1560 1356,1558 1357,1558 1357,1555 1358,1555 1358,1552 1359,1552 1359,1550 1360,1550 1360,1546 1361,1546 1361,1544 1362,1544 1362,1540 1363,1540 1363,1536 1364,1536 1364,1533 1365,1533 1365,1530 1366,1530 1366,1526 1367,1526 1367,1524 1368,1524 1368,1522 1369,1522 1369,1520 1370,1520 1370,1518 1371,1518 1371,1517 1372,1517 1372,1515 1373,1515 1373,1514 1374,1514 1374,1513 1376,1513 1376,1511 1378,1511 1378,1510 1381,1510 1381,1509 1565,1509 1565,1508"/>
	<TextEquiv>
	<Unicode>βαθυτάτης</Unicode></TextEquiv></Word>
	<TextEquiv>
	<Unicode>πιγγι ὑπεσήμαινε, καὶ μετὰ σιγῆς βαθυτάτης</Unicode></TextEquiv></TextLine>
	<TextLine id="r23">
	<Coords points="428,1571 428,1572 429,1572 429,1574 430,1574 430,1575 431,1575 431,1577 432,1577 432,1578 433,1578 433,1581 434,1581 434,1584 435,1584 435,1587 436,1587 436,1593 459,1593 459,1594 631,1594 631,1593 654,1593 654,1582 655,1582 655,1581 656,1581 656,1579 657,1579 657,1578 658,1578 658,1577 662,1577 662,1576 666,1576 666,1577 668,1577 668,1578 670,1578 670,1579 671,1579 671,1581 672,1581 672,1582 673,1582 673,1594 827,1594 827,1577 828,1577 828,1576 829,1576 829,1575 832,1575 832,1574 931,1574 931,1573 932,1573 932,1574 935,1574 935,1575 936,1575 936,1576 986,1576 986,1577 987,1577 987,1581 1001,1581 1001,1582 1002,1582 1002,1583 1003,1583 1003,1595 1018,1595 1018,1596 1020,1596 1020,1597 1123,1597 1123,1581 1124,1581 1124,1580 1125,1580 1125,1579 1126,1579 1126,1578 1127,1578 1127,1577 1138,1577 1138,1576 1139,1576 1139,1575 1143,1575 1143,1576 1144,1576 1144,1595 1290,1595 1290,1580 1291,1580 1291,1578 1292,1578 1292,1577 1293,1577 1293,1576 1294,1576 1294,1575 1300,1575 1300,1576 1499,1576 1499,1577 1501,1577 1501,1578 1502,1578 1502,1579 1503,1579 1503,1600 1605,1600 1605,1599 1618,1599 1618,1591 1619,1591 1619,1587 1620,1587 1620,1586 1621,1586 1621,1585 1622,1585 1622,1584 1623,1584 1623,1583 1624,1583 1624,1582 1631,1582 1631,1583 1634,1583 1634,1584 1635,1584 1635,1585 1636,1585 1636,1586 1637,1586 1637,1600 1652,1600 1652,1601 1655,1601 1655,1602 1656,1602 1656,1603 1657,1603 1657,1604 1658,1604 1658,1605 1659,1605 1659,1608 1660,1608 1659,1608 1659,1609 1658,1609 1658,1610 1655,1610 1655,1625 1654,1625 1654,1628 1653,1628 1653,1629 1652,1629 1652,1630 1651,1630 1651,1631 1648,1631 1648,1632 1645,1632 1645,1630 1644,1630 1644,1628 1556,1628 1556,1627 1488,1627 1488,1626 1354,1626 1354,1631 1353,1631 1353,1633 1352,1633 1352,1635 1351,1635 1351,1638 1350,1638 1350,1639 1349,1639 1349,1640 1346,1640 1346,1639 1345,1639 1345,1625 1198,1625 1198,1626 1196,1626 1196,1627 1192,1627 1192,1626 1191,1626 1191,1624 1167,1624 1167,1623 1064,1623 1064,1625 1063,1625 1063,1627 1061,1627 1061,1628 1060,1628 1060,1629 1059,1629 1059,1630 1058,1630 1058,1631 991,1631 991,1632 989,1632 989,1634 986,1634 986,1635 982,1635 982,1636 979,1636 979,1635 978,1635 978,1634 977,1634 977,1633 976,1633 976,1623 845,1623 845,1624 844,1624 844,1625 843,1625 843,1631 842,1631 842,1632 841,1632 841,1631 840,1631 840,1627 751,1627 751,1626 749,1626 749,1623 720,1623 720,1622 655,1622 655,1621 462,1621 462,1623 461,1623 461,1624 460,1624 460,1625 454,1625 454,1624 453,1624 453,1622 428,1622 428,1621 321,1621 321,1625 320,1625 320,1631 319,1631 319,1636 314,1636 314,1634 313,1634 313,1620 256,1620 256,1619 250,1619 250,1618 249,1618 249,1617 248,1617 248,1616 247,1616 247,1615 246,1615 246,1614 245,1614 245,1612 244,1612 244,1607 245,1607 245,1604 246,1604 246,1602 247,1602 247,1600 248,1600 248,1599 249,1599 249,1598 250,1598 250,1597 251,1597 251,1596 252,1596 252,1595 254,1595 254,1594 258,1594 258,1593 263,1593 263,1592 423,1592 423,1574 424,1574 424,1572 426,1572 426,1571"/>
	<Word id="r155">
	<Coords points="428,1571 428,1572 429,1572 429,1574 430,1574 430,1575 431,1575 431,1577 432,1577 432,1578 433,1578 433,1581 434,1581 434,1584 435,1584 435,1587 436,1587 436,1593 459,1593 459,1594 461,1594 461,1595 465,1595 465,1596 466,1596 466,1597 467,1597 467,1598 468,1598 468,1600 469,1600 469,1602 468,1602 468,1603 467,1603 467,1604 463,1604 463,1621 462,1621 462,1623 461,1623 461,1624 460,1624 460,1625 454,1625 454,1624 453,1624 453,1622 428,1622 428,1621 321,1621 321,1625 320,1625 320,1631 319,1631 319,1636 314,1636 314,1634 313,1634 313,1620 256,1620 256,1619 250,1619 250,1618 249,1618 249,1617 248,1617 248,1616 247,1616 247,1615 246,1615 246,1614 245,1614 245,1612 244,1612 244,1607 245,1607 245,1604 246,1604 246,1602 247,1602 247,1600 248,1600 248,1599 249,1599 249,1598 250,1598 250,1597 251,1597 251,1596 252,1596 252,1595 254,1595 254,1594 258,1594 258,1593 263,1593 263,1592 423,1592 423,1574 424,1574 424,1572 426,1572 426,1571"/>
	<TextEquiv>
	<Unicode>στρατὸς</Unicode></TextEquiv></Word>
	<Word id="r156">
	<Coords points="666,1576 666,1577 668,1577 668,1578 670,1578 670,1579 671,1579 671,1581 672,1581 672,1582 673,1582 673,1594 728,1594 728,1595 756,1595 756,1596 759,1596 759,1597 761,1597 761,1598 763,1598 763,1600 764,1600 764,1604 762,1604 762,1605 759,1605 759,1621 758,1621 758,1623 757,1623 757,1624 756,1624 756,1625 754,1625 754,1626 751,1626 751,1627 751,1626 749,1626 749,1623 720,1623 720,1622 655,1622 655,1621 526,1621 526,1620 525,1620 525,1604 518,1604 518,1603 517,1603 517,1598 518,1598 518,1596 520,1596 520,1595 522,1595 522,1594 631,1594 631,1593 654,1593 654,1582 655,1582 655,1581 656,1581 656,1579 657,1579 657,1578 658,1578 658,1577 662,1577 662,1576"/>
	<TextEquiv>
	<Unicode>τοσοῦτος</Unicode></TextEquiv></Word>
	<Word id="r157">
	<Coords points="932,1573 932,1574 935,1574 935,1575 936,1575 936,1576 986,1576 986,1577 987,1577 987,1581 1001,1581 1001,1582 1002,1582 1002,1583 1003,1583 1003,1595 1018,1595 1018,1596 1020,1596 1020,1597 1048,1597 1048,1598 1049,1598 1049,1614 1062,1614 1062,1615 1063,1615 1063,1616 1064,1616 1064,1619 1065,1619 1065,1623 1064,1623 1064,1625 1063,1625 1063,1627 1061,1627 1061,1628 1060,1628 1060,1629 1059,1629 1059,1630 1058,1630 1058,1631 991,1631 991,1632 989,1632 989,1634 986,1634 986,1635 982,1635 982,1636 979,1636 979,1635 978,1635 978,1634 977,1634 977,1633 976,1633 976,1623 845,1623 845,1624 844,1624 844,1625 843,1625 843,1631 842,1631 842,1632 841,1632 841,1631 840,1631 840,1623 823,1623 823,1622 822,1622 822,1621 820,1621 820,1620 819,1620 819,1619 818,1619 818,1618 817,1618 817,1615 816,1615 816,1613 815,1613 815,1610 816,1610 816,1607 817,1607 817,1605 818,1605 818,1603 819,1603 819,1602 820,1602 820,1600 822,1600 822,1598 824,1598 824,1597 826,1597 826,1596 827,1596 827,1577 828,1577 828,1576 829,1576 829,1575 832,1575 832,1574 931,1574 931,1573"/>
	<TextEquiv>
	<Unicode>ἐβάδιζεν,</Unicode></TextEquiv></Word>
	<Word id="r158">
	<Coords points="1143,1575 1143,1576 1144,1576 1144,1595 1199,1595 1199,1596 1202,1596 1202,1597 1203,1597 1203,1598 1204,1598 1204,1599 1205,1599 1205,1600 1206,1600 1206,1602 1207,1602 1207,1603 1206,1603 1206,1605 1205,1605 1205,1606 1201,1606 1201,1623 1200,1623 1200,1624 1199,1624 1199,1625 1198,1625 1198,1626 1196,1626 1196,1627 1192,1627 1192,1626 1191,1626 1191,1624 1167,1624 1167,1623 1124,1623 1124,1622 1122,1622 1122,1621 1120,1621 1120,1620 1119,1620 1119,1619 1118,1619 1118,1617 1117,1617 1117,1614 1116,1614 1116,1609 1117,1609 1117,1605 1118,1605 1118,1604 1119,1604 1119,1602 1121,1602 1121,1601 1122,1601 1122,1600 1123,1600 1123,1581 1124,1581 1124,1580 1125,1580 1125,1579 1126,1579 1126,1578 1127,1578 1127,1577 1138,1577 1138,1576 1139,1576 1139,1575"/>
	<TextEquiv>
	<Unicode>ἕως</Unicode></TextEquiv></Word>
	<Word id="r159">
	<Coords points="1300,1575 1300,1576 1301,1576 1301,1577 1302,1577 1302,1578 1301,1578 1301,1580 1300,1580 1300,1581 1299,1581 1299,1590 1298,1590 1298,1615 1297,1615 1297,1618 1296,1618 1296,1619 1295,1619 1295,1621 1294,1621 1294,1623 1293,1623 1293,1624 1292,1624 1292,1625 1264,1625 1264,1624 1261,1624 1261,1623 1258,1623 1258,1622 1257,1622 1257,1621 1256,1621 1256,1620 1255,1620 1255,1618 1254,1618 1254,1608 1255,1608 1255,1605 1256,1605 1256,1604 1257,1604 1257,1602 1258,1602 1258,1601 1259,1601 1259,1600 1260,1600 1260,1599 1261,1599 1261,1598 1262,1598 1262,1597 1264,1597 1264,1596 1290,1596 1290,1580 1291,1580 1291,1578 1292,1578 1292,1577 1293,1577 1293,1576 1294,1576 1294,1575"/>
	<TextEquiv>
	<Unicode>οἱ</Unicode></TextEquiv></Word>
	<Word id="r160">
	<Coords points="1395,1576 1395,1577 1398,1577 1398,1578 1399,1578 1399,1580 1400,1580 1400,1582 1401,1582 1401,1584 1402,1584 1402,1587 1403,1587 1403,1591 1404,1591 1404,1593 1405,1593 1405,1598 1435,1598 1435,1599 1436,1599 1436,1600 1437,1600 1437,1606 1436,1606 1436,1610 1435,1610 1435,1611 1434,1611 1434,1612 1433,1612 1433,1613 1432,1613 1432,1615 1431,1615 1431,1616 1430,1616 1430,1617 1429,1617 1429,1618 1428,1618 1428,1619 1427,1619 1427,1620 1426,1620 1426,1621 1424,1621 1424,1622 1423,1622 1423,1623 1420,1623 1420,1624 1417,1624 1417,1625 1414,1625 1414,1626 1354,1626 1354,1631 1353,1631 1353,1633 1352,1633 1352,1635 1351,1635 1351,1638 1350,1638 1350,1639 1349,1639 1349,1640 1346,1640 1346,1639 1345,1639 1345,1635 1346,1635 1346,1632 1347,1632 1347,1628 1348,1628 1348,1626 1349,1626 1349,1623 1350,1623 1350,1620 1351,1620 1351,1616 1352,1616 1352,1613 1353,1613 1353,1610 1354,1610 1354,1606 1355,1606 1355,1602 1356,1602 1356,1599 1357,1599 1357,1598 1360,1598 1360,1597 1392,1597 1392,1577 1394,1577 1394,1576"/>
	<TextEquiv>
	<Unicode>μὲν</Unicode></TextEquiv></Word>
	<Word id="r161">
	<Coords points="1499,1576 1499,1577 1501,1577 1501,1578 1502,1578 1502,1579 1503,1579 1503,1600 1605,1600 1605,1599 1618,1599 1618,1591 1619,1591 1619,1587 1620,1587 1620,1586 1621,1586 1621,1585 1622,1585 1622,1584 1623,1584 1623,1583 1624,1583 1624,1582 1631,1582 1631,1583 1634,1583 1634,1584 1635,1584 1635,1585 1636,1585 1636,1586 1637,1586 1637,1600 1652,1600 1652,1601 1655,1601 1655,1602 1656,1602 1656,1603 1657,1603 1657,1604 1658,1604 1658,1605 1659,1605 1659,1608 1660,1608 1659,1608 1659,1609 1658,1609 1658,1610 1655,1610 1655,1625 1654,1625 1654,1628 1653,1628 1653,1629 1652,1629 1652,1630 1651,1630 1651,1631 1648,1631 1648,1632 1645,1632 1645,1630 1644,1630 1644,1628 1556,1628 1556,1627 1488,1627 1488,1626 1486,1626 1486,1625 1485,1625 1485,1623 1484,1623 1484,1617 1485,1617 1485,1613 1486,1613 1486,1610 1487,1610 1487,1608 1488,1608 1488,1603 1489,1603 1489,1601 1490,1601 1490,1584 1491,1584 1491,1580 1492,1580 1492,1579 1493,1579 1493,1578 1494,1578 1494,1577 1496,1577 1496,1576"/>
	<TextEquiv>
	<Unicode>ἱππεῖς</Unicode></TextEquiv></Word>
	<TextEquiv>
	<Unicode>στρατὸς τοσοῦτος ἐβάδιζεν, ἕως οἱ μὲν ἱππεῖς</Unicode></TextEquiv></TextLine>
	<TextLine id="r24">
	<Coords points="386,1639 387,1639 387,1640 389,1640 389,1661 487,1661 487,1662 489,1662 489,1663 654,1663 654,1644 656,1644 656,1643 657,1643 657,1642 661,1642 661,1643 663,1643 663,1644 664,1644 664,1646 665,1646 665,1663 785,1663 785,1654 786,1654 786,1652 787,1652 787,1650 788,1650 788,1648 789,1648 789,1647 790,1647 790,1645 791,1645 791,1643 792,1643 792,1642 793,1642 793,1641 796,1641 796,1642 797,1642 797,1649 840,1649 840,1650 844,1650 844,1651 845,1651 845,1652 846,1652 846,1653 847,1653 847,1654 848,1654 848,1655 849,1655 849,1656 850,1656 850,1657 851,1657 851,1659 852,1659 852,1660 853,1660 853,1663 854,1663 854,1664 1023,1664 1023,1643 1024,1643 1024,1642 1026,1642 1026,1641 1027,1641 1027,1642 1028,1642 1028,1643 1029,1643 1029,1645 1030,1645 1030,1647 1031,1647 1031,1651 1032,1651 1032,1653 1033,1653 1033,1657 1034,1657 1034,1664 1173,1664 1173,1651 1174,1651 1174,1650 1179,1650 1179,1651 1184,1651 1184,1652 1286,1652 1286,1650 1287,1650 1287,1648 1288,1648 1288,1646 1289,1646 1289,1644 1290,1644 1290,1643 1292,1643 1292,1642 1294,1642 1294,1643 1295,1643 1295,1644 1296,1644 1296,1665 1468,1665 1468,1649 1469,1649 1469,1648 1470,1648 1470,1646 1472,1646 1472,1645 1477,1645 1477,1646 1478,1646 1478,1647 1479,1647 1479,1667 1592,1667 1592,1654 1593,1654 1593,1652 1594,1652 1594,1651 1595,1651 1595,1650 1596,1650 1596,1649 1598,1649 1598,1648 1644,1648 1644,1647 1647,1647 1647,1646 1647,1647 1648,1647 1648,1648 1649,1648 1649,1649 1650,1649 1650,1650 1651,1650 1651,1653 1652,1653 1652,1655 1653,1655 1653,1658 1654,1658 1654,1660 1655,1660 1655,1684 1658,1684 1658,1685 1659,1685 1659,1688 1658,1688 1658,1690 1657,1690 1657,1692 1656,1692 1656,1693 1655,1693 1655,1694 1654,1694 1654,1695 1652,1695 1652,1696 1609,1696 1609,1699 1608,1699 1608,1700 1607,1700 1607,1702 1606,1702 1606,1703 1605,1703 1605,1704 1604,1704 1604,1705 1603,1705 1603,1706 1602,1706 1602,1707 1599,1707 1599,1708 1596,1708 1596,1707 1592,1707 1592,1705 1591,1705 1591,1696 1522,1696 1522,1695 1395,1695 1395,1696 1394,1696 1394,1697 1393,1697 1393,1699 1392,1699 1392,1700 1391,1700 1391,1701 1389,1701 1389,1702 1385,1702 1385,1701 1384,1701 1384,1697 1366,1697 1366,1696 1365,1696 1365,1693 1244,1693 1244,1695 1243,1695 1243,1702 1242,1702 1242,1703 1241,1703 1241,1705 1239,1705 1239,1706 1239,1705 1238,1705 1238,1704 1237,1704 1237,1692 1061,1692 1061,1693 1060,1693 1060,1694 1059,1694 1059,1695 1057,1695 1057,1696 1055,1696 1055,1697 1052,1697 1052,1696 1051,1696 1051,1692 1022,1692 1022,1691 892,1691 892,1704 891,1704 891,1705 890,1705 890,1706 888,1706 888,1707 882,1707 882,1706 881,1706 881,1705 880,1705 880,1691 778,1691 778,1690 576,1690 576,1691 487,1691 487,1693 486,1693 486,1696 485,1696 485,1700 484,1700 484,1701 483,1701 483,1702 482,1702 482,1703 481,1703 481,1702 480,1702 480,1701 479,1701 479,1689 319,1689 319,1693 318,1693 318,1698 317,1698 317,1703 316,1703 316,1704 315,1704 315,1705 313,1705 313,1704 312,1704 312,1689 250,1689 250,1674 244,1674 244,1672 243,1672 244,1672 244,1666 245,1666 245,1665 246,1665 246,1664 247,1664 247,1663 250,1663 250,1662 301,1662 301,1661 378,1661 378,1652 379,1652 379,1650 380,1650 380,1646 381,1646 381,1644 382,1644 382,1642 383,1642 383,1640 386,1640"/>
	<Word id="r162">
	<Coords points="387,1639 387,1640 389,1640 389,1661 487,1661 487,1662 489,1662 489,1663 596,1663 596,1664 598,1664 598,1665 599,1665 599,1672 598,1672 598,1673 597,1673 597,1675 596,1675 596,1677 595,1677 595,1678 594,1678 594,1679 593,1679 593,1681 592,1681 592,1682 591,1682 591,1683 589,1683 589,1684 588,1684 588,1685 587,1685 587,1686 586,1686 586,1687 584,1687 584,1688 582,1688 582,1689 580,1689 580,1690 576,1690 576,1691 487,1691 487,1693 486,1693 486,1696 485,1696 485,1700 484,1700 484,1701 483,1701 483,1702 482,1702 482,1703 481,1703 481,1702 480,1702 480,1701 479,1701 479,1689 319,1689 319,1693 318,1693 318,1698 317,1698 317,1703 316,1703 316,1704 315,1704 315,1705 313,1705 313,1704 312,1704 312,1689 250,1689 250,1674 244,1674 244,1672 243,1672 244,1672 244,1666 245,1666 245,1665 246,1665 246,1664 247,1664 247,1663 250,1663 250,1662 301,1662 301,1661 378,1661 378,1652 379,1652 379,1650 380,1650 380,1646 381,1646 381,1644 382,1644 382,1642 383,1642 383,1640 386,1640 386,1639"/>
	<TextEquiv>
	<Unicode>περιέστησαν</Unicode></TextEquiv></Word>
	<Word id="r163">
	<Coords points="661,1642 661,1643 663,1643 663,1644 664,1644 664,1646 665,1646 665,1663 693,1663 693,1665 694,1665 694,1667 693,1667 693,1672 692,1672 692,1674 691,1674 691,1676 690,1676 690,1677 689,1677 689,1678 688,1678 688,1679 687,1679 687,1681 685,1681 685,1682 684,1682 684,1683 683,1683 683,1684 682,1684 682,1685 681,1685 681,1686 679,1686 679,1688 676,1688 676,1689 672,1689 672,1690 651,1690 651,1689 648,1689 648,1688 646,1688 646,1686 645,1686 645,1685 644,1685 644,1684 643,1684 643,1674 644,1674 644,1673 645,1673 645,1670 646,1670 646,1669 647,1669 647,1668 648,1668 648,1667 649,1667 649,1666 651,1666 651,1665 652,1665 652,1664 653,1664 653,1663 654,1663 654,1644 656,1644 656,1643 657,1643 657,1642"/>
	<TextEquiv>
	<Unicode>ἐν</Unicode></TextEquiv></Word>
	<Word id="r164">
	<Coords points="796,1641 796,1642 797,1642 797,1649 840,1649 840,1650 844,1650 844,1651 845,1651 845,1652 846,1652 846,1653 847,1653 847,1654 848,1654 848,1655 849,1655 849,1656 850,1656 850,1657 851,1657 851,1659 852,1659 852,1660 853,1660 853,1663 854,1663 854,1664 903,1664 903,1665 905,1665 905,1666 906,1666 906,1667 907,1667 907,1668 908,1668 908,1670 909,1670 909,1680 908,1680 908,1682 907,1682 907,1684 906,1684 906,1685 905,1685 905,1687 903,1687 903,1688 902,1688 902,1689 900,1689 900,1690 892,1690 892,1704 891,1704 891,1705 890,1705 890,1706 888,1706 888,1707 882,1707 882,1706 881,1706 881,1705 880,1705 880,1691 778,1691 778,1690 735,1690 735,1687 736,1687 736,1685 737,1685 737,1682 738,1682 738,1680 739,1680 739,1673 740,1673 740,1671 741,1671 741,1668 742,1668 742,1666 743,1666 743,1665 744,1665 744,1664 759,1664 759,1663 785,1663 785,1654 786,1654 786,1652 787,1652 787,1650 788,1650 788,1648 789,1648 789,1647 790,1647 790,1645 791,1645 791,1643 792,1643 792,1642 793,1642 793,1641"/>
	<TextEquiv>
	<Unicode>κύκλῳ</Unicode></TextEquiv></Word>
	<Word id="r165">
	<Coords points="1027,1641 1027,1642 1028,1642 1028,1643 1029,1643 1029,1645 1030,1645 1030,1647 1031,1647 1031,1651 1032,1651 1032,1653 1033,1653 1033,1657 1034,1657 1034,1664 1056,1664 1056,1665 1061,1665 1061,1666 1062,1666 1062,1667 1063,1667 1063,1668 1065,1668 1065,1669 1066,1669 1066,1670 1067,1670 1067,1672 1068,1672 1067,1672 1067,1674 1066,1674 1066,1675 1062,1675 1062,1692 1061,1692 1061,1693 1060,1693 1060,1694 1059,1694 1059,1695 1057,1695 1057,1696 1055,1696 1055,1697 1052,1697 1052,1696 1051,1696 1051,1692 1022,1692 1022,1691 962,1691 962,1690 960,1690 960,1689 959,1689 959,1673 951,1673 951,1668 952,1668 952,1666 953,1666 953,1665 955,1665 955,1664 1023,1664 1023,1643 1024,1643 1024,1642 1026,1642 1026,1641"/>
	<TextEquiv>
	<Unicode>τοὺς</Unicode></TextEquiv></Word>
	<Word id="r166">
	<Coords points="1294,1642 1294,1643 1295,1643 1295,1644 1296,1644 1296,1665 1373,1665 1373,1666 1376,1666 1376,1667 1378,1667 1378,1668 1380,1668 1380,1669 1381,1669 1381,1672 1382,1672 1382,1685 1393,1685 1393,1686 1394,1686 1394,1687 1395,1687 1395,1689 1396,1689 1396,1693 1395,1693 1395,1696 1394,1696 1394,1697 1393,1697 1393,1699 1392,1699 1392,1700 1391,1700 1391,1701 1389,1701 1389,1702 1385,1702 1385,1701 1384,1701 1384,1697 1366,1697 1366,1696 1365,1696 1365,1693 1244,1693 1244,1695 1243,1695 1243,1702 1242,1702 1242,1703 1241,1703 1241,1705 1239,1705 1239,1706 1239,1705 1238,1705 1238,1704 1237,1704 1237,1692 1110,1692 1110,1691 1108,1691 1108,1676 1102,1676 1102,1674 1101,1674 1101,1673 1102,1673 1102,1669 1103,1669 1103,1668 1104,1668 1104,1667 1105,1667 1105,1666 1106,1666 1106,1665 1108,1665 1108,1664 1173,1664 1173,1651 1174,1651 1174,1650 1179,1650 1179,1651 1184,1651 1184,1652 1286,1652 1286,1650 1287,1650 1287,1648 1288,1648 1288,1646 1289,1646 1289,1644 1290,1644 1290,1643 1292,1643 1292,1642"/>
	<TextEquiv>
	<Unicode>πολεμίους,</Unicode></TextEquiv></Word>
	<Word id="r167">
	<Coords points="1477,1645 1477,1646 1478,1646 1478,1647 1479,1647 1479,1650 1478,1650 1478,1651 1476,1651 1476,1661 1474,1661 1474,1689 1473,1689 1473,1691 1472,1691 1472,1692 1471,1692 1471,1693 1470,1693 1470,1694 1468,1694 1468,1695 1441,1695 1441,1694 1439,1694 1439,1693 1437,1693 1437,1692 1436,1692 1436,1691 1435,1691 1435,1690 1434,1690 1434,1689 1433,1689 1433,1685 1432,1685 1432,1680 1433,1680 1433,1676 1434,1676 1434,1675 1435,1675 1435,1674 1436,1674 1436,1672 1437,1672 1437,1671 1438,1671 1438,1670 1440,1670 1440,1669 1441,1669 1441,1668 1443,1668 1443,1667 1468,1667 1468,1649 1469,1649 1469,1648 1470,1648 1470,1646 1472,1646 1472,1645"/>
	<TextEquiv>
	<Unicode>οἱ</Unicode></TextEquiv></Word>
	<Word id="r168">
	<Coords points="1647,1647 1648,1647 1648,1648 1649,1648 1649,1649 1650,1649 1650,1650 1651,1650 1651,1653 1652,1653 1652,1655 1653,1655 1653,1658 1654,1658 1654,1660 1655,1660 1655,1684 1658,1684 1658,1685 1659,1685 1659,1688 1658,1688 1658,1690 1657,1690 1657,1692 1656,1692 1656,1693 1655,1693 1655,1694 1654,1694 1654,1695 1652,1695 1652,1696 1609,1696 1609,1699 1608,1699 1608,1700 1607,1700 1607,1702 1606,1702 1606,1703 1605,1703 1605,1704 1604,1704 1604,1705 1603,1705 1603,1706 1602,1706 1602,1707 1599,1707 1599,1708 1596,1708 1596,1707 1592,1707 1592,1705 1591,1705 1591,1696 1522,1696 1522,1695 1521,1695 1521,1681 1516,1681 1516,1679 1515,1679 1515,1675 1516,1675 1516,1672 1517,1672 1517,1671 1518,1671 1518,1670 1519,1670 1519,1669 1526,1669 1526,1668 1575,1668 1575,1667 1592,1667 1592,1654 1593,1654 1593,1652 1594,1652 1594,1651 1595,1651 1595,1650 1596,1650 1596,1649 1598,1649 1598,1648 1644,1648 1644,1647 1647,1647 1647,1646"/>
	<TextEquiv>
	<Unicode>πεζοὶ</Unicode></TextEquiv></Word>
	<TextEquiv>
	<Unicode>περιέστησαν ἐν κύκλῳ τοὺς πολεμίους, οἱ πεζοὶ</Unicode></TextEquiv></TextLine>
	<TextLine id="r26">
	<Coords points="279,1707 279,1708 281,1708 281,1709 479,1709 479,1710 481,1710 481,1711 482,1711 482,1714 483,1714 483,1717 484,1717 484,1718 485,1718 485,1721 486,1721 486,1730 614,1730 614,1724 615,1724 615,1723 616,1723 616,1722 617,1722 617,1719 618,1719 618,1717 619,1717 619,1715 620,1715 620,1713 621,1713 621,1712 622,1712 622,1710 624,1710 624,1709 627,1709 627,1710 628,1710 628,1714 659,1714 659,1715 660,1715 660,1717 661,1717 661,1731 724,1731 724,1732 847,1732 847,1714 848,1714 848,1713 849,1713 849,1712 850,1712 850,1711 853,1711 853,1712 855,1712 855,1713 856,1713 856,1714 1011,1714 1011,1712 1012,1712 1012,1711 1087,1711 1087,1710 1091,1710 1091,1711 1092,1711 1092,1733 1237,1733 1237,1734 1239,1734 1239,1735 1241,1735 1241,1736 1343,1736 1343,1734 1344,1734 1344,1732 1345,1732 1345,1729 1346,1729 1346,1727 1347,1727 1347,1725 1348,1725 1348,1723 1349,1723 1349,1722 1350,1722 1350,1720 1351,1720 1351,1719 1352,1719 1352,1717 1354,1717 1354,1716 1356,1716 1356,1715 1359,1715 1359,1714 1367,1714 1367,1715 1369,1715 1369,1716 1472,1716 1472,1715 1473,1715 1473,1714 1475,1714 1475,1713 1480,1713 1480,1714 1598,1714 1598,1715 1599,1715 1599,1716 1600,1716 1600,1737 1654,1737 1654,1738 1657,1738 1657,1740 1658,1740 1658,1743 1655,1743 1655,1762 1654,1762 1654,1763 1653,1763 1653,1764 1616,1764 1616,1765 1587,1765 1587,1764 1431,1764 1431,1768 1430,1768 1430,1772 1429,1772 1429,1773 1428,1773 1428,1774 1426,1774 1426,1775 1419,1775 1419,1776 1418,1776 1418,1777 1417,1777 1417,1778 1416,1778 1416,1779 1410,1779 1410,1778 1409,1778 1409,1773 1334,1773 1334,1772 1333,1772 1333,1761 1051,1761 1051,1762 1050,1762 1050,1763 1049,1763 1049,1772 1048,1772 1048,1775 1047,1775 1047,1777 1046,1777 1046,1778 1044,1778 1044,1760 845,1760 845,1759 679,1759 679,1764 678,1764 678,1769 677,1769 677,1770 649,1770 649,1773 648,1773 648,1774 643,1774 643,1759 489,1759 489,1761 488,1761 488,1765 487,1765 487,1767 486,1767 486,1769 483,1769 483,1768 482,1768 482,1758 344,1758 344,1757 250,1757 250,1756 249,1756 249,1755 248,1755 248,1754 246,1754 246,1751 245,1751 245,1749 244,1749 244,1742 245,1742 245,1740 246,1740 246,1738 247,1738 247,1736 248,1736 248,1735 249,1735 249,1734 250,1734 250,1711 251,1711 251,1710 252,1710 252,1709 253,1709 253,1708 274,1708 274,1707"/>
	<Word id="r169">
	<Coords points="279,1707 279,1708 281,1708 281,1709 282,1709 282,1710 283,1710 283,1719 282,1719 282,1720 281,1720 281,1721 277,1721 277,1722 270,1722 270,1745 269,1745 269,1748 268,1748 268,1750 266,1750 266,1751 265,1751 265,1753 264,1753 264,1754 263,1754 263,1755 261,1755 261,1756 259,1756 259,1757 250,1757 250,1756 249,1756 249,1755 248,1755 248,1754 246,1754 246,1751 245,1751 245,1749 244,1749 244,1742 245,1742 245,1740 246,1740 246,1738 247,1738 247,1736 248,1736 248,1735 249,1735 249,1734 250,1734 250,1711 251,1711 251,1710 252,1710 252,1709 253,1709 253,1708 274,1708 274,1707"/>
	<TextEquiv>
	<Unicode>δ᾽</Unicode></TextEquiv></Word>
	<Word id="r170">
	<Coords points="385,1709 385,1710 387,1710 387,1712 388,1712 388,1714 389,1714 389,1716 390,1716 390,1718 391,1718 391,1720 392,1720 392,1722 393,1722 393,1725 394,1725 394,1746 397,1746 397,1747 398,1747 398,1748 397,1748 397,1750 396,1750 396,1753 394,1753 394,1755 393,1755 393,1756 391,1756 391,1758 344,1758 344,1757 322,1757 322,1756 318,1756 318,1755 316,1755 316,1754 315,1754 315,1753 314,1753 314,1751 313,1751 313,1750 312,1750 312,1745 311,1745 311,1744 312,1744 312,1741 313,1741 313,1738 314,1738 314,1736 315,1736 315,1734 317,1734 317,1733 318,1733 318,1732 319,1732 319,1731 321,1731 321,1730 323,1730 323,1729 324,1729 324,1710 325,1710 325,1709"/>
	<TextEquiv>
	<Unicode>ἐπὶ</Unicode></TextEquiv></Word>
	<Word id="r171">
	<Coords points="479,1709 479,1710 481,1710 481,1711 482,1711 482,1714 483,1714 483,1717 484,1717 484,1718 485,1718 485,1721 486,1721 486,1731 526,1731 526,1732 527,1732 527,1734 528,1734 528,1737 527,1737 527,1741 526,1741 526,1743 525,1743 525,1744 524,1744 524,1745 523,1745 523,1746 522,1746 522,1747 521,1747 521,1748 520,1748 520,1749 519,1749 519,1750 518,1750 518,1752 517,1752 517,1753 516,1753 516,1754 514,1754 514,1755 512,1755 512,1756 510,1756 510,1757 508,1757 508,1758 505,1758 505,1759 489,1759 489,1761 488,1761 488,1765 487,1765 487,1767 486,1767 486,1769 483,1769 483,1768 482,1768 482,1758 445,1758 445,1757 444,1757 444,1756 443,1756 443,1741 436,1741 436,1740 435,1740 435,1734 436,1734 436,1732 437,1732 437,1731 439,1731 439,1730 476,1730 476,1710 477,1710 477,1709"/>
	<TextEquiv>
	<Unicode>τὴν</Unicode></TextEquiv></Word>
	<Word id="r172">
	<Coords points="627,1709 627,1710 628,1710 628,1714 659,1714 659,1715 660,1715 660,1717 661,1717 661,1731 724,1731 724,1732 760,1732 760,1733 761,1733 761,1734 762,1734 762,1737 761,1737 761,1742 760,1742 760,1743 759,1743 759,1746 757,1746 757,1747 756,1747 756,1749 755,1749 755,1750 754,1750 754,1751 753,1751 753,1752 752,1752 752,1753 751,1753 751,1754 749,1754 749,1755 744,1755 744,1756 743,1756 743,1758 742,1758 742,1759 679,1759 679,1764 678,1764 678,1769 677,1769 677,1770 649,1770 649,1773 648,1773 648,1774 643,1774 643,1759 574,1759 574,1758 573,1758 573,1757 572,1757 572,1743 566,1743 566,1742 565,1742 565,1741 564,1741 564,1735 565,1735 565,1734 566,1734 566,1732 568,1732 568,1731 570,1731 570,1730 614,1730 614,1724 615,1724 615,1723 616,1723 616,1722 617,1722 617,1719 618,1719 618,1717 619,1717 619,1715 620,1715 620,1713 621,1713 621,1712 622,1712 622,1710 624,1710 624,1709"/>
	<TextEquiv>
	<Unicode>τάφρον</Unicode></TextEquiv></Word>
	<Word id="r173">
	<Coords points="853,1711 853,1712 855,1712 855,1713 856,1713 856,1714 924,1714 924,1715 927,1715 927,1716 928,1716 928,1717 929,1717 929,1718 930,1718 930,1720 931,1720 931,1732 966,1732 966,1734 967,1734 967,1736 968,1736 968,1739 967,1739 967,1743 966,1743 966,1745 965,1745 965,1746 964,1746 964,1747 963,1747 963,1748 962,1748 962,1750 961,1750 961,1751 960,1751 960,1752 959,1752 959,1754 957,1754 957,1755 955,1755 955,1756 954,1756 954,1757 952,1757 952,1758 950,1758 950,1759 947,1759 947,1760 845,1760 845,1759 842,1759 842,1758 805,1758 805,1757 803,1757 803,1756 802,1756 802,1755 801,1755 801,1754 800,1754 800,1751 799,1751 800,1751 800,1747 801,1747 801,1744 802,1744 802,1741 804,1741 804,1739 805,1739 805,1738 807,1738 807,1736 808,1736 808,1735 809,1735 809,1734 812,1734 812,1733 847,1733 847,1714 848,1714 848,1713 849,1713 849,1712 850,1712 850,1711"/>
	<TextEquiv>
	<Unicode>αὐτῶν</Unicode></TextEquiv></Word>
	<Word id="r174">
	<Coords points="1091,1710 1091,1711 1092,1711 1092,1733 1237,1733 1237,1734 1239,1734 1239,1735 1241,1735 1241,1736 1242,1736 1242,1737 1243,1737 1243,1738 1244,1738 1244,1740 1245,1740 1245,1743 1246,1743 1246,1751 1258,1751 1258,1752 1259,1752 1259,1753 1260,1753 1260,1754 1261,1754 1261,1758 1260,1758 1260,1759 1259,1759 1259,1760 1258,1760 1258,1761 1051,1761 1051,1762 1050,1762 1050,1763 1049,1763 1049,1772 1048,1772 1048,1775 1047,1775 1047,1777 1046,1777 1046,1778 1044,1778 1044,1759 1001,1759 1001,1758 999,1758 999,1757 997,1757 997,1756 996,1756 996,1753 995,1753 995,1750 996,1750 996,1746 997,1746 997,1744 998,1744 998,1742 999,1742 999,1741 1000,1741 1000,1739 1001,1739 1001,1738 1002,1738 1002,1737 1003,1737 1003,1736 1005,1736 1005,1735 1006,1735 1006,1734 1008,1734 1008,1733 1010,1733 1010,1714 1011,1714 1011,1712 1012,1712 1012,1711 1087,1711 1087,1710"/>
	<TextEquiv>
	<Unicode>ἀφίκοντο.</Unicode></TextEquiv></Word>
	<Word id="r175">
	<Coords points="1367,1714 1367,1715 1369,1715 1369,1716 1371,1716 1371,1717 1372,1717 1372,1718 1430,1718 1430,1719 1431,1719 1431,1720 1433,1720 1433,1722 1434,1722 1434,1723 1435,1723 1435,1726 1436,1726 1436,1740 1437,1740 1437,1744 1438,1744 1437,1744 1437,1749 1436,1749 1436,1751 1435,1751 1435,1755 1434,1755 1434,1758 1433,1758 1433,1762 1432,1762 1432,1764 1431,1764 1431,1768 1430,1768 1430,1772 1429,1772 1429,1773 1428,1773 1428,1774 1426,1774 1426,1775 1419,1775 1419,1776 1418,1776 1418,1777 1417,1777 1417,1778 1416,1778 1416,1779 1410,1779 1410,1778 1409,1778 1409,1773 1334,1773 1334,1772 1333,1772 1333,1765 1334,1765 1334,1763 1335,1763 1335,1760 1336,1760 1336,1758 1337,1758 1337,1755 1338,1755 1338,1752 1339,1752 1339,1748 1340,1748 1340,1744 1341,1744 1341,1741 1342,1741 1342,1738 1343,1738 1343,1734 1344,1734 1344,1732 1345,1732 1345,1729 1346,1729 1346,1727 1347,1727 1347,1725 1348,1725 1348,1723 1349,1723 1349,1722 1350,1722 1350,1720 1351,1720 1351,1719 1352,1719 1352,1717 1354,1717 1354,1716 1356,1716 1356,1715 1359,1715 1359,1714"/>
	<TextEquiv>
	<Unicode>βοῇ</Unicode></TextEquiv></Word>
	<Word id="r176">
	<Coords points="1480,1713 1480,1714 1506,1714 1506,1715 1507,1715 1507,1717 1508,1717 1508,1720 1509,1720 1509,1722 1510,1722 1510,1724 1511,1724 1511,1728 1512,1728 1512,1737 1514,1737 1514,1738 1515,1738 1515,1740 1516,1740 1516,1741 1515,1741 1515,1742 1513,1742 1513,1762 1511,1762 1511,1763 1507,1763 1507,1764 1505,1764 1505,1763 1502,1763 1502,1762 1474,1762 1474,1761 1470,1761 1470,1760 1469,1760 1469,1759 1468,1759 1468,1758 1467,1758 1467,1754 1466,1754 1466,1752 1465,1752 1465,1748 1466,1748 1466,1746 1467,1746 1467,1744 1468,1744 1468,1742 1469,1742 1469,1741 1470,1741 1470,1719 1471,1719 1471,1716 1472,1716 1472,1715 1473,1715 1473,1714 1475,1714 1475,1713"/>
	<TextEquiv>
	<Unicode>δὲ</Unicode></TextEquiv></Word>
	<Word id="r177">
	<Coords points="1598,1714 1598,1715 1599,1715 1599,1716 1600,1716 1600,1737 1654,1737 1654,1738 1657,1738 1657,1740 1658,1740 1658,1743 1655,1743 1655,1762 1654,1762 1654,1763 1653,1763 1653,1764 1616,1764 1616,1765 1587,1765 1587,1764 1554,1764 1554,1763 1553,1763 1553,1762 1552,1762 1552,1748 1544,1748 1544,1744 1543,1744 1544,1744 1544,1740 1545,1740 1545,1739 1546,1739 1546,1738 1547,1738 1547,1737 1589,1737 1589,1726 1590,1726 1590,1722 1591,1722 1591,1721 1592,1721 1592,1718 1593,1718 1593,1715 1595,1715 1595,1714"/>
	<TextEquiv>
	<Unicode>τότε</Unicode></TextEquiv></Word>
	<TextEquiv>
	<Unicode>δ᾽ ἐπὶ τὴν τάφρον αὐτῶν ἀφίκοντο. βοῇ δὲ τότε</Unicode></TextEquiv></TextLine>
	<TextLine id="r27">
	<Coords points="1071,1778 1071,1779 1072,1779 1072,1801 1147,1801 1147,1802 1249,1802 1249,1783 1250,1783 1250,1780 1254,1780 1254,1781 1255,1781 1255,1782 1256,1782 1256,1783 1318,1783 1318,1784 1322,1784 1322,1785 1324,1785 1324,1786 1326,1786 1326,1787 1327,1787 1327,1788 1328,1788 1328,1789 1329,1789 1329,1791 1330,1791 1330,1792 1331,1792 1331,1803 1361,1803 1361,1804 1482,1804 1482,1797 1483,1797 1483,1796 1484,1796 1484,1793 1485,1793 1485,1791 1486,1791 1486,1789 1487,1789 1487,1787 1488,1787 1488,1786 1489,1786 1489,1784 1491,1784 1491,1783 1493,1783 1493,1784 1494,1784 1494,1805 1528,1805 1528,1806 1657,1806 1657,1807 1658,1807 1658,1808 1659,1808 1659,1813 1658,1813 1658,1817 1657,1817 1657,1819 1655,1819 1655,1821 1654,1821 1654,1822 1653,1822 1653,1823 1652,1823 1652,1826 1650,1826 1650,1827 1649,1827 1649,1828 1648,1828 1648,1829 1646,1829 1646,1830 1644,1830 1644,1831 1642,1831 1642,1832 1639,1832 1639,1833 1622,1833 1622,1834 1619,1834 1619,1833 1505,1833 1505,1835 1504,1835 1504,1838 1503,1838 1503,1844 1502,1844 1502,1846 1500,1846 1500,1847 1499,1847 1499,1846 1498,1846 1498,1845 1497,1845 1497,1844 1480,1844 1480,1842 1479,1842 1479,1832 1437,1832 1437,1831 1295,1831 1295,1834 1294,1834 1294,1837 1293,1837 1293,1839 1292,1839 1292,1840 1291,1840 1291,1839 1290,1839 1290,1837 1289,1837 1289,1829 1152,1829 1152,1830 1151,1830 1151,1831 1149,1831 1149,1832 1148,1832 1148,1833 1142,1833 1142,1829 1023,1829 1023,1832 1022,1832 1022,1834 1021,1834 1021,1840 1020,1840 1020,1844 1019,1844 1019,1845 1019,1844 1016,1844 1016,1843 1015,1843 1015,1828 868,1828 868,1835 867,1835 867,1837 866,1837 866,1838 865,1838 865,1839 863,1839 863,1840 862,1840 862,1841 860,1841 860,1842 827,1842 827,1843 826,1843 826,1842 824,1842 824,1841 823,1841 823,1829 772,1829 772,1828 756,1828 756,1827 439,1827 439,1829 438,1829 438,1833 437,1833 437,1837 436,1837 436,1838 435,1838 435,1840 434,1840 434,1841 432,1841 432,1842 431,1842 431,1841 360,1841 360,1840 359,1840 359,1839 321,1839 321,1827 249,1827 249,1826 248,1826 248,1812 244,1812 244,1811 242,1811 242,1807 241,1807 242,1807 242,1803 243,1803 243,1802 244,1802 244,1800 246,1800 246,1799 299,1799 299,1798 481,1798 481,1787 482,1787 482,1786 483,1786 483,1784 485,1784 485,1783 487,1783 487,1782 593,1782 593,1780 594,1780 594,1779 597,1779 597,1780 598,1780 598,1781 599,1781 599,1783 701,1783 701,1781 702,1781 702,1780 704,1780 704,1779 705,1779 705,1780 707,1780 707,1785 715,1785 715,1786 718,1786 718,1787 719,1787 719,1788 721,1788 721,1789 722,1789 722,1790 724,1790 724,1791 725,1791 725,1793 726,1793 726,1794 727,1794 727,1796 728,1796 728,1798 729,1798 729,1801 853,1801 853,1800 854,1800 854,1786 855,1786 855,1784 856,1784 856,1782 858,1782 858,1781 963,1781 963,1780 964,1780 964,1779 1067,1779 1067,1778"/>
	<Word id="r178">
	<Coords points="492,1782 492,1783 494,1783 494,1784 496,1784 496,1785 497,1785 497,1786 498,1786 498,1789 499,1789 498,1789 498,1792 497,1792 497,1793 496,1793 496,1817 495,1817 495,1820 494,1820 494,1822 493,1822 493,1824 492,1824 492,1825 490,1825 490,1826 467,1826 467,1827 439,1827 439,1829 438,1829 438,1833 437,1833 437,1837 436,1837 436,1838 435,1838 435,1840 434,1840 434,1841 432,1841 432,1842 431,1842 431,1841 360,1841 360,1840 359,1840 359,1839 321,1839 321,1827 249,1827 249,1826 248,1826 248,1812 244,1812 244,1811 242,1811 242,1807 241,1807 242,1807 242,1803 243,1803 243,1802 244,1802 244,1800 246,1800 246,1799 299,1799 299,1798 481,1798 481,1787 482,1787 482,1786 483,1786 483,1784 485,1784 485,1783 487,1783 487,1782"/>
	<TextEquiv>
	<Unicode>παμμιγεῖ</Unicode></TextEquiv></Word>
	<Word id="r179">
	<Coords points="597,1779 597,1780 598,1780 598,1781 599,1781 599,1783 600,1783 600,1785 601,1785 601,1787 602,1787 602,1789 603,1789 603,1793 604,1793 604,1796 605,1796 605,1816 608,1816 608,1819 607,1819 607,1822 606,1822 606,1824 605,1824 605,1825 604,1825 604,1826 602,1826 602,1827 522,1827 522,1826 521,1826 521,1822 522,1822 522,1819 523,1819 523,1817 524,1817 524,1814 525,1814 525,1812 526,1812 526,1809 527,1809 527,1805 528,1805 528,1802 529,1802 529,1801 530,1801 530,1800 535,1800 535,1799 593,1799 593,1780 594,1780 594,1779"/>
	<TextEquiv>
	<Unicode>καὶ</Unicode></TextEquiv></Word>
	<Word id="r180">
	<Coords points="705,1779 705,1780 707,1780 707,1785 715,1785 715,1786 718,1786 718,1787 719,1787 719,1788 721,1788 721,1789 722,1789 722,1790 724,1790 724,1791 725,1791 725,1793 726,1793 726,1794 727,1794 727,1796 728,1796 728,1798 729,1798 729,1801 853,1801 853,1800 854,1800 854,1786 855,1786 855,1784 856,1784 856,1782 858,1782 858,1781 863,1781 863,1786 875,1786 875,1787 876,1787 876,1801 924,1801 924,1802 925,1802 925,1803 926,1803 926,1810 925,1810 925,1812 924,1812 924,1813 923,1813 923,1815 922,1815 922,1816 921,1816 921,1818 920,1818 920,1820 918,1820 918,1821 917,1821 917,1822 915,1822 915,1823 914,1823 914,1824 912,1824 912,1825 910,1825 910,1826 907,1826 907,1827 905,1827 905,1828 868,1828 868,1835 867,1835 867,1837 866,1837 866,1838 865,1838 865,1839 863,1839 863,1840 862,1840 862,1841 860,1841 860,1842 827,1842 827,1843 826,1843 826,1842 824,1842 824,1841 823,1841 823,1829 772,1829 772,1828 756,1828 756,1827 643,1827 643,1826 640,1826 640,1825 639,1825 639,1824 638,1824 638,1823 637,1823 637,1822 636,1822 636,1819 635,1819 635,1814 636,1814 636,1811 637,1811 637,1809 638,1809 638,1808 639,1808 639,1807 640,1807 640,1805 642,1805 642,1804 643,1804 643,1803 645,1803 645,1802 647,1802 647,1801 650,1801 650,1800 695,1800 695,1792 696,1792 696,1790 697,1790 697,1788 698,1788 698,1786 699,1786 699,1784 700,1784 700,1783 701,1783 701,1781 702,1781 702,1780 704,1780 704,1779"/>
	<TextEquiv>
	<Unicode>σάλπιγξιν</Unicode></TextEquiv></Word>
	<Word id="r181">
	<Coords points="1071,1778 1071,1779 1072,1779 1072,1801 1147,1801 1147,1802 1151,1802 1151,1803 1153,1803 1153,1804 1155,1804 1155,1805 1156,1805 1156,1806 1157,1806 1157,1811 1156,1811 1156,1812 1153,1812 1153,1828 1152,1828 1152,1830 1151,1830 1151,1831 1149,1831 1149,1832 1148,1832 1148,1833 1142,1833 1142,1829 1023,1829 1023,1832 1022,1832 1022,1834 1021,1834 1021,1840 1020,1840 1020,1844 1019,1844 1019,1845 1019,1844 1016,1844 1016,1843 1015,1843 1015,1828 955,1828 955,1827 951,1827 951,1826 949,1826 949,1825 948,1825 948,1823 947,1823 947,1816 948,1816 948,1813 949,1813 949,1811 950,1811 950,1809 951,1809 951,1808 952,1808 952,1807 953,1807 953,1806 954,1806 954,1805 955,1805 955,1804 956,1804 956,1803 958,1803 958,1802 962,1802 962,1781 963,1781 963,1780 964,1780 964,1779 1067,1779 1067,1778"/>
	<TextEquiv>
	<Unicode>ἀθρόαις</Unicode></TextEquiv></Word>
	<Word id="r182">
	<Coords points="1254,1780 1254,1781 1255,1781 1255,1782 1256,1782 1256,1784 1257,1784 1257,1788 1258,1788 1258,1790 1259,1790 1259,1794 1260,1794 1260,1796 1261,1796 1261,1817 1264,1817 1264,1818 1265,1818 1265,1820 1264,1820 1264,1823 1263,1823 1263,1825 1262,1825 1262,1826 1261,1826 1261,1827 1260,1827 1260,1828 1258,1828 1258,1829 1178,1829 1178,1828 1177,1828 1177,1826 1178,1826 1178,1824 1179,1824 1179,1821 1180,1821 1180,1818 1181,1818 1181,1815 1182,1815 1182,1812 1183,1812 1183,1809 1184,1809 1184,1805 1185,1805 1185,1804 1186,1804 1186,1803 1201,1803 1201,1802 1249,1802 1249,1783 1250,1783 1250,1780"/>
	<TextEquiv>
	<Unicode>καὶ</Unicode></TextEquiv></Word>
	<Word id="r183">
	<Coords points="1318,1783 1318,1784 1322,1784 1322,1785 1324,1785 1324,1786 1326,1786 1326,1787 1327,1787 1327,1788 1328,1788 1328,1789 1329,1789 1329,1791 1330,1791 1330,1792 1331,1792 1331,1803 1361,1803 1361,1804 1482,1804 1482,1797 1483,1797 1483,1796 1484,1796 1484,1793 1485,1793 1485,1791 1486,1791 1486,1789 1487,1789 1487,1787 1488,1787 1488,1786 1489,1786 1489,1784 1491,1784 1491,1783 1493,1783 1493,1784 1494,1784 1494,1805 1528,1805 1528,1806 1657,1806 1657,1807 1658,1807 1658,1808 1659,1808 1659,1813 1658,1813 1658,1817 1657,1817 1657,1819 1655,1819 1655,1821 1654,1821 1654,1822 1653,1822 1653,1823 1652,1823 1652,1826 1650,1826 1650,1827 1649,1827 1649,1828 1648,1828 1648,1829 1646,1829 1646,1830 1644,1830 1644,1831 1642,1831 1642,1832 1639,1832 1639,1833 1622,1833 1622,1834 1619,1834 1619,1833 1505,1833 1505,1835 1504,1835 1504,1838 1503,1838 1503,1844 1502,1844 1502,1846 1500,1846 1500,1847 1499,1847 1499,1846 1498,1846 1498,1845 1497,1845 1497,1844 1480,1844 1480,1842 1479,1842 1479,1832 1437,1832 1437,1831 1295,1831 1295,1834 1294,1834 1294,1837 1293,1837 1293,1839 1292,1839 1292,1840 1291,1840 1291,1839 1290,1839 1290,1837 1289,1837 1289,1836 1290,1836 1290,1833 1291,1833 1291,1829 1292,1829 1292,1827 1293,1827 1293,1824 1294,1824 1294,1821 1295,1821 1295,1817 1296,1817 1296,1814 1297,1814 1297,1810 1298,1810 1298,1806 1299,1806 1299,1804 1300,1804 1300,1802 1301,1802 1301,1798 1302,1798 1302,1795 1303,1795 1303,1794 1304,1794 1304,1792 1305,1792 1305,1790 1306,1790 1306,1789 1307,1789 1307,1788 1308,1788 1308,1787 1309,1787 1309,1786 1310,1786 1310,1785 1312,1785 1312,1784 1315,1784 1315,1783"/>
	<TextEquiv>
	<Unicode>βυκανήμασιν</Unicode></TextEquiv></Word>
	<TextEquiv>
	<Unicode>παμμιγεῖ καὶ σάλπιγξιν ἀθρόαις καὶ βυκανήμασιν</Unicode></TextEquiv></TextLine>
	<TextLine id="r66">
	<Coords points="262,1845 262,1846 263,1846 263,1847 264,1847 264,1848 265,1848 265,1866 282,1866 282,1867 427,1867 427,1860 428,1860 428,1858 429,1858 429,1854 430,1854 430,1853 431,1853 431,1851 432,1851 432,1850 433,1850 433,1848 434,1848 434,1847 435,1847 435,1846 439,1846 439,1848 440,1848 440,1853 570,1853 570,1852 571,1852 571,1851 572,1851 572,1850 573,1850 573,1849 578,1849 578,1855 591,1855 591,1856 592,1856 592,1868 755,1868 755,1856 756,1856 756,1854 757,1854 757,1852 758,1852 758,1850 759,1850 759,1848 760,1848 760,1847 761,1847 761,1846 764,1846 764,1848 765,1848 765,1869 1006,1869 1006,1848 1011,1848 1011,1849 1113,1849 1113,1848 1115,1848 1115,1849 1117,1849 1117,1851 1118,1851 1118,1854 1239,1854 1239,1853 1240,1853 1240,1852 1241,1852 1241,1850 1242,1850 1242,1849 1244,1849 1244,1848 1245,1848 1245,1849 1247,1849 1247,1856 1255,1856 1255,1857 1258,1857 1258,1858 1261,1858 1261,1859 1262,1859 1262,1860 1263,1860 1263,1861 1264,1861 1264,1862 1265,1862 1265,1864 1266,1864 1266,1866 1267,1866 1267,1868 1268,1868 1268,1870 1269,1870 1269,1871 1443,1871 1443,1854 1444,1854 1444,1853 1445,1853 1445,1852 1447,1852 1447,1851 1513,1851 1513,1874 1625,1874 1625,1875 1643,1875 1643,1876 1657,1876 1657,1877 1658,1877 1658,1881 1657,1881 1657,1885 1656,1885 1656,1887 1655,1887 1655,1889 1654,1889 1654,1891 1653,1891 1653,1892 1652,1892 1652,1893 1651,1893 1651,1894 1650,1894 1650,1895 1649,1895 1649,1896 1648,1896 1648,1897 1646,1897 1646,1898 1645,1898 1645,1899 1643,1899 1643,1900 1641,1900 1641,1901 1639,1901 1639,1902 1634,1902 1634,1903 1634,1902 1479,1902 1479,1909 1478,1909 1478,1910 1477,1910 1477,1912 1476,1912 1476,1913 1474,1913 1474,1914 1472,1914 1472,1915 1464,1915 1464,1914 1462,1914 1462,1904 1402,1904 1402,1903 1401,1903 1401,1899 1194,1899 1194,1900 1193,1900 1193,1903 1192,1903 1192,1908 1191,1908 1191,1911 1190,1911 1190,1913 1189,1913 1189,1914 1188,1914 1188,1915 1187,1915 1187,1914 1186,1914 1186,1899 1072,1899 1072,1900 1071,1900 1071,1906 1070,1906 1070,1909 1069,1909 1069,1910 1068,1910 1068,1911 1065,1911 1065,1910 1064,1910 1064,1902 1037,1902 1037,1901 1035,1901 1035,1897 905,1897 905,1898 904,1898 904,1897 781,1897 781,1900 780,1900 780,1905 779,1905 779,1909 778,1909 778,1910 777,1910 777,1911 694,1911 694,1912 693,1912 693,1913 691,1913 691,1914 689,1914 689,1915 663,1915 663,1916 662,1916 662,1915 660,1915 660,1912 659,1912 659,1911 571,1911 571,1910 568,1910 568,1909 567,1909 567,1908 542,1908 542,1895 284,1895 284,1896 283,1896 283,1897 281,1897 281,1898 280,1898 280,1899 276,1899 276,1897 275,1897 275,1894 252,1894 252,1893 248,1893 248,1892 247,1892 247,1891 246,1891 246,1890 245,1890 245,1889 244,1889 244,1887 243,1887 243,1884 242,1884 242,1879 243,1879 243,1876 244,1876 244,1875 245,1875 245,1873 246,1873 246,1872 247,1872 247,1870 248,1870 248,1869 250,1869 250,1868 251,1868 251,1867 253,1867 253,1866 254,1866 254,1848 255,1848 255,1847 256,1847 256,1846 257,1846 257,1845"/>
	<Word id="r285">
	<Coords points="262,1845 262,1846 263,1846 263,1847 264,1847 264,1848 265,1848 265,1866 282,1866 282,1867 285,1867 285,1868 287,1868 287,1869 289,1869 289,1870 290,1870 290,1873 291,1873 291,1875 290,1875 290,1876 289,1876 289,1877 286,1877 286,1892 285,1892 285,1894 284,1894 284,1896 283,1896 283,1897 281,1897 281,1898 280,1898 280,1899 276,1899 276,1897 275,1897 275,1894 252,1894 252,1893 248,1893 248,1892 247,1892 247,1891 246,1891 246,1890 245,1890 245,1889 244,1889 244,1887 243,1887 243,1884 242,1884 242,1879 243,1879 243,1876 244,1876 244,1875 245,1875 245,1873 246,1873 246,1872 247,1872 247,1870 248,1870 248,1869 250,1869 250,1868 251,1868 251,1867 253,1867 253,1866 254,1866 254,1848 255,1848 255,1847 256,1847 256,1846 257,1846 257,1845"/>
	<TextEquiv>
	<Unicode>ἐς</Unicode></TextEquiv></Word>
	<Word id="r286">
	<Coords points="439,1846 439,1848 440,1848 440,1853 570,1853 570,1852 571,1852 571,1851 572,1851 572,1850 573,1850 573,1849 578,1849 578,1855 591,1855 591,1856 592,1856 592,1868 604,1868 604,1869 639,1869 639,1872 640,1872 640,1875 639,1875 639,1877 638,1877 638,1879 637,1879 637,1881 636,1881 636,1882 635,1882 635,1884 634,1884 634,1885 633,1885 633,1886 632,1886 632,1887 631,1887 631,1888 630,1888 630,1889 629,1889 629,1890 628,1890 628,1891 627,1891 627,1892 625,1892 625,1893 623,1893 623,1894 621,1894 621,1895 618,1895 618,1896 583,1896 583,1905 582,1905 582,1906 581,1906 581,1907 580,1907 580,1908 579,1908 579,1909 577,1909 577,1910 574,1910 574,1911 571,1911 571,1910 568,1910 568,1909 567,1909 567,1908 542,1908 542,1895 309,1895 309,1894 308,1894 308,1893 307,1893 307,1890 308,1890 308,1888 309,1888 309,1885 310,1885 310,1882 311,1882 311,1880 312,1880 312,1877 313,1877 313,1874 314,1874 314,1872 315,1872 315,1870 316,1870 316,1869 317,1869 317,1868 332,1868 332,1867 427,1867 427,1860 428,1860 428,1858 429,1858 429,1854 430,1854 430,1853 431,1853 431,1851 432,1851 432,1850 433,1850 433,1848 434,1848 434,1847 435,1847 435,1846"/>
	<TextEquiv>
	<Unicode>κατάπληξιν</Unicode></TextEquiv></Word>
	<Word id="r287">
	<Coords points="764,1846 764,1848 765,1848 765,1869 911,1869 911,1871 912,1871 912,1886 915,1886 915,1890 914,1890 914,1892 913,1892 913,1893 911,1893 911,1894 910,1894 910,1895 908,1895 908,1896 907,1896 907,1897 905,1897 905,1898 904,1898 904,1897 781,1897 781,1900 780,1900 780,1905 779,1905 779,1909 778,1909 778,1910 777,1910 777,1911 694,1911 694,1912 693,1912 693,1913 691,1913 691,1914 689,1914 689,1915 663,1915 663,1916 662,1916 662,1915 660,1915 660,1912 659,1912 660,1912 660,1910 661,1910 661,1874 662,1874 662,1872 663,1872 663,1871 665,1871 665,1870 668,1870 668,1869 696,1869 696,1868 755,1868 755,1856 756,1856 756,1854 757,1854 757,1852 758,1852 758,1850 759,1850 759,1848 760,1848 760,1847 761,1847 761,1846"/>
	<TextEquiv>
	<Unicode>χρώμενοι</Unicode></TextEquiv></Word>
	<Word id="r288">
	<Coords points="1011,1848 1011,1849 1012,1849 1012,1850 1013,1850 1013,1855 1014,1855 1014,1857 1015,1857 1015,1861 1016,1861 1016,1869 1044,1869 1044,1870 1046,1870 1046,1871 1048,1871 1048,1872 1049,1872 1049,1873 1050,1873 1050,1875 1051,1875 1051,1877 1050,1877 1050,1878 1049,1878 1049,1879 1046,1879 1046,1894 1045,1894 1045,1896 1044,1896 1044,1898 1043,1898 1043,1899 1041,1899 1041,1900 1040,1900 1040,1901 1038,1901 1038,1902 1037,1902 1037,1901 1035,1901 1035,1897 942,1897 942,1881 934,1881 934,1873 935,1873 935,1872 936,1872 936,1871 938,1871 938,1870 1006,1870 1006,1848"/>
	<TextEquiv>
	<Unicode>τοὺς</Unicode></TextEquiv></Word>
	<Word id="r289">
	<Coords points="1115,1848 1115,1849 1117,1849 1117,1851 1118,1851 1118,1854 1119,1854 1119,1856 1120,1856 1120,1858 1121,1858 1121,1861 1122,1861 1122,1864 1123,1864 1123,1871 1153,1871 1153,1872 1155,1872 1155,1874 1156,1874 1156,1877 1155,1877 1155,1880 1154,1880 1154,1883 1153,1883 1153,1885 1151,1885 1151,1887 1149,1887 1149,1889 1148,1889 1148,1890 1147,1890 1147,1891 1146,1891 1146,1892 1145,1892 1145,1893 1143,1893 1143,1894 1142,1894 1142,1895 1138,1895 1138,1896 1137,1896 1137,1897 1135,1897 1135,1898 1116,1898 1116,1899 1072,1899 1072,1900 1071,1900 1071,1906 1070,1906 1070,1909 1069,1909 1069,1910 1068,1910 1068,1911 1065,1911 1065,1910 1064,1910 1064,1907 1065,1907 1065,1904 1066,1904 1066,1902 1067,1902 1067,1898 1068,1898 1068,1894 1069,1894 1069,1891 1070,1891 1070,1887 1071,1887 1071,1885 1072,1885 1072,1882 1073,1882 1073,1877 1074,1877 1074,1874 1075,1874 1075,1872 1076,1872 1076,1871 1111,1871 1111,1850 1112,1850 1112,1849 1113,1849 1113,1848"/>
	<TextEquiv>
	<Unicode>μὲν</Unicode></TextEquiv></Word>
	<Word id="r290">
	<Coords points="1245,1848 1245,1849 1247,1849 1247,1856 1255,1856 1255,1857 1258,1857 1258,1858 1261,1858 1261,1859 1262,1859 1262,1860 1263,1860 1263,1861 1264,1861 1264,1862 1265,1862 1265,1864 1266,1864 1266,1866 1267,1866 1267,1868 1268,1868 1268,1870 1269,1870 1269,1871 1351,1871 1351,1872 1411,1872 1411,1873 1413,1873 1413,1874 1414,1874 1414,1875 1415,1875 1415,1877 1416,1877 1416,1882 1412,1882 1412,1898 1411,1898 1411,1899 1410,1899 1410,1901 1409,1901 1409,1902 1408,1902 1408,1903 1403,1903 1403,1904 1402,1904 1402,1903 1401,1903 1401,1899 1194,1899 1194,1900 1193,1900 1193,1903 1192,1903 1192,1908 1191,1908 1191,1911 1190,1911 1190,1913 1189,1913 1189,1914 1188,1914 1188,1915 1187,1915 1187,1914 1186,1914 1186,1897 1184,1897 1184,1896 1181,1896 1181,1895 1180,1895 1180,1894 1179,1894 1179,1893 1178,1893 1178,1892 1177,1892 1177,1890 1176,1890 1176,1882 1177,1882 1177,1879 1178,1879 1178,1877 1179,1877 1179,1876 1180,1876 1180,1874 1182,1874 1182,1873 1184,1873 1184,1872 1186,1872 1186,1871 1193,1871 1193,1870 1195,1870 1195,1864 1196,1864 1196,1856 1197,1856 1197,1855 1198,1855 1198,1854 1239,1854 1239,1853 1240,1853 1240,1852 1241,1852 1241,1850 1242,1850 1242,1849 1244,1849 1244,1848"/>
	<TextEquiv>
	<Unicode>φύλακας</Unicode></TextEquiv></Word>
	<Word id="r291">
	<Coords points="1513,1851 1513,1874 1625,1874 1625,1875 1643,1875 1643,1876 1657,1876 1657,1877 1658,1877 1658,1881 1657,1881 1657,1885 1656,1885 1656,1887 1655,1887 1655,1889 1654,1889 1654,1891 1653,1891 1653,1892 1652,1892 1652,1893 1651,1893 1651,1894 1650,1894 1650,1895 1649,1895 1649,1896 1648,1896 1648,1897 1646,1897 1646,1898 1645,1898 1645,1899 1643,1899 1643,1900 1641,1900 1641,1901 1639,1901 1639,1902 1634,1902 1634,1903 1634,1902 1479,1902 1479,1909 1478,1909 1478,1910 1477,1910 1477,1912 1476,1912 1476,1913 1474,1913 1474,1914 1472,1914 1472,1915 1464,1915 1464,1914 1462,1914 1462,1902 1461,1902 1461,1901 1460,1901 1460,1900 1440,1900 1440,1899 1437,1899 1437,1898 1435,1898 1435,1897 1434,1897 1434,1896 1433,1896 1433,1895 1432,1895 1432,1893 1431,1893 1431,1886 1432,1886 1432,1882 1433,1882 1433,1880 1434,1880 1434,1879 1435,1879 1435,1878 1436,1878 1436,1876 1437,1876 1437,1875 1439,1875 1439,1874 1441,1874 1441,1873 1443,1873 1443,1854 1444,1854 1444,1853 1445,1853 1445,1852 1447,1852 1447,1851"/>
	<TextEquiv>
	<Unicode>ἐξέωσαν</Unicode></TextEquiv></Word>
	<TextEquiv>
	<Unicode>ἐς κατάπληξιν χρώμενοι τοὺς μὲν φύλακας ἐξέωσαν</Unicode></TextEquiv></TextLine>
	<TextLine id="r29">
	<Coords points="257,1915 261,1915 261,1916 263,1916 263,1917 264,1917 264,1919 265,1919 265,1936 383,1936 383,1922 384,1922 384,1921 385,1921 385,1920 386,1920 386,1919 387,1919 387,1918 391,1918 391,1917 395,1917 395,1918 396,1918 396,1919 398,1919 398,1920 502,1920 502,1919 503,1919 503,1920 505,1920 505,1921 506,1921 506,1922 557,1922 557,1923 560,1923 560,1924 562,1924 562,1925 564,1925 564,1926 565,1926 565,1927 566,1927 566,1928 567,1928 567,1930 568,1930 568,1931 569,1931 569,1933 570,1933 570,1934 571,1934 571,1937 764,1937 764,1928 765,1928 765,1925 766,1925 766,1924 767,1924 767,1922 768,1922 768,1919 769,1919 769,1917 770,1917 770,1915 774,1915 774,1916 775,1916 775,1937 807,1937 807,1938 948,1938 948,1916 949,1916 949,1915 1056,1915 1056,1916 1058,1916 1058,1917 1083,1917 1083,1918 1084,1918 1084,1920 1085,1920 1085,1921 1188,1921 1188,1920 1189,1920 1189,1919 1190,1919 1190,1918 1192,1918 1192,1917 1193,1917 1193,1918 1195,1918 1195,1922 1226,1922 1226,1923 1227,1923 1227,1924 1228,1924 1228,1938 1260,1938 1260,1939 1379,1939 1379,1934 1380,1934 1380,1922 1382,1922 1382,1921 1394,1921 1394,1920 1398,1920 1398,1922 1399,1922 1399,1939 1435,1939 1435,1940 1494,1940 1494,1941 1495,1941 1495,1942 1640,1942 1640,1922 1641,1922 1641,1921 1643,1921 1643,1922 1645,1922 1645,1923 1646,1923 1646,1925 1647,1925 1647,1928 1648,1928 1648,1930 1649,1930 1649,1933 1650,1933 1650,1935 1651,1935 1651,1960 1655,1960 1655,1963 1654,1963 1654,1965 1653,1965 1653,1967 1652,1967 1652,1968 1651,1968 1651,1969 1650,1969 1650,1970 1589,1970 1589,1969 1435,1969 1435,1978 1434,1978 1434,1980 1433,1980 1433,1982 1432,1982 1432,1983 1431,1983 1431,1984 1430,1984 1430,1985 1428,1985 1428,1986 1397,1986 1397,1985 1396,1985 1396,1968 1380,1968 1380,1967 1248,1967 1248,1969 1247,1969 1247,1977 1246,1977 1246,1979 1245,1979 1245,1982 1244,1982 1244,1983 1243,1983 1243,1984 1242,1984 1242,1983 1211,1983 1211,1967 1141,1967 1141,1966 1082,1966 1082,1965 963,1965 963,1971 962,1971 962,1973 961,1973 961,1977 960,1977 960,1978 959,1978 959,1979 955,1979 955,1978 954,1978 954,1973 851,1973 851,1974 850,1974 850,1973 849,1973 849,1965 731,1965 731,1970 730,1970 730,1979 729,1979 729,1980 727,1980 727,1981 726,1981 726,1980 725,1980 725,1977 709,1977 709,1976 708,1976 708,1965 496,1965 496,1966 495,1966 495,1975 494,1975 494,1979 493,1979 493,1981 489,1981 489,1964 348,1964 348,1963 250,1963 250,1962 248,1962 248,1961 246,1961 246,1960 245,1960 245,1959 244,1959 244,1957 243,1957 243,1955 242,1955 242,1953 241,1953 241,1952 242,1952 242,1948 243,1948 243,1946 244,1946 244,1944 245,1944 245,1942 246,1942 246,1940 248,1940 248,1938 250,1938 250,1937 254,1937 254,1917 255,1917 255,1916 257,1916"/>
	<Word id="r184">
	<Coords points="261,1915 261,1916 263,1916 263,1917 264,1917 264,1919 265,1919 265,1936 295,1936 295,1937 296,1937 296,1938 297,1938 297,1942 296,1942 296,1943 295,1943 295,1958 294,1958 294,1960 292,1960 292,1961 291,1961 291,1962 289,1962 289,1963 250,1963 250,1962 248,1962 248,1961 246,1961 246,1960 245,1960 245,1959 244,1959 244,1957 243,1957 243,1955 242,1955 242,1953 241,1953 241,1952 242,1952 242,1948 243,1948 243,1946 244,1946 244,1944 245,1944 245,1942 246,1942 246,1940 248,1940 248,1938 250,1938 250,1937 254,1937 254,1917 255,1917 255,1916 257,1916 257,1915"/>
	<TextEquiv>
	<Unicode>ἐκ</Unicode></TextEquiv></Word>
	<Word id="r185">
	<Coords points="395,1917 395,1918 396,1918 396,1919 398,1919 398,1920 399,1920 399,1921 400,1921 400,1922 401,1922 401,1936 437,1936 437,1937 438,1937 438,1941 439,1941 439,1945 438,1945 438,1947 437,1947 437,1948 436,1948 436,1950 435,1950 435,1952 434,1952 434,1953 433,1953 433,1955 431,1955 431,1956 430,1956 430,1957 429,1957 429,1958 427,1958 427,1959 426,1959 426,1960 425,1960 425,1961 423,1961 423,1962 420,1962 420,1963 418,1963 418,1964 348,1964 348,1963 347,1963 347,1962 346,1962 346,1946 339,1946 339,1945 338,1945 338,1940 339,1940 339,1939 340,1939 340,1938 341,1938 341,1937 343,1937 343,1936 383,1936 383,1922 384,1922 384,1921 385,1921 385,1920 386,1920 386,1919 387,1919 387,1918 391,1918 391,1917"/>
	<TextEquiv>
	<Unicode>τῶν</Unicode></TextEquiv></Word>
	<Word id="r186">
	<Coords points="774,1915 774,1916 775,1916 775,1937 807,1937 807,1938 843,1938 843,1939 845,1939 845,1940 846,1940 846,1956 855,1956 855,1957 858,1957 858,1958 859,1958 859,1959 860,1959 860,1966 859,1966 859,1968 858,1968 858,1970 857,1970 857,1971 855,1971 855,1972 854,1972 854,1973 851,1973 851,1974 850,1974 850,1973 849,1973 849,1965 731,1965 731,1970 730,1970 730,1979 729,1979 729,1980 727,1980 727,1981 726,1981 726,1980 725,1980 725,1977 709,1977 709,1976 708,1976 708,1965 496,1965 496,1966 495,1966 495,1975 494,1975 494,1979 493,1979 493,1981 489,1981 489,1963 487,1963 487,1962 484,1962 484,1961 483,1961 483,1960 482,1960 482,1959 481,1959 481,1958 480,1958 480,1956 479,1956 479,1954 478,1954 478,1947 479,1947 479,1945 480,1945 480,1944 481,1944 481,1943 482,1943 482,1941 483,1941 483,1940 484,1940 484,1939 485,1939 485,1938 488,1938 488,1937 491,1937 491,1936 497,1936 497,1935 498,1935 498,1923 499,1923 499,1922 500,1922 500,1920 502,1920 502,1919 503,1919 503,1920 505,1920 505,1921 506,1921 506,1922 557,1922 557,1923 560,1923 560,1924 562,1924 562,1925 564,1925 564,1926 565,1926 565,1927 566,1927 566,1928 567,1928 567,1930 568,1930 568,1931 569,1931 569,1933 570,1933 570,1934 571,1934 571,1937 764,1937 764,1928 765,1928 765,1925 766,1925 766,1924 767,1924 767,1922 768,1922 768,1919 769,1919 769,1917 770,1917 770,1915"/>
	<TextEquiv>
	<Unicode>φυλακτηρίων,</Unicode></TextEquiv></Word>
	<Word id="r187">
	<Coords points="953,1915 953,1916 955,1916 955,1919 956,1919 956,1922 957,1922 957,1924 958,1924 958,1926 959,1926 959,1930 960,1930 960,1937 997,1937 997,1938 998,1938 998,1939 999,1939 999,1940 1000,1940 1000,1944 999,1944 999,1947 998,1947 998,1949 997,1949 997,1950 996,1950 996,1951 995,1951 995,1953 994,1953 994,1955 993,1955 993,1956 992,1956 992,1957 991,1957 991,1958 990,1958 990,1959 988,1959 988,1960 987,1960 987,1961 986,1961 986,1962 983,1962 983,1963 982,1963 982,1964 980,1964 980,1965 963,1965 963,1971 962,1971 962,1973 961,1973 961,1977 960,1977 960,1978 959,1978 959,1979 955,1979 955,1978 954,1978 954,1966 917,1966 917,1965 916,1965 916,1963 915,1963 915,1948 907,1948 907,1945 906,1945 906,1944 907,1944 907,1942 908,1942 908,1941 909,1941 909,1940 910,1940 910,1939 914,1939 914,1938 948,1938 948,1916 949,1916 949,1915"/>
	<TextEquiv>
	<Unicode>τὴν</Unicode></TextEquiv></Word>
	<Word id="r188">
	<Coords points="1056,1915 1056,1916 1058,1916 1058,1917 1083,1917 1083,1918 1084,1918 1084,1920 1085,1920 1085,1921 1086,1921 1086,1922 1087,1922 1087,1925 1088,1925 1088,1927 1089,1927 1089,1931 1090,1931 1090,1939 1092,1939 1092,1940 1093,1940 1093,1943 1094,1943 1094,1944 1093,1944 1093,1945 1091,1945 1091,1964 1090,1964 1090,1965 1087,1965 1087,1966 1082,1966 1082,1965 1050,1965 1050,1964 1048,1964 1048,1963 1047,1963 1047,1962 1046,1962 1046,1961 1045,1961 1045,1960 1044,1960 1044,1958 1043,1958 1043,1955 1042,1955 1042,1953 1043,1953 1043,1947 1044,1947 1044,1945 1045,1945 1045,1943 1046,1943 1046,1942 1047,1942 1047,1920 1048,1920 1048,1918 1049,1918 1049,1917 1050,1917 1050,1916 1052,1916 1052,1915"/>
	<TextEquiv>
	<Unicode>δὲ</Unicode></TextEquiv></Word>
	<Word id="r189">
	<Coords points="1193,1917 1193,1918 1195,1918 1195,1922 1226,1922 1226,1923 1227,1923 1227,1924 1228,1924 1228,1938 1260,1938 1260,1939 1289,1939 1289,1940 1293,1940 1293,1941 1329,1941 1329,1949 1328,1949 1328,1951 1327,1951 1327,1953 1326,1953 1326,1954 1325,1954 1325,1956 1324,1956 1324,1957 1322,1957 1322,1959 1321,1959 1321,1960 1320,1960 1320,1961 1318,1961 1318,1962 1317,1962 1317,1963 1314,1963 1314,1964 1313,1964 1313,1965 1312,1965 1312,1966 1309,1966 1309,1967 1248,1967 1248,1969 1247,1969 1247,1977 1246,1977 1246,1979 1245,1979 1245,1982 1244,1982 1244,1983 1243,1983 1243,1984 1242,1984 1242,1983 1211,1983 1211,1967 1141,1967 1141,1966 1140,1966 1140,1964 1139,1964 1139,1950 1131,1950 1131,1949 1130,1949 1130,1946 1131,1946 1131,1943 1132,1943 1132,1941 1133,1941 1133,1940 1135,1940 1135,1939 1181,1939 1181,1933 1182,1933 1182,1931 1183,1931 1183,1930 1184,1930 1184,1928 1185,1928 1185,1925 1186,1925 1186,1923 1187,1923 1187,1921 1188,1921 1188,1920 1189,1920 1189,1919 1190,1919 1190,1918 1192,1918 1192,1917"/>
	<TextEquiv>
	<Unicode>τάφρον</Unicode></TextEquiv></Word>
	<Word id="r190">
	<Coords points="1398,1920 1398,1922 1399,1922 1399,1939 1435,1939 1435,1940 1494,1940 1494,1941 1495,1941 1495,1942 1525,1942 1525,1943 1526,1943 1526,1949 1525,1949 1525,1952 1524,1952 1524,1953 1523,1953 1523,1955 1522,1955 1522,1957 1521,1957 1521,1959 1519,1959 1519,1961 1518,1961 1518,1962 1517,1962 1517,1963 1515,1963 1515,1964 1514,1964 1514,1965 1512,1965 1512,1966 1511,1966 1511,1967 1508,1967 1508,1968 1506,1968 1506,1969 1435,1969 1435,1978 1434,1978 1434,1980 1433,1980 1433,1982 1432,1982 1432,1983 1431,1983 1431,1984 1430,1984 1430,1985 1428,1985 1428,1986 1397,1986 1397,1985 1396,1985 1396,1968 1380,1968 1380,1967 1378,1967 1378,1965 1376,1965 1376,1963 1375,1963 1375,1962 1374,1962 1374,1959 1373,1959 1373,1955 1374,1955 1374,1951 1375,1951 1375,1950 1376,1950 1376,1948 1377,1948 1377,1947 1378,1947 1378,1946 1379,1946 1379,1934 1380,1934 1380,1922 1382,1922 1382,1921 1394,1921 1394,1920"/>
	<TextEquiv>
	<Unicode>ἔχουν</Unicode></TextEquiv></Word>
	<Word id="r191">
	<Coords points="1643,1921 1643,1922 1645,1922 1645,1923 1646,1923 1646,1925 1647,1925 1647,1928 1648,1928 1648,1930 1649,1930 1649,1933 1650,1933 1650,1935 1651,1935 1651,1960 1655,1960 1655,1963 1654,1963 1654,1965 1653,1965 1653,1967 1652,1967 1652,1968 1651,1968 1651,1969 1650,1969 1650,1970 1589,1970 1589,1969 1569,1969 1569,1965 1570,1965 1570,1963 1571,1963 1571,1960 1572,1960 1572,1957 1573,1957 1573,1955 1574,1955 1574,1952 1575,1952 1575,1948 1576,1948 1576,1946 1577,1946 1577,1944 1579,1944 1579,1943 1595,1943 1595,1942 1640,1942 1640,1922 1641,1922 1641,1921"/>
	<TextEquiv>
	<Unicode>καὶ</Unicode></TextEquiv></Word>
	<TextEquiv>
	<Unicode>ἐκ τῶν φυλακτηρίων, τὴν δὲ τάφρον ἔχουν καὶ</Unicode></TextEquiv></TextLine>
	<TextLine id="r31">
	<Coords points="288,1981 289,1981 289,1982 291,1982 291,1984 292,1984 292,1986 293,1986 293,1988 294,1988 294,1990 295,1990 295,1994 296,1994 296,1996 297,1996 297,2000 298,2000 298,2004 302,2004 302,2005 480,2005 480,2004 558,2004 558,1995 559,1995 559,1993 560,1993 560,1991 561,1991 561,1989 562,1989 562,1987 563,1987 563,1985 564,1985 564,1984 566,1984 566,1983 568,1983 568,1984 570,1984 570,2005 785,2005 785,1988 786,1988 786,1986 787,1986 787,1985 788,1985 788,1984 854,1984 854,1985 855,1985 855,2006 1005,2006 1005,2005 1005,2006 1007,2006 1007,2007 1135,2007 1135,1989 1136,1989 1136,1987 1137,1987 1137,1986 1138,1986 1138,1985 1141,1985 1141,1984 1141,1985 1229,1985 1229,1986 1231,1986 1231,1987 1328,1987 1328,1988 1329,1988 1329,1989 1330,1989 1330,1990 1331,1990 1331,1992 1332,1992 1332,1994 1494,1994 1494,1992 1495,1992 1495,1989 1496,1989 1496,1988 1497,1988 1497,1987 1502,1987 1502,1988 1503,1988 1503,2010 1535,2010 1535,2011 1650,2011 1650,2012 1651,2012 1651,2028 1655,2028 1655,2032 1654,2032 1654,2034 1653,2034 1653,2035 1652,2035 1652,2036 1651,2036 1651,2037 1650,2037 1650,2038 1649,2038 1649,2039 1550,2039 1550,2038 1447,2038 1447,2039 1446,2039 1446,2041 1445,2041 1445,2045 1444,2045 1444,2048 1443,2048 1443,2051 1442,2051 1442,2052 1438,2052 1438,2051 1437,2051 1437,2036 1292,2036 1292,2035 1132,2035 1132,2034 846,2034 846,2035 844,2035 844,2034 841,2034 841,2033 788,2033 788,2032 667,2032 667,2033 584,2033 584,2037 583,2037 583,2041 582,2041 582,2044 581,2044 581,2045 507,2045 507,2047 505,2047 505,2046 504,2046 504,2033 416,2033 416,2032 414,2032 414,2031 256,2031 256,2032 255,2032 255,2033 253,2033 253,2032 251,2032 251,2031 250,2031 250,2015 242,2015 242,2014 241,2014 241,2008 242,2008 242,2007 243,2007 243,2006 244,2006 244,2005 246,2005 246,2004 285,2004 285,1983 286,1983 286,1982 288,1982"/>
	<Word id="r192">
	<Coords points="289,1981 289,1982 291,1982 291,1984 292,1984 292,1986 293,1986 293,1988 294,1988 294,1990 295,1990 295,1994 296,1994 296,1996 297,1996 297,2000 298,2000 298,2004 302,2004 302,2005 303,2005 303,2021 306,2021 306,2025 305,2025 305,2027 304,2027 304,2028 303,2028 303,2029 301,2029 301,2030 300,2030 300,2031 256,2031 256,2032 255,2032 255,2033 253,2033 253,2032 251,2032 251,2031 250,2031 250,2015 242,2015 242,2014 241,2014 241,2008 242,2008 242,2007 243,2007 243,2006 244,2006 244,2005 246,2005 246,2004 285,2004 285,1983 286,1983 286,1982 288,1982 288,1981"/>
	<TextEquiv>
	<Unicode>τὰ</Unicode></TextEquiv></Word>
	<Word id="r193">
	<Coords points="568,1983 568,1984 570,1984 570,2005 713,2005 713,2006 715,2006 715,2021 718,2021 718,2022 719,2022 719,2024 718,2024 718,2026 717,2026 717,2027 716,2027 716,2028 715,2028 715,2029 714,2029 714,2030 713,2030 713,2031 711,2031 711,2032 667,2032 667,2033 584,2033 584,2037 583,2037 583,2041 582,2041 582,2044 581,2044 581,2045 507,2045 507,2047 505,2047 505,2046 504,2046 504,2033 416,2033 416,2032 414,2032 414,2031 372,2031 372,2030 371,2030 371,2029 370,2029 370,2028 369,2028 369,2027 368,2027 368,2025 367,2025 367,2017 368,2017 368,2014 369,2014 369,2013 370,2013 370,2012 371,2012 371,2011 373,2011 373,2010 374,2010 374,2009 375,2009 375,2008 376,2008 376,2007 381,2007 381,2006 392,2006 392,2005 480,2005 480,2004 558,2004 558,1995 559,1995 559,1993 560,1993 560,1991 561,1991 561,1989 562,1989 562,1987 563,1987 563,1985 564,1985 564,1984 566,1984 566,1983"/>
	<TextEquiv>
	<Unicode>σταυρώματα</Unicode></TextEquiv></Word>
	<Word id="r194">
	<Coords points="854,1984 854,1985 855,1985 855,2006 1005,2006 1005,2005 1005,2006 1007,2006 1007,2007 1008,2007 1008,2008 1009,2008 1009,2024 1020,2024 1020,2025 1022,2025 1022,2028 1023,2028 1023,2031 1022,2031 1022,2033 1020,2033 1020,2034 846,2034 846,2035 844,2035 844,2034 841,2034 841,2033 788,2033 788,2032 786,2032 786,2031 783,2031 783,2030 782,2030 782,2029 781,2029 781,2028 780,2028 780,2026 779,2026 779,2018 780,2018 780,2015 781,2015 781,2013 782,2013 782,2012 783,2012 783,2011 784,2011 784,2010 785,2010 785,1988 786,1988 786,1986 787,1986 787,1985 788,1985 788,1984"/>
	<TextEquiv>
	<Unicode>διέσπων.</Unicode></TextEquiv></Word>
	<Word id="r195">
	<Coords points="1141,1985 1143,1985 1143,1986 1144,1986 1144,1987 1145,1987 1145,1991 1144,1991 1144,1992 1143,1992 1143,2026 1142,2026 1142,2028 1141,2028 1141,2030 1140,2030 1140,2031 1139,2031 1139,2032 1138,2032 1138,2033 1137,2033 1137,2034 1135,2034 1135,2035 1132,2035 1132,2034 1106,2034 1106,2033 1104,2033 1104,2032 1102,2032 1102,2031 1101,2031 1101,2030 1100,2030 1100,2029 1099,2029 1099,2026 1098,2026 1098,2020 1099,2020 1099,2017 1100,2017 1100,2014 1101,2014 1101,2013 1102,2013 1102,2011 1104,2011 1104,2010 1105,2010 1105,2009 1106,2009 1106,2008 1108,2008 1108,2007 1135,2007 1135,1989 1136,1989 1136,1987 1137,1987 1137,1986 1138,1986 1138,1985 1141,1985 1141,1984"/>
	<TextEquiv>
	<Unicode>οἱ</Unicode></TextEquiv></Word>
	<Word id="r196">
	<Coords points="1229,1985 1229,1986 1231,1986 1231,1989 1232,1989 1232,1995 1231,1995 1231,1998 1229,1998 1229,1999 1227,1999 1227,2000 1219,2000 1219,2025 1218,2025 1218,2026 1217,2026 1217,2029 1216,2029 1216,2031 1215,2031 1215,2032 1213,2032 1213,2033 1211,2033 1211,2034 1209,2034 1209,2035 1203,2035 1203,2034 1200,2034 1200,2033 1198,2033 1198,2032 1197,2032 1197,2031 1196,2031 1196,2030 1195,2030 1195,2029 1194,2029 1194,2027 1193,2027 1193,2019 1194,2019 1194,2017 1195,2017 1195,2015 1196,2015 1196,2014 1197,2014 1197,2013 1198,2013 1198,1991 1199,1991 1199,1989 1200,1989 1200,1987 1203,1987 1203,1986 1224,1986 1224,1985"/>
	<TextEquiv>
	<Unicode>δ᾽</Unicode></TextEquiv></Word>
	<Word id="r197">
	<Coords points="1328,1987 1328,1988 1329,1988 1329,1989 1330,1989 1330,1990 1331,1990 1331,1992 1332,1992 1332,1994 1494,1994 1494,1992 1495,1992 1495,1989 1496,1989 1496,1988 1497,1988 1497,1987 1502,1987 1502,1988 1503,1988 1503,2010 1535,2010 1535,2011 1650,2011 1650,2012 1651,2012 1651,2028 1655,2028 1655,2032 1654,2032 1654,2034 1653,2034 1653,2035 1652,2035 1652,2036 1651,2036 1651,2037 1650,2037 1650,2038 1649,2038 1649,2039 1550,2039 1550,2038 1447,2038 1447,2039 1446,2039 1446,2041 1445,2041 1445,2045 1444,2045 1444,2048 1443,2048 1443,2051 1442,2051 1442,2052 1438,2052 1438,2051 1437,2051 1437,2036 1292,2036 1292,2035 1290,2035 1290,2034 1288,2034 1288,2033 1286,2033 1286,2031 1285,2031 1285,2030 1284,2030 1284,2028 1283,2028 1283,2021 1284,2021 1284,2018 1285,2018 1285,2017 1286,2017 1286,2015 1287,2015 1287,2013 1288,2013 1288,2012 1289,2012 1289,2011 1291,2011 1291,2010 1292,2010 1292,2009 1294,2009 1294,2008 1299,2008 1299,2007 1320,2007 1320,1991 1321,1991 1321,1989 1322,1989 1322,1988 1323,1988 1323,1987"/>
	<TextEquiv>
	<Unicode>εὐτολμότατοι</Unicode></TextEquiv></Word>
	<TextEquiv>
	<Unicode>τὰ σταυρώματα διέσπων. οἱ δ᾽ εὐτολμότατοι</Unicode></TextEquiv></TextLine>
	<TextLine id="r32">
	<Coords points="361,2051 361,2052 363,2052 363,2053 365,2053 365,2054 367,2054 367,2055 368,2055 368,2056 369,2056 369,2057 370,2057 370,2058 371,2058 371,2060 372,2060 372,2061 373,2061 373,2064 374,2064 374,2072 496,2072 496,2065 497,2065 497,2062 498,2062 498,2060 499,2060 499,2056 500,2056 500,2054 501,2054 501,2053 502,2053 502,2051 506,2051 506,2052 507,2052 507,2073 683,2073 683,2056 684,2056 684,2055 685,2055 685,2054 688,2054 688,2053 743,2053 743,2052 745,2052 745,2051 747,2051 747,2052 748,2052 748,2054 749,2054 749,2074 813,2074 813,2075 917,2075 917,2068 918,2068 918,2064 920,2064 920,2062 921,2062 921,2059 922,2059 922,2058 923,2058 923,2056 924,2056 924,2055 925,2055 925,2054 929,2054 929,2055 930,2055 930,2075 1132,2075 1132,2076 1256,2076 1256,2075 1343,2075 1343,2071 1344,2071 1344,2068 1345,2068 1345,2065 1346,2065 1346,2064 1347,2064 1347,2062 1348,2062 1348,2059 1349,2059 1349,2058 1350,2058 1350,2057 1352,2057 1352,2056 1354,2056 1354,2055 1355,2055 1355,2056 1356,2056 1356,2057 1357,2057 1357,2077 1378,2077 1378,2078 1380,2078 1380,2079 1381,2079 1381,2080 1496,2080 1496,2079 1544,2079 1544,2059 1545,2059 1545,2058 1547,2058 1547,2057 1548,2057 1548,2058 1655,2058 1655,2059 1656,2059 1656,2060 1657,2060 1657,2064 1656,2064 1656,2065 1654,2065 1654,2066 1653,2066 1653,2099 1652,2099 1652,2103 1651,2103 1651,2105 1649,2105 1649,2106 1648,2106 1648,2107 1647,2107 1647,2108 1640,2108 1640,2107 1376,2107 1376,2108 1375,2108 1375,2109 1286,2109 1286,2111 1285,2111 1285,2114 1284,2114 1284,2116 1283,2116 1283,2117 1279,2117 1279,2116 1278,2116 1278,2104 1137,2104 1137,2105 1136,2105 1136,2106 1134,2106 1134,2107 1131,2107 1131,2108 1127,2108 1127,2107 1126,2107 1126,2103 849,2103 849,2109 848,2109 848,2111 847,2111 847,2113 846,2113 846,2114 845,2114 845,2115 794,2115 794,2116 794,2115 793,2115 793,2103 615,2103 615,2104 613,2104 613,2105 608,2105 608,2102 451,2102 451,2103 450,2103 450,2107 449,2107 449,2111 448,2111 448,2113 447,2113 447,2114 446,2114 446,2115 445,2115 445,2114 288,2114 288,2116 284,2116 284,2100 248,2100 248,2099 246,2099 246,2085 241,2085 241,2084 240,2084 240,2078 241,2078 241,2075 242,2075 242,2074 244,2074 244,2073 301,2073 301,2072 354,2072 354,2054 355,2054 355,2052 357,2052 357,2051"/>
	<Word id="r198">
	<Coords points="361,2051 361,2052 363,2052 363,2053 365,2053 365,2054 367,2054 367,2055 368,2055 368,2056 369,2056 369,2057 370,2057 370,2058 371,2058 371,2060 372,2060 372,2061 373,2061 373,2064 374,2064 374,2072 496,2072 496,2065 497,2065 497,2062 498,2062 498,2060 499,2060 499,2056 500,2056 500,2054 501,2054 501,2053 502,2053 502,2051 506,2051 506,2052 507,2052 507,2073 614,2073 614,2074 618,2074 618,2075 619,2075 619,2076 621,2076 621,2078 622,2078 622,2079 623,2079 623,2082 622,2082 622,2083 621,2083 621,2084 618,2084 618,2100 617,2100 617,2102 616,2102 616,2103 615,2103 615,2104 613,2104 613,2105 608,2105 608,2102 451,2102 451,2103 450,2103 450,2107 449,2107 449,2111 448,2111 448,2113 447,2113 447,2114 446,2114 446,2115 445,2115 445,2114 288,2114 288,2116 284,2116 284,2100 248,2100 248,2099 246,2099 246,2085 241,2085 241,2084 240,2084 240,2078 241,2078 241,2075 242,2075 242,2074 244,2074 244,2073 301,2073 301,2072 354,2072 354,2054 355,2054 355,2052 357,2052 357,2051"/>
	<TextEquiv>
	<Unicode>προδραμόντες</Unicode></TextEquiv></Word>
	<Word id="r199">
	<Coords points="747,2051 747,2052 748,2052 748,2054 749,2054 749,2074 813,2074 813,2075 917,2075 917,2068 918,2068 918,2064 920,2064 920,2062 921,2062 921,2059 922,2059 922,2058 923,2058 923,2056 924,2056 924,2055 925,2055 925,2054 929,2054 929,2055 930,2055 930,2076 959,2076 959,2078 960,2078 960,2083 959,2083 959,2087 958,2087 958,2089 957,2089 957,2090 956,2090 956,2091 955,2091 955,2092 954,2092 954,2093 953,2093 953,2094 952,2094 952,2095 951,2095 951,2096 950,2096 950,2097 948,2097 948,2099 947,2099 947,2100 946,2100 946,2101 943,2101 943,2102 942,2102 942,2103 849,2103 849,2109 848,2109 848,2111 847,2111 847,2113 846,2113 846,2114 845,2114 845,2115 794,2115 794,2116 794,2115 793,2115 793,2103 698,2103 698,2102 679,2102 679,2101 677,2101 677,2100 676,2100 676,2099 674,2099 674,2098 673,2098 673,2096 672,2096 672,2095 671,2095 671,2086 672,2086 672,2084 673,2084 673,2082 674,2082 674,2080 675,2080 675,2079 676,2079 676,2078 677,2078 677,2077 679,2077 679,2076 681,2076 681,2075 683,2075 683,2056 684,2056 684,2055 685,2055 685,2054 688,2054 688,2053 743,2053 743,2052 745,2052 745,2051"/>
	<TextEquiv>
	<Unicode>ἐνέπρησάν</Unicode></TextEquiv></Word>
	<Word id="r200">
	<Coords points="1132,2075 1132,2076 1137,2076 1137,2077 1138,2077 1138,2078 1140,2078 1140,2079 1141,2079 1141,2080 1142,2080 1142,2082 1143,2082 1142,2082 1142,2085 1141,2085 1141,2086 1140,2086 1140,2087 1137,2087 1137,2105 1136,2105 1136,2106 1134,2106 1134,2107 1131,2107 1131,2108 1127,2108 1127,2107 1126,2107 1126,2103 1012,2103 1012,2102 1010,2102 1010,2087 1003,2087 1003,2086 1002,2086 1002,2078 1003,2078 1003,2077 1006,2077 1006,2076 1012,2076 1012,2075"/>
	<TextEquiv>
	<Unicode>τινας</Unicode></TextEquiv></Word>
	<Word id="r201">
	<Coords points="1355,2055 1355,2056 1356,2056 1356,2057 1357,2057 1357,2077 1378,2077 1378,2078 1380,2078 1380,2079 1381,2079 1381,2080 1382,2080 1382,2081 1383,2081 1383,2082 1384,2082 1384,2095 1395,2095 1395,2096 1396,2096 1396,2097 1397,2097 1397,2098 1398,2098 1398,2103 1397,2103 1397,2104 1396,2104 1396,2105 1377,2105 1377,2107 1376,2107 1376,2108 1375,2108 1375,2109 1286,2109 1286,2111 1285,2111 1285,2114 1284,2114 1284,2116 1283,2116 1283,2117 1279,2117 1279,2116 1278,2116 1278,2104 1200,2104 1200,2103 1196,2103 1196,2102 1195,2102 1195,2101 1194,2101 1194,2100 1193,2100 1193,2099 1192,2099 1192,2098 1191,2098 1191,2096 1190,2096 1190,2090 1191,2090 1191,2088 1192,2088 1192,2086 1193,2086 1193,2085 1194,2085 1194,2084 1195,2084 1195,2082 1196,2082 1196,2081 1198,2081 1198,2080 1199,2080 1199,2079 1202,2079 1202,2078 1204,2078 1204,2077 1221,2077 1221,2076 1256,2076 1256,2075 1343,2075 1343,2071 1344,2071 1344,2068 1345,2068 1345,2065 1346,2065 1346,2064 1347,2064 1347,2062 1348,2062 1348,2059 1349,2059 1349,2058 1350,2058 1350,2057 1352,2057 1352,2056 1354,2056 1354,2055"/>
	<TextEquiv>
	<Unicode>σκηνάς.</Unicode></TextEquiv></Word>
	<Word id="r202">
	<Coords points="1548,2057 1548,2058 1549,2058 1549,2059 1550,2059 1550,2060 1551,2060 1551,2062 1552,2062 1552,2064 1553,2064 1553,2068 1554,2068 1554,2070 1555,2070 1555,2072 1556,2072 1556,2094 1558,2094 1558,2095 1559,2095 1559,2096 1560,2096 1560,2097 1559,2097 1559,2100 1558,2100 1558,2101 1557,2101 1557,2103 1556,2103 1556,2104 1555,2104 1555,2105 1554,2105 1554,2106 1553,2106 1553,2107 1473,2107 1473,2106 1472,2106 1472,2102 1473,2102 1473,2100 1474,2100 1474,2098 1475,2098 1475,2094 1476,2094 1476,2092 1477,2092 1477,2089 1478,2089 1478,2086 1479,2086 1479,2083 1480,2083 1480,2081 1481,2081 1481,2080 1496,2080 1496,2079 1544,2079 1544,2059 1545,2059 1545,2058 1547,2058 1547,2057"/>
	<TextEquiv>
	<Unicode>καὶ</Unicode></TextEquiv></Word>
	<Word id="r203">
	<Coords points="1655,2058 1655,2059 1656,2059 1656,2060 1657,2060 1657,2064 1656,2064 1656,2065 1654,2065 1654,2066 1653,2066 1653,2099 1652,2099 1652,2103 1651,2103 1651,2105 1649,2105 1649,2106 1648,2106 1648,2107 1647,2107 1647,2108 1640,2108 1640,2107 1618,2107 1618,2106 1615,2106 1615,2105 1613,2105 1613,2104 1611,2104 1611,2103 1610,2103 1610,2100 1609,2100 1609,2093 1610,2093 1610,2091 1611,2091 1611,2088 1612,2088 1612,2086 1613,2086 1613,2085 1614,2085 1614,2083 1616,2083 1616,2082 1618,2082 1618,2081 1619,2081 1619,2080 1645,2080 1645,2066 1646,2066 1646,2061 1647,2061 1647,2060 1648,2060 1648,2059 1650,2059 1650,2058"/>
	<TextEquiv>
	<Unicode>οἱ</Unicode></TextEquiv></Word>
	<TextEquiv>
	<Unicode>προδραμόντες ἐνέπρησάν τινας σκηνάς. καὶ οἱ</Unicode></TextEquiv></TextLine>
	<TextLine id="r33">
	<Coords points="307,2120 338,2120 338,2121 344,2121 344,2122 346,2122 346,2123 348,2123 348,2124 349,2124 349,2126 350,2126 350,2128 351,2128 351,2131 352,2131 352,2140 382,2140 382,2141 405,2141 405,2142 431,2142 431,2143 537,2143 537,2142 580,2142 580,2122 581,2122 581,2121 583,2121 583,2120 587,2120 587,2121 589,2121 589,2122 656,2122 656,2123 657,2123 657,2124 658,2124 658,2126 659,2126 659,2128 800,2128 800,2127 801,2127 801,2126 802,2126 802,2124 803,2124 803,2123 804,2123 804,2122 807,2122 807,2125 829,2125 829,2126 830,2126 830,2129 840,2129 840,2130 842,2130 842,2132 843,2132 843,2143 863,2143 863,2144 1001,2144 1001,2124 1002,2124 1002,2123 1004,2123 1004,2122 1006,2122 1006,2123 1008,2123 1008,2124 1009,2124 1009,2125 1010,2125 1010,2127 1011,2127 1011,2144 1138,2144 1138,2139 1139,2139 1139,2136 1140,2136 1140,2134 1141,2134 1141,2131 1142,2131 1142,2130 1143,2130 1143,2127 1144,2127 1144,2125 1145,2125 1145,2124 1146,2124 1146,2123 1148,2123 1148,2122 1149,2122 1149,2123 1169,2123 1169,2124 1172,2124 1172,2125 1173,2125 1173,2126 1174,2126 1174,2127 1175,2127 1175,2128 1177,2128 1177,2130 1178,2130 1178,2131 1179,2131 1179,2133 1180,2133 1180,2135 1181,2135 1181,2145 1215,2145 1215,2146 1334,2146 1334,2145 1393,2145 1393,2128 1394,2128 1394,2126 1396,2126 1396,2125 1500,2125 1500,2126 1501,2126 1501,2128 1502,2128 1502,2147 1617,2147 1617,2148 1635,2148 1635,2149 1636,2149 1636,2166 1648,2166 1648,2167 1650,2167 1650,2169 1651,2169 1651,2176 1650,2176 1650,2178 1649,2178 1649,2180 1648,2180 1648,2181 1647,2181 1647,2182 1645,2182 1645,2183 1641,2183 1641,2175 1429,2175 1429,2182 1428,2182 1428,2183 1427,2183 1427,2184 1426,2184 1426,2185 1425,2185 1425,2186 1424,2186 1424,2187 1422,2187 1422,2188 1415,2188 1415,2187 1414,2187 1414,2186 1413,2186 1413,2175 1411,2175 1411,2174 1330,2174 1330,2173 1144,2173 1144,2176 1143,2176 1143,2182 1142,2182 1142,2184 1141,2184 1141,2185 1140,2185 1140,2186 1137,2186 1137,2185 1136,2185 1136,2172 1086,2172 1086,2171 930,2171 930,2173 927,2173 927,2174 926,2174 926,2175 833,2175 833,2181 831,2181 831,2183 829,2183 829,2184 828,2184 828,2185 826,2185 826,2186 821,2186 821,2185 819,2185 819,2184 818,2184 818,2183 794,2183 794,2182 793,2182 793,2171 706,2171 706,2170 493,2170 493,2171 492,2171 492,2175 491,2175 491,2179 490,2179 490,2183 489,2183 489,2184 487,2184 487,2185 487,2184 485,2184 485,2183 484,2183 484,2174 422,2174 422,2173 421,2173 421,2170 317,2170 317,2172 316,2172 316,2175 315,2175 315,2177 314,2177 314,2178 313,2178 313,2179 312,2179 312,2178 311,2178 311,2168 242,2168 242,2167 241,2167 241,2166 240,2166 240,2165 241,2165 241,2164 242,2164 242,2163 246,2163 246,2162 247,2162 247,2161 249,2161 249,2157 250,2157 250,2155 251,2155 251,2152 252,2152 252,2150 253,2150 253,2148 254,2148 254,2145 255,2145 255,2142 256,2142 256,2140 257,2140 257,2138 258,2138 258,2136 259,2136 259,2133 260,2133 260,2132 261,2132 261,2128 262,2128 262,2126 263,2126 263,2125 264,2125 264,2124 303,2124 303,2122 304,2122 304,2121 305,2121 305,2120 307,2120 307,2119"/>
	<Word id="r204">
	<Coords points="307,2119 307,2120 338,2120 338,2121 344,2121 344,2122 346,2122 346,2123 348,2123 348,2124 349,2124 349,2126 350,2126 350,2128 351,2128 351,2131 352,2131 352,2140 382,2140 382,2141 405,2141 405,2142 431,2142 431,2143 433,2143 433,2145 434,2145 434,2146 436,2146 436,2148 437,2148 437,2150 436,2150 436,2152 435,2152 435,2153 432,2153 432,2170 431,2170 431,2171 430,2171 430,2172 429,2172 429,2173 427,2173 427,2174 422,2174 422,2173 421,2173 421,2170 317,2170 317,2172 316,2172 316,2175 315,2175 315,2177 314,2177 314,2178 313,2178 313,2179 312,2179 312,2178 311,2178 311,2168 242,2168 242,2167 241,2167 241,2166 240,2166 240,2165 241,2165 241,2164 242,2164 242,2163 246,2163 246,2162 247,2162 247,2161 249,2161 249,2157 250,2157 250,2155 251,2155 251,2152 252,2152 252,2150 253,2150 253,2148 254,2148 254,2145 255,2145 255,2142 256,2142 256,2140 257,2140 257,2138 258,2138 258,2136 259,2136 259,2133 260,2133 260,2132 261,2132 261,2128 262,2128 262,2126 263,2126 263,2125 264,2125 264,2124 303,2124 303,2122 304,2122 304,2121 305,2121 305,2120 307,2120"/>
	<TextEquiv>
	<Unicode>Λίβυες</Unicode></TextEquiv></Word>
	<Word id="r206">
	<Coords points="587,2120 587,2121 589,2121 589,2122 590,2122 590,2124 591,2124 591,2126 592,2126 592,2132 591,2132 591,2134 590,2134 590,2135 589,2135 589,2136 588,2136 588,2137 580,2137 580,2147 579,2147 579,2148 578,2148 578,2149 567,2149 567,2152 566,2152 566,2167 565,2167 565,2169 563,2169 563,2170 493,2170 493,2171 492,2171 492,2175 491,2175 491,2179 490,2179 490,2183 489,2183 489,2184 487,2184 487,2185 487,2184 485,2184 485,2183 484,2183 484,2179 485,2179 485,2176 486,2176 486,2173 487,2173 487,2171 488,2171 488,2169 489,2169 489,2164 490,2164 490,2161 491,2161 491,2156 492,2156 492,2153 493,2153 493,2149 494,2149 494,2146 495,2146 495,2144 496,2144 496,2143 537,2143 537,2142 580,2142 580,2122 581,2122 581,2121 583,2121 583,2120"/>
	<TextEquiv>
	<Unicode>μετ᾽</Unicode></TextEquiv></Word>
	<Word id="r207">
	<Coords points="656,2122 656,2123 657,2123 657,2124 658,2124 658,2126 659,2126 659,2128 800,2128 800,2127 801,2127 801,2126 802,2126 802,2124 803,2124 803,2123 804,2123 804,2122 807,2122 807,2125 829,2125 829,2126 830,2126 830,2129 840,2129 840,2130 842,2130 842,2132 843,2132 843,2143 863,2143 863,2144 929,2144 929,2145 932,2145 932,2146 933,2146 933,2147 934,2147 934,2148 935,2148 935,2149 936,2149 936,2152 937,2152 936,2152 936,2154 934,2154 934,2155 932,2155 932,2167 931,2167 931,2171 930,2171 930,2173 927,2173 927,2174 926,2174 926,2175 833,2175 833,2181 831,2181 831,2183 829,2183 829,2184 828,2184 828,2185 826,2185 826,2186 821,2186 821,2185 819,2185 819,2184 818,2184 818,2183 794,2183 794,2182 793,2182 793,2171 706,2171 706,2170 645,2170 645,2169 642,2169 642,2168 641,2168 641,2167 639,2167 639,2166 638,2166 638,2164 637,2164 637,2162 636,2162 636,2155 637,2155 637,2152 638,2152 638,2150 639,2150 639,2149 640,2149 640,2148 641,2148 641,2147 642,2147 642,2146 643,2146 643,2145 645,2145 645,2144 647,2144 647,2143 649,2143 649,2123 651,2123 651,2122"/>
	<TextEquiv>
	<Unicode>ἐκπλήξεως</Unicode></TextEquiv></Word>
	<Word id="r208">
	<Coords points="1004,2122 1006,2122 1006,2123 1008,2123 1008,2124 1009,2124 1009,2125 1010,2125 1010,2127 1011,2127 1011,2144 1138,2144 1138,2139 1139,2139 1139,2136 1140,2136 1140,2134 1141,2134 1141,2131 1142,2131 1142,2130 1143,2130 1143,2127 1144,2127 1144,2125 1145,2125 1145,2124 1146,2124 1146,2123 1148,2123 1148,2122 1149,2122 1149,2123 1169,2123 1169,2124 1172,2124 1172,2125 1173,2125 1173,2126 1174,2126 1174,2127 1175,2127 1175,2128 1177,2128 1177,2130 1178,2130 1178,2131 1179,2131 1179,2133 1180,2133 1180,2135 1181,2135 1181,2145 1215,2145 1215,2146 1251,2146 1251,2147 1252,2147 1252,2148 1253,2148 1253,2152 1252,2152 1252,2155 1251,2155 1251,2157 1250,2157 1250,2159 1249,2159 1249,2161 1248,2161 1248,2162 1247,2162 1247,2163 1245,2163 1245,2164 1244,2164 1244,2165 1243,2165 1243,2167 1242,2167 1242,2169 1239,2169 1239,2170 1237,2170 1237,2171 1235,2171 1235,2172 1231,2172 1231,2173 1144,2173 1144,2176 1143,2176 1143,2182 1142,2182 1142,2184 1141,2184 1141,2185 1140,2185 1140,2186 1137,2186 1137,2185 1136,2185 1136,2172 1086,2172 1086,2171 992,2171 992,2170 989,2170 989,2169 988,2169 988,2168 986,2168 986,2166 985,2166 985,2160 986,2160 986,2158 987,2158 987,2155 988,2155 988,2154 989,2154 989,2152 990,2152 990,2151 991,2151 991,2150 992,2150 992,2149 993,2149 993,2148 994,2148 994,2147 996,2147 996,2146 998,2146 998,2145 1001,2145 1001,2124 1002,2124 1002,2123 1004,2123"/>
	<TextEquiv>
	<Unicode>ἀνεπήδων</Unicode></TextEquiv></Word>
	<Word id="r210">
	<Coords points="1340,2145 1340,2146 1343,2146 1343,2147 1344,2147 1344,2149 1345,2149 1345,2152 1344,2152 1344,2153 1343,2153 1343,2154 1342,2154 1342,2171 1341,2171 1341,2172 1339,2172 1339,2173 1336,2173 1336,2174 1330,2174 1330,2173 1301,2173 1301,2172 1299,2172 1299,2171 1298,2171 1298,2156 1291,2156 1291,2155 1290,2155 1290,2149 1291,2149 1291,2148 1292,2148 1292,2147 1293,2147 1293,2146 1334,2146 1334,2145"/>
	<TextEquiv>
	<Unicode>τε</Unicode></TextEquiv></Word>
	<Word id="r211">
	<Coords points="1399,2125 1399,2126 1425,2126 1425,2127 1426,2127 1426,2131 1436,2131 1436,2132 1438,2132 1438,2133 1439,2133 1439,2138 1437,2138 1437,2154 1436,2154 1436,2156 1435,2156 1435,2157 1433,2157 1433,2158 1429,2158 1429,2182 1428,2182 1428,2183 1427,2183 1427,2184 1426,2184 1426,2185 1425,2185 1425,2186 1424,2186 1424,2187 1422,2187 1422,2188 1415,2188 1415,2187 1414,2187 1414,2186 1413,2186 1413,2175 1411,2175 1411,2174 1410,2174 1410,2173 1389,2173 1389,2172 1386,2172 1386,2171 1385,2171 1385,2170 1384,2170 1384,2169 1382,2169 1382,2166 1381,2166 1381,2162 1380,2162 1381,2162 1381,2158 1382,2158 1382,2155 1383,2155 1383,2153 1384,2153 1384,2152 1385,2152 1385,2150 1386,2150 1386,2149 1388,2149 1388,2148 1389,2148 1389,2147 1392,2147 1392,2146 1393,2146 1393,2128 1394,2128 1394,2126 1396,2126 1396,2125"/>
	<TextEquiv>
	<Unicode>ἐξ</Unicode></TextEquiv></Word>
	<Word id="r212">
	<Coords points="1500,2125 1500,2126 1501,2126 1501,2128 1502,2128 1502,2147 1617,2147 1617,2148 1635,2148 1635,2149 1636,2149 1636,2166 1648,2166 1648,2167 1650,2167 1650,2169 1651,2169 1651,2176 1650,2176 1650,2178 1649,2178 1649,2180 1648,2180 1648,2181 1647,2181 1647,2182 1645,2182 1645,2183 1641,2183 1641,2175 1483,2175 1483,2174 1480,2174 1480,2173 1478,2173 1478,2172 1477,2172 1477,2171 1476,2171 1476,2170 1475,2170 1475,2153 1473,2153 1473,2150 1474,2150 1474,2149 1475,2149 1475,2148 1477,2148 1477,2147 1481,2147 1481,2132 1482,2132 1482,2131 1483,2131 1483,2130 1484,2130 1484,2129 1495,2129 1495,2128 1496,2128 1496,2126 1498,2126 1498,2125"/>
	<TextEquiv>
	<Unicode>ὕπνου,</Unicode></TextEquiv></Word>
	<TextEquiv>
	<Unicode>Λίβυες μετ᾽ ἐκπλήξεως ἀνεπήδων τε ἐξ ὕπνου,</Unicode></TextEquiv></TextLine>
	<TextLine id="r68">
	<Coords points="314,2188 314,2189 315,2189 315,2190 316,2190 316,2191 317,2191 317,2192 419,2192 419,2190 420,2190 420,2188 424,2188 424,2189 514,2189 514,2190 515,2190 515,2197 568,2197 568,2198 570,2198 570,2199 572,2199 572,2200 573,2200 573,2201 574,2201 574,2202 575,2202 575,2203 576,2203 576,2204 577,2204 577,2206 578,2206 578,2208 579,2208 579,2211 730,2211 730,2210 795,2210 795,2198 796,2198 796,2197 858,2197 858,2195 859,2195 859,2193 860,2193 860,2192 861,2192 861,2191 862,2191 862,2190 865,2190 865,2191 866,2191 866,2192 937,2192 937,2193 942,2193 942,2194 943,2194 943,2195 944,2195 944,2196 945,2196 945,2197 946,2197 946,2198 947,2198 947,2200 948,2200 948,2202 949,2202 949,2212 1034,2212 1034,2213 1201,2213 1201,2192 1202,2192 1202,2191 1205,2191 1205,2192 1276,2192 1276,2193 1277,2193 1277,2194 1278,2194 1278,2195 1279,2195 1279,2198 1280,2198 1280,2214 1393,2214 1393,2192 1394,2192 1394,2191 1397,2191 1397,2192 1399,2192 1399,2195 1400,2195 1400,2197 1401,2197 1401,2200 1402,2200 1402,2202 1403,2202 1403,2205 1404,2205 1404,2206 1405,2206 1405,2209 1406,2209 1406,2214 1534,2214 1534,2208 1535,2208 1535,2206 1536,2206 1536,2205 1537,2205 1537,2202 1538,2202 1538,2200 1539,2200 1539,2199 1540,2199 1540,2197 1541,2197 1541,2196 1542,2196 1542,2195 1543,2195 1543,2194 1547,2194 1547,2195 1548,2195 1548,2196 1569,2196 1569,2197 1571,2197 1571,2198 1572,2198 1572,2202 1583,2202 1583,2203 1584,2203 1584,2204 1585,2204 1585,2216 1642,2216 1642,2217 1647,2217 1647,2218 1649,2218 1649,2219 1651,2219 1651,2220 1652,2220 1652,2222 1653,2222 1653,2226 1652,2226 1652,2227 1648,2227 1648,2241 1647,2241 1647,2244 1646,2244 1646,2245 1645,2245 1645,2246 1643,2246 1643,2247 1575,2247 1575,2249 1574,2249 1574,2253 1573,2253 1573,2254 1572,2254 1572,2255 1571,2255 1571,2256 1569,2256 1569,2257 1567,2257 1567,2258 1560,2258 1560,2257 1558,2257 1558,2245 1557,2245 1557,2244 1556,2244 1556,2243 1433,2243 1433,2244 1431,2244 1431,2245 1429,2245 1429,2246 1426,2246 1426,2245 1425,2245 1425,2242 1297,2242 1297,2244 1295,2244 1295,2245 1289,2245 1289,2244 1288,2244 1288,2241 1266,2241 1266,2240 1133,2240 1133,2241 1086,2241 1086,2242 1085,2242 1085,2244 1084,2244 1084,2245 1083,2245 1083,2246 1081,2246 1081,2247 1077,2247 1077,2240 914,2240 914,2241 913,2241 913,2246 912,2246 912,2250 911,2250 911,2251 874,2251 874,2253 873,2253 873,2254 869,2254 869,2252 868,2252 868,2239 681,2239 681,2240 680,2240 680,2243 679,2243 679,2247 678,2247 678,2250 677,2250 677,2251 676,2251 676,2252 674,2252 674,2251 673,2251 673,2249 672,2249 672,2238 544,2238 544,2239 528,2239 528,2238 387,2238 387,2237 258,2237 258,2236 240,2236 240,2235 239,2235 239,2231 240,2231 240,2228 241,2228 241,2226 242,2226 242,2224 243,2224 243,2220 244,2220 244,2216 245,2216 245,2213 246,2213 246,2212 247,2212 247,2211 248,2211 248,2210 251,2210 251,2209 311,2209 311,2189 312,2189 312,2188"/>
	<Word id="r292">
	<Coords points="314,2188 314,2189 315,2189 315,2190 316,2190 316,2191 317,2191 317,2192 318,2192 318,2194 319,2194 319,2197 320,2197 320,2198 321,2198 321,2201 322,2201 322,2203 323,2203 323,2224 325,2224 325,2225 327,2225 327,2227 326,2227 326,2230 325,2230 325,2233 324,2233 324,2234 323,2234 323,2235 322,2235 322,2236 319,2236 319,2237 258,2237 258,2236 240,2236 240,2235 239,2235 239,2231 240,2231 240,2228 241,2228 241,2226 242,2226 242,2224 243,2224 243,2220 244,2220 244,2216 245,2216 245,2213 246,2213 246,2212 247,2212 247,2211 248,2211 248,2210 251,2210 251,2209 311,2209 311,2189 312,2189 312,2188"/>
	<TextEquiv>
	<Unicode>καὶ</Unicode></TextEquiv></Word>
	<Word id="r293">
	<Coords points="424,2188 424,2189 425,2189 425,2190 426,2190 426,2192 427,2192 427,2195 428,2195 428,2198 429,2198 429,2200 430,2200 430,2202 431,2202 431,2205 432,2205 432,2211 435,2211 435,2212 437,2212 437,2227 439,2227 439,2228 440,2228 440,2232 439,2232 439,2234 438,2234 438,2235 437,2235 437,2236 435,2236 435,2237 433,2237 433,2238 387,2238 387,2237 385,2237 385,2236 384,2236 384,2221 377,2221 377,2220 376,2220 376,2219 375,2219 375,2217 376,2217 376,2213 377,2213 377,2212 378,2212 378,2211 381,2211 381,2210 419,2210 419,2190 420,2190 420,2188"/>
	<TextEquiv>
	<Unicode>τὰ</Unicode></TextEquiv></Word>
	<Word id="r294">
	<Coords points="514,2189 514,2190 515,2190 515,2197 568,2197 568,2198 570,2198 570,2199 572,2199 572,2200 573,2200 573,2201 574,2201 574,2202 575,2202 575,2203 576,2203 576,2204 577,2204 577,2206 578,2206 578,2208 579,2208 579,2211 627,2211 627,2213 628,2213 628,2227 631,2227 631,2230 630,2230 630,2232 629,2232 629,2233 628,2233 628,2234 627,2234 627,2235 626,2235 626,2236 622,2236 622,2237 590,2237 590,2238 544,2238 544,2239 528,2239 528,2238 498,2238 498,2237 495,2237 495,2236 493,2236 493,2235 492,2235 492,2234 491,2234 491,2232 490,2232 490,2231 489,2231 489,2221 490,2221 490,2219 491,2219 491,2217 492,2217 492,2216 493,2216 493,2215 494,2215 494,2213 495,2213 495,2197 496,2197 496,2195 497,2195 497,2193 499,2193 499,2192 510,2192 510,2190 512,2190 512,2189"/>
	<TextEquiv>
	<Unicode>ὅπλα</Unicode></TextEquiv></Word>
	<Word id="r295">
	<Coords points="865,2190 865,2191 866,2191 866,2192 937,2192 937,2193 942,2193 942,2194 943,2194 943,2195 944,2195 944,2196 945,2196 945,2197 946,2197 946,2198 947,2198 947,2200 948,2200 948,2202 949,2202 949,2212 1034,2212 1034,2213 1072,2213 1072,2215 1073,2215 1073,2231 1085,2231 1085,2232 1086,2232 1086,2233 1087,2233 1087,2235 1088,2235 1088,2237 1087,2237 1087,2241 1086,2241 1086,2242 1085,2242 1085,2244 1084,2244 1084,2245 1083,2245 1083,2246 1081,2246 1081,2247 1077,2247 1077,2240 914,2240 914,2241 913,2241 913,2246 912,2246 912,2250 911,2250 911,2251 874,2251 874,2253 873,2253 873,2254 869,2254 869,2252 868,2252 868,2239 681,2239 681,2240 680,2240 680,2243 679,2243 679,2247 678,2247 678,2250 677,2250 677,2251 676,2251 676,2252 674,2252 674,2251 673,2251 673,2249 672,2249 672,2247 673,2247 673,2243 674,2243 674,2242 675,2242 675,2238 676,2238 676,2235 677,2235 677,2232 678,2232 678,2229 679,2229 679,2224 680,2224 680,2222 681,2222 681,2218 682,2218 682,2216 683,2216 683,2213 684,2213 684,2212 685,2212 685,2211 730,2211 730,2210 795,2210 795,2198 796,2198 796,2197 858,2197 858,2195 859,2195 859,2193 860,2193 860,2192 861,2192 861,2191 862,2191 862,2190"/>
	<TextEquiv>
	<Unicode>μετελάμβανον,</Unicode></TextEquiv></Word>
	<Word id="r296">
	<Coords points="1205,2191 1205,2192 1206,2192 1206,2193 1207,2193 1207,2194 1208,2194 1208,2196 1209,2196 1209,2199 1210,2199 1210,2203 1211,2203 1211,2205 1212,2205 1212,2206 1213,2206 1213,2228 1216,2228 1216,2230 1217,2230 1216,2230 1216,2234 1215,2234 1215,2235 1214,2235 1214,2236 1213,2236 1213,2238 1212,2238 1212,2239 1210,2239 1210,2240 1133,2240 1133,2241 1132,2241 1132,2240 1130,2240 1130,2239 1131,2239 1131,2236 1132,2236 1132,2233 1133,2233 1133,2231 1134,2231 1134,2227 1135,2227 1135,2225 1136,2225 1136,2221 1137,2221 1137,2218 1138,2218 1138,2216 1139,2216 1139,2215 1140,2215 1140,2214 1156,2214 1156,2213 1201,2213 1201,2192 1202,2192 1202,2191"/>
	<TextEquiv>
	<Unicode>καὶ</Unicode></TextEquiv></Word>
	<Word id="r297">
	<Coords points="1276,2192 1276,2193 1277,2193 1277,2194 1278,2194 1278,2195 1279,2195 1279,2198 1280,2198 1280,2214 1296,2214 1296,2215 1299,2215 1299,2216 1301,2216 1301,2217 1302,2217 1302,2218 1303,2218 1303,2219 1304,2219 1304,2220 1305,2220 1305,2221 1304,2221 1304,2224 1303,2224 1303,2225 1299,2225 1299,2241 1298,2241 1298,2242 1297,2242 1297,2244 1295,2244 1295,2245 1289,2245 1289,2244 1288,2244 1288,2241 1266,2241 1266,2240 1263,2240 1263,2239 1261,2239 1261,2238 1260,2238 1260,2237 1259,2237 1259,2235 1258,2235 1258,2234 1257,2234 1257,2232 1256,2232 1256,2226 1257,2226 1257,2222 1258,2222 1258,2221 1259,2221 1259,2220 1260,2220 1260,2218 1262,2218 1262,2217 1263,2217 1263,2216 1264,2216 1264,2215 1265,2215 1265,2214 1268,2214 1268,2194 1269,2194 1269,2193 1270,2193 1270,2192"/>
	<TextEquiv>
	<Unicode>ἐς</Unicode></TextEquiv></Word>
	<Word id="r298">
	<Coords points="1397,2191 1397,2192 1399,2192 1399,2195 1400,2195 1400,2197 1401,2197 1401,2200 1402,2200 1402,2202 1403,2202 1403,2205 1404,2205 1404,2206 1405,2206 1405,2209 1406,2209 1406,2214 1434,2214 1434,2215 1436,2215 1436,2216 1438,2216 1438,2217 1439,2217 1439,2218 1440,2218 1440,2219 1441,2219 1441,2223 1440,2223 1440,2224 1439,2224 1439,2225 1435,2225 1435,2241 1434,2241 1434,2243 1433,2243 1433,2244 1431,2244 1431,2245 1429,2245 1429,2246 1426,2246 1426,2245 1425,2245 1425,2242 1359,2242 1359,2241 1358,2241 1358,2226 1351,2226 1351,2225 1349,2225 1349,2219 1350,2219 1350,2218 1351,2218 1351,2217 1352,2217 1352,2215 1374,2215 1374,2214 1393,2214 1393,2192 1394,2192 1394,2191"/>
	<TextEquiv>
	<Unicode>τὰς</Unicode></TextEquiv></Word>
	<Word id="r299">
	<Coords points="1547,2194 1547,2195 1548,2195 1548,2196 1569,2196 1569,2197 1571,2197 1571,2198 1572,2198 1572,2202 1583,2202 1583,2203 1584,2203 1584,2204 1585,2204 1585,2216 1642,2216 1642,2217 1647,2217 1647,2218 1649,2218 1649,2219 1651,2219 1651,2220 1652,2220 1652,2222 1653,2222 1653,2226 1652,2226 1652,2227 1648,2227 1648,2241 1647,2241 1647,2244 1646,2244 1646,2245 1645,2245 1645,2246 1643,2246 1643,2247 1575,2247 1575,2249 1574,2249 1574,2253 1573,2253 1573,2254 1572,2254 1572,2255 1571,2255 1571,2256 1569,2256 1569,2257 1567,2257 1567,2258 1560,2258 1560,2257 1558,2257 1558,2245 1557,2245 1557,2244 1556,2244 1556,2243 1524,2243 1524,2242 1493,2242 1493,2241 1492,2241 1492,2240 1491,2240 1491,2225 1484,2225 1484,2224 1483,2224 1483,2220 1484,2220 1484,2218 1485,2218 1485,2217 1486,2217 1486,2216 1490,2216 1490,2215 1534,2215 1534,2208 1535,2208 1535,2206 1536,2206 1536,2205 1537,2205 1537,2202 1538,2202 1538,2200 1539,2200 1539,2199 1540,2199 1540,2197 1541,2197 1541,2196 1542,2196 1542,2195 1543,2195 1543,2194"/>
	<TextEquiv>
	<Unicode>τάξεις</Unicode></TextEquiv></Word>
	<TextEquiv>
	<Unicode>καὶ τὰ ὅπλα μετελάμβανον, καὶ ἐς τὰς τάξεις</Unicode></TextEquiv></TextLine>
	<TextLine id="r36">
	<Coords points="260,2256 261,2256 261,2257 339,2257 339,2258 340,2258 340,2278 372,2278 372,2279 518,2279 518,2261 519,2261 519,2260 520,2260 520,2259 522,2259 522,2258 591,2258 591,2257 594,2257 594,2258 595,2258 595,2278 618,2278 618,2279 622,2279 622,2280 866,2280 866,2261 960,2261 960,2262 965,2262 965,2263 967,2263 967,2264 968,2264 968,2265 969,2265 969,2266 970,2266 970,2268 971,2268 971,2281 1131,2281 1131,2280 1136,2280 1136,2281 1139,2281 1139,2282 1266,2282 1266,2281 1278,2281 1278,2269 1282,2269 1282,2268 1318,2268 1318,2267 1319,2267 1319,2268 1324,2268 1324,2269 1325,2269 1325,2270 1327,2270 1327,2272 1328,2272 1328,2273 1329,2273 1329,2274 1331,2274 1331,2276 1433,2276 1433,2274 1434,2274 1434,2272 1435,2272 1435,2269 1436,2269 1436,2268 1437,2268 1437,2264 1438,2264 1438,2262 1440,2262 1440,2261 1444,2261 1444,2283 1575,2283 1575,2267 1576,2267 1576,2266 1577,2266 1577,2265 1578,2265 1578,2264 1579,2264 1579,2263 1635,2263 1635,2264 1636,2264 1636,2265 1637,2265 1637,2267 1638,2267 1638,2268 1639,2268 1639,2273 1640,2273 1640,2274 1641,2274 1641,2278 1642,2278 1642,2286 1647,2286 1647,2287 1648,2287 1648,2302 1650,2302 1650,2303 1651,2303 1651,2305 1650,2305 1650,2307 1649,2307 1649,2308 1648,2308 1648,2309 1647,2309 1647,2310 1646,2310 1646,2311 1645,2311 1645,2312 1519,2312 1519,2311 1389,2311 1389,2313 1388,2313 1388,2316 1387,2316 1387,2318 1386,2318 1386,2321 1385,2321 1385,2322 1383,2322 1383,2323 1383,2322 1381,2322 1381,2309 1239,2309 1239,2310 1238,2310 1238,2317 1237,2317 1237,2320 1236,2320 1236,2322 1235,2322 1235,2323 1233,2323 1233,2324 1232,2324 1232,2323 1118,2323 1118,2324 1115,2324 1115,2308 949,2308 949,2309 918,2309 918,2308 917,2308 917,2307 795,2307 795,2308 763,2308 763,2309 762,2309 762,2311 761,2311 761,2312 759,2312 759,2313 758,2313 758,2314 757,2314 757,2315 753,2315 753,2314 752,2314 752,2308 604,2308 604,2311 603,2311 603,2317 602,2317 602,2320 601,2320 601,2322 600,2322 600,2323 543,2323 543,2322 542,2322 542,2311 461,2311 461,2309 460,2309 460,2307 389,2307 389,2306 387,2306 387,2305 247,2305 247,2304 244,2304 244,2303 243,2303 243,2302 242,2302 242,2301 241,2301 241,2300 240,2300 240,2297 239,2297 239,2294 240,2294 240,2292 241,2292 241,2288 242,2288 242,2287 243,2287 243,2286 244,2286 244,2284 245,2284 245,2283 246,2283 246,2282 247,2282 247,2281 249,2281 249,2280 250,2280 250,2279 255,2279 255,2258 257,2258 257,2257 260,2257"/>
	<Word id="r213">
	<Coords points="261,2256 261,2257 339,2257 339,2258 340,2258 340,2278 372,2278 372,2279 470,2279 470,2280 471,2280 471,2281 474,2281 474,2282 475,2282 475,2285 476,2285 476,2289 471,2289 471,2306 470,2306 470,2308 469,2308 469,2309 467,2309 467,2310 465,2310 465,2311 461,2311 461,2309 460,2309 460,2307 389,2307 389,2306 387,2306 387,2305 247,2305 247,2304 244,2304 244,2303 243,2303 243,2302 242,2302 242,2301 241,2301 241,2300 240,2300 240,2297 239,2297 239,2294 240,2294 240,2292 241,2292 241,2288 242,2288 242,2287 243,2287 243,2286 244,2286 244,2284 245,2284 245,2283 246,2283 246,2282 247,2282 247,2281 249,2281 249,2280 250,2280 250,2279 255,2279 255,2258 257,2258 257,2257 260,2257 260,2256"/>
	<TextEquiv>
	<Unicode>ἀτάκτως</Unicode></TextEquiv></Word>
	<Word id="r214">
	<Coords points="594,2257 594,2258 595,2258 595,2278 618,2278 618,2279 622,2279 622,2280 740,2280 740,2281 743,2281 743,2282 744,2282 744,2283 745,2283 745,2285 746,2285 746,2286 747,2286 747,2297 759,2297 759,2298 761,2298 761,2299 762,2299 762,2300 763,2300 763,2302 764,2302 764,2308 763,2308 763,2309 762,2309 762,2311 761,2311 761,2312 759,2312 759,2313 758,2313 758,2314 757,2314 757,2315 753,2315 753,2314 752,2314 752,2308 604,2308 604,2311 603,2311 603,2317 602,2317 602,2320 601,2320 601,2322 600,2322 600,2323 543,2323 543,2322 542,2322 542,2306 514,2306 514,2305 512,2305 512,2304 510,2304 510,2303 509,2303 509,2301 508,2301 508,2300 507,2300 507,2297 506,2297 506,2295 507,2295 507,2290 508,2290 508,2287 509,2287 509,2286 510,2286 510,2284 511,2284 511,2283 512,2283 512,2282 514,2282 514,2281 516,2281 516,2280 518,2280 518,2261 519,2261 519,2260 520,2260 520,2259 522,2259 522,2258 591,2258 591,2257"/>
	<TextEquiv>
	<Unicode>ἐφέροντο,</Unicode></TextEquiv></Word>
	<Word id="r215">
	<Coords points="869,2261 869,2262 870,2262 870,2263 871,2263 871,2265 872,2265 872,2267 873,2267 873,2269 874,2269 874,2270 875,2270 875,2272 876,2272 876,2274 877,2274 877,2297 879,2297 879,2301 878,2301 878,2303 877,2303 877,2304 876,2304 876,2305 875,2305 875,2306 874,2306 874,2307 795,2307 795,2308 794,2308 794,2307 793,2307 793,2302 794,2302 794,2301 795,2301 795,2297 796,2297 796,2295 797,2295 797,2293 798,2293 798,2290 799,2290 799,2286 800,2286 800,2284 801,2284 801,2282 803,2282 803,2281 805,2281 805,2280 866,2280 866,2261"/>
	<TextEquiv>
	<Unicode>καὶ</Unicode></TextEquiv></Word>
	<Word id="r216">
	<Coords points="960,2262 965,2262 965,2263 967,2263 967,2264 968,2264 968,2265 969,2265 969,2266 970,2266 970,2268 971,2268 971,2281 1007,2281 1007,2282 1008,2282 1008,2284 1009,2284 1008,2284 1008,2289 1007,2289 1007,2292 1006,2292 1006,2293 1005,2293 1005,2296 1004,2296 1004,2298 1003,2298 1003,2299 1002,2299 1002,2300 1000,2300 1000,2301 999,2301 999,2302 998,2302 998,2303 997,2303 997,2304 995,2304 995,2305 994,2305 994,2306 991,2306 991,2307 989,2307 989,2308 949,2308 949,2309 918,2309 918,2308 917,2308 917,2307 916,2307 916,2306 915,2306 915,2293 908,2293 908,2292 907,2292 907,2289 906,2289 907,2289 907,2285 908,2285 908,2283 909,2283 909,2282 910,2282 910,2281 914,2281 914,2280 951,2280 951,2269 952,2269 952,2267 953,2267 953,2266 954,2266 954,2264 955,2264 955,2263 956,2263 956,2262 960,2262 960,2261"/>
	<TextEquiv>
	<Unicode>τῶν</Unicode></TextEquiv></Word>
	<Word id="r217">
	<Coords points="1444,2261 1444,2283 1490,2283 1490,2284 1542,2284 1542,2285 1543,2285 1543,2288 1544,2288 1543,2288 1543,2293 1542,2293 1542,2294 1541,2294 1541,2296 1540,2296 1540,2298 1539,2298 1539,2300 1538,2300 1538,2301 1537,2301 1537,2302 1536,2302 1536,2303 1535,2303 1535,2304 1533,2304 1533,2305 1532,2305 1532,2306 1531,2306 1531,2307 1530,2307 1530,2308 1529,2308 1529,2309 1525,2309 1525,2310 1524,2310 1524,2311 1520,2311 1520,2312 1519,2312 1519,2311 1389,2311 1389,2313 1388,2313 1388,2316 1387,2316 1387,2318 1386,2318 1386,2321 1385,2321 1385,2322 1383,2322 1383,2323 1383,2322 1381,2322 1381,2309 1239,2309 1239,2310 1238,2310 1238,2317 1237,2317 1237,2320 1236,2320 1236,2322 1235,2322 1235,2323 1233,2323 1233,2324 1232,2324 1232,2323 1118,2323 1118,2324 1115,2324 1115,2308 1041,2308 1041,2293 1036,2293 1036,2290 1035,2290 1035,2285 1036,2285 1036,2284 1038,2284 1038,2283 1040,2283 1040,2282 1046,2282 1046,2281 1131,2281 1131,2280 1136,2280 1136,2281 1139,2281 1139,2282 1266,2282 1266,2281 1278,2281 1278,2269 1282,2269 1282,2268 1318,2268 1318,2267 1319,2267 1319,2268 1324,2268 1324,2269 1325,2269 1325,2270 1327,2270 1327,2272 1328,2272 1328,2273 1329,2273 1329,2274 1331,2274 1331,2276 1433,2276 1433,2274 1434,2274 1434,2272 1435,2272 1435,2269 1436,2269 1436,2268 1437,2268 1437,2264 1438,2264 1438,2262 1440,2262 1440,2261"/>
	<TextEquiv>
	<Unicode>παραγγελλομένων</Unicode></TextEquiv></Word>
	<Word id="r218">
	<Coords points="1635,2263 1635,2264 1636,2264 1636,2265 1637,2265 1637,2267 1638,2267 1638,2268 1639,2268 1639,2273 1640,2273 1640,2274 1641,2274 1641,2278 1642,2278 1642,2286 1647,2286 1647,2287 1648,2287 1648,2302 1650,2302 1650,2303 1651,2303 1651,2305 1650,2305 1650,2307 1649,2307 1649,2308 1648,2308 1648,2309 1647,2309 1647,2310 1646,2310 1646,2311 1645,2311 1645,2312 1605,2312 1605,2311 1576,2311 1576,2310 1574,2310 1574,2309 1573,2309 1573,2308 1572,2308 1572,2307 1571,2307 1571,2306 1570,2306 1570,2296 1571,2296 1571,2293 1572,2293 1572,2292 1573,2292 1573,2290 1574,2290 1574,2289 1575,2289 1575,2267 1576,2267 1576,2266 1577,2266 1577,2265 1578,2265 1578,2264 1579,2264 1579,2263"/>
	<TextEquiv>
	<Unicode>διὰ</Unicode></TextEquiv></Word>
	<TextEquiv>
	<Unicode>ἀτάκτως ἐφέροντο, καὶ τῶν παραγγελλομένων διὰ</Unicode></TextEquiv></TextLine>
	<TextLine id="r37">
	<Coords points="281,2324 281,2325 282,2325 282,2326 401,2326 401,2325 403,2325 403,2324 407,2324 407,2325 408,2325 408,2327 508,2327 508,2328 510,2328 510,2329 511,2329 511,2330 513,2330 513,2332 514,2332 514,2333 515,2333 515,2334 516,2334 516,2338 517,2338 517,2348 645,2348 645,2328 648,2328 648,2327 649,2327 649,2328 651,2328 651,2329 652,2329 652,2330 653,2330 653,2331 654,2331 654,2348 808,2348 808,2344 809,2344 809,2340 810,2340 810,2338 811,2338 811,2335 812,2335 812,2332 813,2332 813,2330 814,2330 814,2328 815,2328 815,2327 816,2327 816,2326 820,2326 820,2327 821,2327 821,2348 1050,2348 1050,2331 1051,2331 1051,2329 1055,2329 1055,2328 1106,2328 1106,2329 1186,2329 1186,2330 1187,2330 1187,2331 1188,2331 1188,2332 1282,2332 1282,2333 1387,2333 1387,2332 1393,2332 1393,2333 1394,2333 1394,2334 1396,2334 1396,2335 1397,2335 1397,2336 1398,2336 1398,2338 1399,2338 1399,2351 1491,2351 1491,2352 1520,2352 1520,2353 1605,2353 1605,2354 1622,2354 1622,2355 1624,2355 1624,2356 1625,2356 1625,2358 1626,2358 1626,2362 1644,2362 1644,2363 1646,2363 1646,2364 1647,2364 1647,2365 1646,2365 1646,2366 1645,2366 1645,2367 1624,2367 1624,2370 1623,2370 1623,2373 1622,2373 1622,2377 1621,2377 1621,2380 1620,2380 1620,2383 1619,2383 1619,2387 1618,2387 1618,2390 1617,2390 1617,2391 1616,2391 1616,2392 1613,2392 1613,2391 1612,2391 1612,2381 1503,2381 1503,2384 1502,2384 1502,2387 1501,2387 1501,2394 1500,2394 1500,2395 1498,2395 1498,2394 1497,2394 1497,2379 1381,2379 1381,2378 1272,2378 1272,2377 987,2377 987,2379 986,2379 986,2380 985,2380 985,2381 984,2381 984,2382 982,2382 982,2383 980,2383 980,2384 978,2384 978,2383 977,2383 977,2377 928,2377 928,2376 814,2376 814,2381 813,2381 813,2384 812,2384 812,2387 811,2387 811,2389 810,2389 810,2390 807,2390 807,2389 806,2389 806,2376 688,2376 688,2375 482,2375 482,2378 481,2378 481,2382 480,2382 480,2385 479,2385 479,2386 478,2386 478,2387 415,2387 415,2390 412,2390 412,2389 411,2389 411,2375 393,2375 393,2374 282,2374 282,2373 248,2373 248,2372 246,2372 246,2356 240,2356 240,2355 238,2355 238,2349 239,2349 239,2348 240,2348 240,2346 245,2346 245,2345 279,2345 279,2324"/>
	<Word id="r219">
	<Coords points="281,2324 281,2325 282,2325 282,2326 283,2326 283,2327 284,2327 284,2330 285,2330 285,2332 286,2332 286,2334 287,2334 287,2336 288,2336 288,2339 289,2339 289,2346 322,2346 322,2347 323,2347 323,2348 324,2348 324,2356 323,2356 323,2357 322,2357 322,2359 321,2359 321,2361 320,2361 320,2362 319,2362 319,2363 318,2363 318,2364 317,2364 317,2365 316,2365 316,2366 315,2366 315,2367 314,2367 314,2368 313,2368 313,2369 311,2369 311,2370 309,2370 309,2371 307,2371 307,2372 305,2372 305,2373 282,2373 282,2374 282,2373 248,2373 248,2372 246,2372 246,2356 240,2356 240,2355 238,2355 238,2349 239,2349 239,2348 240,2348 240,2346 245,2346 245,2345 279,2345 279,2324"/>
	<TextEquiv>
	<Unicode>τὸν</Unicode></TextEquiv></Word>
	<Word id="r220">
	<Coords points="407,2324 407,2325 408,2325 408,2327 508,2327 508,2328 510,2328 510,2329 511,2329 511,2330 513,2330 513,2332 514,2332 514,2333 515,2333 515,2334 516,2334 516,2338 517,2338 517,2348 573,2348 573,2349 574,2349 574,2350 575,2350 575,2356 574,2356 574,2358 573,2358 573,2360 572,2360 572,2361 571,2361 571,2362 570,2362 570,2364 569,2364 569,2365 568,2365 568,2366 567,2366 567,2367 566,2367 566,2368 565,2368 565,2369 563,2369 563,2370 562,2370 562,2371 560,2371 560,2372 558,2372 558,2373 557,2373 557,2374 553,2374 553,2375 482,2375 482,2378 481,2378 481,2382 480,2382 480,2385 479,2385 479,2386 478,2386 478,2387 415,2387 415,2390 412,2390 412,2389 411,2389 411,2375 393,2375 393,2374 357,2374 357,2373 356,2373 356,2372 354,2372 354,2371 353,2371 353,2369 352,2369 352,2367 351,2367 351,2357 352,2357 352,2352 353,2352 353,2348 354,2348 354,2346 355,2346 355,2344 356,2344 356,2342 357,2342 357,2341 358,2341 358,2339 359,2339 359,2338 360,2338 360,2336 361,2336 361,2334 363,2334 363,2333 364,2333 364,2332 365,2332 365,2331 366,2331 366,2329 368,2329 368,2328 369,2328 369,2327 371,2327 371,2326 401,2326 401,2325 403,2325 403,2324"/>
	<TextEquiv>
	<Unicode>θόρυβον</Unicode></TextEquiv></Word>
	<Word id="r221">
	<Coords points="649,2327 649,2328 651,2328 651,2329 652,2329 652,2330 653,2330 653,2331 654,2331 654,2349 658,2349 658,2350 659,2350 659,2351 660,2351 660,2354 659,2354 659,2359 658,2359 658,2362 657,2362 657,2364 656,2364 656,2366 655,2366 655,2368 654,2368 654,2369 653,2369 653,2370 652,2370 652,2371 651,2371 651,2372 649,2372 649,2373 647,2373 647,2374 646,2374 646,2375 644,2375 644,2374 639,2374 639,2373 614,2373 614,2372 608,2372 608,2371 606,2371 606,2370 605,2370 605,2369 604,2369 604,2365 603,2365 603,2358 604,2358 604,2356 605,2356 605,2354 606,2354 606,2352 607,2352 607,2351 608,2351 608,2350 610,2350 610,2349 613,2349 613,2348 645,2348 645,2328 648,2328 648,2327"/>
	<TextEquiv>
	<Unicode>οὐ</Unicode></TextEquiv></Word>
	<Word id="r222">
	<Coords points="820,2326 820,2327 821,2327 821,2348 971,2348 971,2349 973,2349 973,2350 974,2350 974,2357 975,2357 975,2367 987,2367 987,2368 988,2368 988,2370 989,2370 989,2376 988,2376 988,2377 987,2377 987,2379 986,2379 986,2380 985,2380 985,2381 984,2381 984,2382 982,2382 982,2383 980,2383 980,2384 978,2384 978,2383 977,2383 977,2377 928,2377 928,2376 814,2376 814,2381 813,2381 813,2384 812,2384 812,2387 811,2387 811,2389 810,2389 810,2390 807,2390 807,2389 806,2389 806,2376 688,2376 688,2373 689,2373 689,2371 690,2371 690,2366 691,2366 691,2364 692,2364 692,2359 693,2359 693,2357 694,2357 694,2352 695,2352 695,2351 696,2351 696,2350 710,2350 710,2349 747,2349 747,2348 808,2348 808,2344 809,2344 809,2340 810,2340 810,2338 811,2338 811,2335 812,2335 812,2332 813,2332 813,2330 814,2330 814,2328 815,2328 815,2327 816,2327 816,2326"/>
	<TextEquiv>
	<Unicode>κατήκουον,</Unicode></TextEquiv></Word>
	<Word id="r223">
	<Coords points="1106,2328 1106,2329 1108,2329 1108,2330 1109,2330 1109,2331 1110,2331 1110,2332 1111,2332 1111,2341 1110,2341 1110,2342 1108,2342 1108,2343 1107,2343 1107,2344 1097,2344 1097,2365 1096,2365 1096,2368 1095,2368 1095,2369 1094,2369 1094,2371 1092,2371 1092,2372 1091,2372 1091,2373 1090,2373 1090,2375 1089,2375 1089,2376 1087,2376 1087,2377 1047,2377 1047,2376 1016,2376 1016,2375 1014,2375 1014,2374 1013,2374 1013,2373 1012,2373 1012,2371 1011,2371 1011,2370 1010,2370 1010,2369 1009,2369 1009,2362 1010,2362 1010,2358 1011,2358 1011,2356 1012,2356 1012,2355 1013,2355 1013,2354 1014,2354 1014,2352 1016,2352 1016,2350 1018,2350 1018,2349 1022,2349 1022,2348 1050,2348 1050,2331 1051,2331 1051,2329 1055,2329 1055,2328"/>
	<TextEquiv>
	<Unicode>οὐδ᾽</Unicode></TextEquiv></Word>
	<Word id="r224">
	<Coords points="1186,2329 1186,2330 1187,2330 1187,2331 1188,2331 1188,2332 1282,2332 1282,2333 1284,2333 1284,2334 1285,2334 1285,2335 1286,2335 1286,2336 1287,2336 1287,2338 1288,2338 1288,2340 1289,2340 1289,2351 1290,2351 1290,2353 1291,2353 1291,2359 1290,2359 1290,2362 1289,2362 1289,2364 1288,2364 1288,2366 1287,2366 1287,2367 1286,2367 1286,2370 1285,2370 1285,2372 1284,2372 1284,2373 1283,2373 1283,2374 1282,2374 1282,2375 1280,2375 1280,2376 1278,2376 1278,2377 1275,2377 1275,2378 1272,2378 1272,2377 1176,2377 1176,2376 1174,2376 1174,2375 1137,2375 1137,2374 1136,2374 1136,2373 1135,2373 1135,2372 1134,2372 1134,2364 1135,2364 1135,2360 1136,2360 1136,2359 1137,2359 1137,2358 1138,2358 1138,2356 1139,2356 1139,2355 1140,2355 1140,2354 1141,2354 1141,2353 1142,2353 1142,2352 1143,2352 1143,2351 1145,2351 1145,2350 1180,2350 1180,2333 1181,2333 1181,2331 1182,2331 1182,2330 1184,2330 1184,2329"/>
	<TextEquiv>
	<Unicode>αὐτοῦ</Unicode></TextEquiv></Word>
	<Word id="r225">
	<Coords points="1393,2332 1393,2333 1394,2333 1394,2334 1396,2334 1396,2335 1397,2335 1397,2336 1398,2336 1398,2338 1399,2338 1399,2352 1401,2352 1401,2355 1402,2355 1402,2358 1401,2358 1401,2363 1400,2363 1400,2365 1399,2365 1399,2368 1397,2368 1397,2369 1396,2369 1396,2370 1395,2370 1395,2371 1394,2371 1394,2374 1393,2374 1393,2375 1391,2375 1391,2376 1390,2376 1390,2377 1389,2377 1389,2378 1387,2378 1387,2379 1381,2379 1381,2378 1320,2378 1320,2360 1312,2360 1312,2359 1311,2359 1311,2356 1312,2356 1312,2353 1313,2353 1313,2352 1314,2352 1314,2351 1317,2351 1317,2350 1379,2350 1379,2338 1380,2338 1380,2336 1381,2336 1381,2334 1384,2334 1384,2333 1387,2333 1387,2332"/>
	<TextEquiv>
	<Unicode>τοῦ</Unicode></TextEquiv></Word>
	<Word id="r226">
	<Coords points="1445,2351 1491,2351 1491,2352 1520,2352 1520,2353 1605,2353 1605,2354 1622,2354 1622,2355 1624,2355 1624,2356 1625,2356 1625,2358 1626,2358 1626,2362 1644,2362 1644,2363 1646,2363 1646,2364 1647,2364 1647,2365 1646,2365 1646,2366 1645,2366 1645,2367 1624,2367 1624,2370 1623,2370 1623,2373 1622,2373 1622,2377 1621,2377 1621,2380 1620,2380 1620,2383 1619,2383 1619,2387 1618,2387 1618,2390 1617,2390 1617,2391 1616,2391 1616,2392 1613,2392 1613,2391 1612,2391 1612,2381 1503,2381 1503,2384 1502,2384 1502,2387 1501,2387 1501,2394 1500,2394 1500,2395 1498,2395 1498,2394 1497,2394 1497,2379 1437,2379 1437,2378 1434,2378 1434,2377 1431,2377 1431,2376 1430,2376 1430,2375 1429,2375 1429,2374 1428,2374 1428,2373 1427,2373 1427,2365 1428,2365 1428,2362 1429,2362 1429,2360 1430,2360 1430,2358 1432,2358 1432,2356 1433,2356 1433,2355 1435,2355 1435,2354 1437,2354 1437,2353 1440,2353 1440,2352 1445,2352"/>
	<TextEquiv>
	<Unicode>στρατη-</Unicode></TextEquiv></Word>
	<TextEquiv>
	<Unicode>τὸν θόρυβον οὐ κατήκουον, οὐδ᾽ αὐτοῦ τοῦ στρατη-</Unicode></TextEquiv></TextLine>
	<TextLine id="r38">
	<Coords points="397,2392 397,2393 399,2393 399,2394 460,2394 460,2395 463,2395 463,2397 464,2397 464,2398 465,2398 465,2415 568,2415 568,2414 569,2414 569,2411 570,2411 570,2409 571,2409 571,2406 572,2406 572,2405 573,2405 573,2403 574,2403 574,2402 575,2402 575,2401 576,2401 576,2400 577,2400 577,2399 579,2399 579,2398 581,2398 581,2397 609,2397 609,2395 611,2395 611,2394 611,2395 613,2395 613,2397 614,2397 614,2398 615,2398 615,2401 616,2401 616,2402 617,2402 617,2405 618,2405 618,2407 619,2407 619,2416 732,2416 732,2406 733,2406 733,2402 734,2402 734,2401 736,2401 736,2400 738,2400 738,2399 740,2399 740,2398 743,2398 743,2399 746,2399 746,2400 748,2400 748,2401 750,2401 750,2402 751,2402 751,2406 752,2406 752,2417 874,2417 874,2418 1028,2418 1028,2412 1029,2412 1029,2410 1030,2410 1030,2407 1031,2407 1031,2405 1032,2405 1032,2402 1033,2402 1033,2399 1034,2399 1034,2398 1035,2398 1035,2397 1036,2397 1036,2396 1037,2396 1037,2395 1039,2395 1039,2396 1041,2396 1041,2417 1199,2417 1199,2398 1200,2398 1200,2397 1202,2397 1202,2396 1261,2396 1261,2395 1265,2395 1265,2396 1266,2396 1266,2418 1299,2418 1299,2419 1350,2419 1350,2420 1352,2420 1352,2421 1354,2421 1354,2422 1355,2422 1355,2423 1458,2423 1458,2422 1463,2422 1463,2401 1464,2401 1464,2400 1466,2400 1466,2399 1469,2399 1469,2400 1471,2400 1471,2401 1472,2401 1472,2402 1473,2402 1473,2421 1587,2421 1587,2422 1615,2422 1615,2423 1618,2423 1618,2424 1620,2424 1620,2425 1621,2425 1621,2428 1622,2428 1622,2435 1640,2435 1640,2436 1642,2436 1642,2440 1619,2440 1619,2443 1618,2443 1618,2446 1617,2446 1617,2450 1616,2450 1616,2452 1615,2452 1615,2456 1614,2456 1614,2460 1612,2460 1612,2461 1609,2461 1609,2460 1608,2460 1608,2449 1554,2449 1554,2448 1516,2448 1516,2447 1351,2447 1351,2449 1350,2449 1350,2450 1348,2450 1348,2451 1341,2451 1341,2446 1251,2446 1251,2445 984,2445 984,2447 983,2447 983,2450 982,2450 982,2454 981,2454 981,2457 980,2457 980,2458 979,2458 979,2460 896,2460 896,2459 841,2459 841,2458 840,2458 840,2457 839,2457 839,2456 838,2456 838,2444 644,2444 644,2445 643,2445 643,2446 642,2446 642,2447 641,2447 641,2448 639,2448 639,2449 562,2449 562,2451 561,2451 561,2453 560,2453 560,2454 559,2454 559,2455 511,2455 511,2456 510,2456 510,2457 509,2457 509,2458 507,2458 507,2457 506,2457 506,2443 397,2443 397,2442 366,2442 366,2441 256,2441 256,2443 255,2443 255,2446 254,2446 254,2452 253,2452 253,2454 252,2454 252,2455 251,2455 251,2456 250,2456 250,2457 250,2456 248,2456 248,2455 246,2455 246,2451 245,2451 245,2432 236,2432 236,2431 235,2431 235,2429 234,2429 234,2419 235,2419 235,2417 237,2417 237,2415 239,2415 239,2414 308,2414 308,2401 309,2401 309,2400 310,2400 310,2398 312,2398 312,2397 315,2397 315,2396 394,2396 394,2394 395,2394 395,2393 397,2393"/>
	<Word id="r228">
	<Coords points="315,2397 321,2397 321,2398 322,2398 322,2399 323,2399 323,2400 324,2400 324,2401 325,2401 325,2404 326,2404 326,2415 327,2415 327,2416 328,2416 328,2425 327,2425 327,2427 326,2427 326,2429 325,2429 325,2431 324,2431 324,2433 323,2433 323,2434 322,2434 322,2436 321,2436 321,2437 319,2437 319,2438 318,2438 318,2439 316,2439 316,2440 314,2440 314,2441 256,2441 256,2443 255,2443 255,2446 254,2446 254,2452 253,2452 253,2454 252,2454 252,2455 251,2455 251,2456 250,2456 250,2457 250,2456 248,2456 248,2455 246,2455 246,2451 245,2451 245,2432 236,2432 236,2431 235,2431 235,2429 234,2429 234,2419 235,2419 235,2417 237,2417 237,2415 239,2415 239,2414 308,2414 308,2401 309,2401 309,2400 310,2400 310,2398 312,2398 312,2397 315,2397 315,2396"/>
	<TextEquiv>
	<Unicode>γοῦ</Unicode></TextEquiv></Word>
	<Word id="r229">
	<Coords points="397,2393 399,2393 399,2394 400,2394 400,2395 401,2395 401,2398 402,2398 402,2400 403,2400 403,2402 404,2402 404,2404 405,2404 405,2406 406,2406 406,2409 407,2409 407,2417 408,2417 408,2418 409,2418 409,2419 410,2419 410,2420 411,2420 411,2421 412,2421 412,2423 413,2423 413,2431 412,2431 412,2434 411,2434 411,2436 410,2436 410,2438 409,2438 409,2439 408,2439 408,2440 406,2440 406,2441 404,2441 404,2442 402,2442 402,2443 397,2443 397,2442 366,2442 366,2441 364,2441 364,2439 363,2439 363,2424 356,2424 356,2422 355,2422 355,2420 356,2420 356,2418 357,2418 357,2417 358,2417 358,2416 359,2416 359,2415 362,2415 362,2414 394,2414 394,2394 395,2394 395,2393 397,2393 397,2392"/>
	<TextEquiv>
	<Unicode>τὸ</Unicode></TextEquiv></Word>
	<Word id="r230">
	<Coords points="460,2394 460,2395 463,2395 463,2397 464,2397 464,2398 465,2398 465,2415 568,2415 568,2414 569,2414 569,2411 570,2411 570,2409 571,2409 571,2406 572,2406 572,2405 573,2405 573,2403 574,2403 574,2402 575,2402 575,2401 576,2401 576,2400 577,2400 577,2399 579,2399 579,2398 581,2398 581,2397 609,2397 609,2395 611,2395 611,2394 611,2395 613,2395 613,2397 614,2397 614,2398 615,2398 615,2401 616,2401 616,2402 617,2402 617,2405 618,2405 618,2407 619,2407 619,2417 641,2417 641,2418 644,2418 644,2419 646,2419 646,2420 647,2420 647,2421 648,2421 648,2422 649,2422 649,2427 647,2427 647,2428 644,2428 644,2445 643,2445 643,2446 642,2446 642,2447 641,2447 641,2448 639,2448 639,2449 562,2449 562,2451 561,2451 561,2453 560,2453 560,2454 559,2454 559,2455 511,2455 511,2456 510,2456 510,2457 509,2457 509,2458 507,2458 507,2457 506,2457 506,2443 475,2443 475,2442 444,2442 444,2441 442,2441 442,2440 440,2440 440,2437 439,2437 439,2436 438,2436 438,2432 439,2432 439,2429 440,2429 440,2427 441,2427 441,2424 442,2424 442,2423 443,2423 443,2422 444,2422 444,2420 446,2420 446,2419 447,2419 447,2418 448,2418 448,2417 451,2417 451,2416 454,2416 454,2396 455,2396 455,2395 457,2395 457,2394"/>
	<TextEquiv>
	<Unicode>ἀκριβὲς</Unicode></TextEquiv></Word>
	<Word id="r231">
	<Coords points="743,2398 743,2399 746,2399 746,2400 748,2400 748,2401 750,2401 750,2402 751,2402 751,2406 752,2406 752,2417 787,2417 787,2418 788,2418 788,2419 789,2419 789,2421 790,2421 790,2424 789,2424 789,2427 788,2427 788,2428 787,2428 787,2430 786,2430 786,2431 785,2431 785,2433 783,2433 783,2435 782,2435 782,2436 781,2436 781,2437 779,2437 779,2438 778,2438 778,2439 777,2439 777,2440 776,2440 776,2441 775,2441 775,2442 773,2442 773,2443 770,2443 770,2444 698,2444 698,2443 697,2443 697,2442 696,2442 696,2429 690,2429 690,2428 688,2428 688,2426 687,2426 687,2424 688,2424 688,2420 689,2420 689,2418 690,2418 690,2417 693,2417 693,2416 732,2416 732,2406 733,2406 733,2402 734,2402 734,2401 736,2401 736,2400 738,2400 738,2399 740,2399 740,2398"/>
	<TextEquiv>
	<Unicode>τῶν</Unicode></TextEquiv></Word>
	<Word id="r232">
	<Coords points="1039,2395 1039,2396 1041,2396 1041,2417 1137,2417 1137,2418 1138,2418 1138,2421 1139,2421 1139,2427 1138,2427 1138,2430 1137,2430 1137,2431 1136,2431 1136,2432 1135,2432 1135,2435 1133,2435 1133,2436 1131,2436 1131,2437 1130,2437 1130,2438 1129,2438 1129,2439 1128,2439 1128,2440 1127,2440 1127,2441 1126,2441 1126,2442 1124,2442 1124,2443 1122,2443 1122,2444 1120,2444 1120,2445 984,2445 984,2447 983,2447 983,2450 982,2450 982,2454 981,2454 981,2457 980,2457 980,2458 979,2458 979,2460 896,2460 896,2459 841,2459 841,2458 840,2458 840,2457 839,2457 839,2456 838,2456 838,2435 828,2435 828,2433 827,2433 827,2424 828,2424 828,2421 829,2421 829,2420 830,2420 830,2419 832,2419 832,2418 834,2418 834,2417 874,2417 874,2418 1028,2418 1028,2412 1029,2412 1029,2410 1030,2410 1030,2407 1031,2407 1031,2405 1032,2405 1032,2402 1033,2402 1033,2399 1034,2399 1034,2398 1035,2398 1035,2397 1036,2397 1036,2396 1037,2396 1037,2395"/>
	<TextEquiv>
	<Unicode>γιγνομένων</Unicode></TextEquiv></Word>
	<Word id="r233">
	<Coords points="1265,2395 1265,2396 1266,2396 1266,2418 1299,2418 1299,2419 1350,2419 1350,2420 1352,2420 1352,2421 1354,2421 1354,2422 1355,2422 1355,2423 1356,2423 1356,2426 1357,2426 1357,2436 1371,2436 1371,2437 1372,2437 1372,2438 1373,2438 1373,2440 1374,2440 1374,2444 1373,2444 1373,2446 1371,2446 1371,2447 1351,2447 1351,2449 1350,2449 1350,2450 1348,2450 1348,2451 1341,2451 1341,2446 1251,2446 1251,2445 1176,2445 1176,2444 1173,2444 1173,2443 1171,2443 1171,2442 1170,2442 1170,2441 1169,2441 1169,2440 1168,2440 1168,2439 1167,2439 1167,2429 1168,2429 1168,2426 1169,2426 1169,2425 1170,2425 1170,2424 1171,2424 1171,2422 1173,2422 1173,2421 1174,2421 1174,2420 1176,2420 1176,2419 1178,2419 1178,2418 1181,2418 1181,2417 1199,2417 1199,2398 1200,2398 1200,2397 1202,2397 1202,2396 1261,2396 1261,2395"/>
	<TextEquiv>
	<Unicode>εἰδότος.</Unicode></TextEquiv></Word>
	<Word id="r234">
	<Coords points="1466,2399 1469,2399 1469,2400 1471,2400 1471,2401 1472,2401 1472,2402 1473,2402 1473,2421 1587,2421 1587,2422 1615,2422 1615,2423 1618,2423 1618,2424 1620,2424 1620,2425 1621,2425 1621,2428 1622,2428 1622,2431 1621,2431 1621,2435 1640,2435 1640,2436 1642,2436 1642,2440 1619,2440 1619,2443 1618,2443 1618,2446 1617,2446 1617,2450 1616,2450 1616,2452 1615,2452 1615,2456 1614,2456 1614,2460 1612,2460 1612,2461 1609,2461 1609,2460 1608,2460 1608,2449 1554,2449 1554,2448 1516,2448 1516,2447 1452,2447 1452,2446 1451,2446 1451,2445 1450,2445 1450,2444 1449,2444 1449,2443 1448,2443 1448,2441 1447,2441 1447,2438 1448,2438 1448,2435 1449,2435 1449,2432 1450,2432 1450,2431 1451,2431 1451,2428 1453,2428 1453,2426 1454,2426 1454,2425 1456,2425 1456,2424 1457,2424 1457,2423 1458,2423 1458,2422 1463,2422 1463,2401 1464,2401 1464,2400 1466,2400"/>
	<TextEquiv>
	<Unicode>ἀναπη-</Unicode></TextEquiv></Word>
	<TextEquiv>
	<Unicode>γοῦ τὸ ἀκριβὲς τῶν γιγνομένων εἰδότος. ἀναπη-</Unicode></TextEquiv></TextLine>
	<TextLine id="r317">
	<Coords points="195,2475 195,2557 372,2557 372,2475"/>
	<Word id="r318">
	<Coords points="205,2484 205,2551 344,2551 344,2484"/>
	<TextEquiv>
	<Unicode>432</Unicode></TextEquiv></Word>
	<TextEquiv>
	<Unicode>432</Unicode></TextEquiv></TextLine></TextRegion></Page></PcGts>
