1747 2693
122 317 226 354 CAP.

123 358 221 394 IV

307 164 614 240 APPIAN'S
633 168 890 238 ROMAN
914 172 1240 242 HISTORY,
1257 172 1450 238 BOOK
1475 174 1605 238 VIII

248 300 441 353 δῶντας
486 299 575 349 οὖν
617 299 803 353 αὐτοὺς
836 300 882 351 οἱ
906 298 1150 362 Ῥωμαῖοι
1175 302 1262 350 καὶ
1297 299 1663 364 ὁπλιζομένους

247 368 323 418 ἔτι
349 367 435 417 καὶ
461 368 882 431 ταρασσομένους
907 370 1328 433 κατελάμβανον,
1356 371 1443 419 καὶ
1469 369 1664 432 σκηνὰς

245 435 471 490 πλέονας
511 435 920 500 ἐνεπίμπρασαν,
962 436 1048 487 καὶ
1097 437 1213 491 τοὺς
1254 439 1306 488 ἐν
1346 439 1506 488 ποσὶν
1545 439 1663 504 ἀνῄ-

243 526 380 570 ρουν.
454 509 560 558 τοῖς
586 505 627 553 δ᾽
652 506 715 567 ἦν
739 508 770 568 ἥ
799 527 854 555 τε
877 504 980 568 βοὴ
1006 509 1108 556 τῶν
1133 506 1333 572 ἐχθρῶν
1372 507 1458 556 καὶ
1481 507 1511 569 ἡ
1537 507 1661 574 ὄψις

246 573 333 623 καὶ
358 571 423 623 τὰ
449 573 574 638 ἔργα
598 573 947 640 φοβερώτατα
973 575 1038 627 ὡς
1064 576 1114 625 ἐν
1142 574 1283 625 νυκτὶ
1312 575 1397 624 καὶ
1429 575 1663 639 ἀγνωσίᾳ

246 646 337 691 τοῦ
361 641 665 706 γιγνομένου
695 646 877 692 κακοῦ.
952 642 1226 706 ἡγούμενοί
1251 664 1306 693 τε
1332 644 1579 710 εἰλῆφθαι
1605 628 1661 694 τὸ

246 709 618 775 στρατόπεδον,
670 710 757 761 καὶ
805 709 863 761 τὸ
912 715 1017 777 πῦρ
1074 715 1175 761 τῶν
1223 711 1664 777 ἐμπεπρησμένων

246 782 452 840 σκηνῶν
478 778 708 835 δεδιότες,
737 780 1020 844 ἐξέπιπτον
1057 779 1257 833 ἑκόντες
1283 781 1339 844 ἐξ
1362 782 1548 839 αὐτῶν,
1579 781 1662 830 καὶ

245 846 295 901 ἐς
334 846 393 898 τὸ
436 847 611 897 πεδίον
662 849 726 902 ὡς
777 847 1179 914 ἀσφαλέστερον
1227 849 1495 898 ἐωθοῦντο·
1548 850 1662 899 ὅθεν

244 914 381 965 κατὰ
417 915 580 980 μέρος,
618 916 721 979 ὅπῃ
761 915 983 983 τύχοιεν,
1012 916 1255 982 ἀκόσμως
1295 917 1661 982 διεδίδρασκον,

245 984 333 1033 καὶ
381 984 429 1039 ἐς
478 985 597 1037 τοὺς
641 983 909 1049 Ῥωμαίων
957 984 1163 1041 ἱππέας,
1214 985 1264 1035 οἳ
1312 985 1487 1052 κύκλῳ
1520 1008 1661 1053 περι-

245 1051 553 1115 εστήκεσαν,
581 1052 927 1113 ἐμπίπτοντες
955 1052 1303 1115 ἀπέθνησκον.

317 1127 393 1171 22.
435 1120 623 1188 Σύφαξ
646 1121 698 1171 δὲ
735 1120 916 1176 νυκτὸς
950 1121 1043 1186 μὲν
1082 1124 1173 1179 ἔτι,
1201 1128 1291 1185 τῆς
1325 1124 1457 1187 βοῆς
1484 1122 1660 1174 αἰσθό-

243 1210 392 1254 μενος
417 1189 503 1239 καὶ
531 1189 589 1240 τὸ
624 1193 727 1255 πῦρ
766 1188 910 1255 ὁρῶν,
939 1192 1031 1240 οὐκ
1066 1191 1366 1256 ἐπεξῆλθεν,
1393 1190 1538 1241 ἀλλὰ
1563 1195 1663 1242 τῶν

244 1257 448 1308 ἱππέων
497 1257 640 1312 τινὰς
703 1260 993 1324 ἐπικουρεῖν
1056 1259 1293 1326 ἔπεμψεν
1342 1260 1660 1329 Ἀσδρούβᾳ,

245 1325 319 1380 οἷς
345 1324 369 1376 ὁ
397 1327 811 1389 Μασσανάσσης
838 1327 1104 1378 ἐπιπεσὼν
1140 1327 1283 1395 ἄφνω
1318 1328 1486 1379 πολὺν
1512 1331 1637 1393 ἐργά

248 1397 385 1456 ζεται
435 1394 604 1461 φόνον.
701 1395 809 1459 ἅμα
869 1395 909 1445 δ᾽
957 1395 1120 1465 ἡμέρᾳ
1172 1396 1353 1461 μαθὼν
1403 1397 1427 1446 ὁ
1479 1395 1665 1464 Σύφαξ

243 1462 579 1529 Ἀσδρούβαν
624 1463 715 1528 μὲν
761 1463 859 1527 ἤδη
901 1463 1152 1530 φυγόντα,
1192 1470 1281 1529 τῆς
1320 1465 1371 1515 δὲ
1413 1470 1660 1530 στρατιᾶς

244 1532 403 1582 αὐτοῦ
440 1534 558 1587 τοὺς
593 1532 686 1594 μὲν
721 1531 1085 1591 ἀπολωλότας,
1110 1532 1229 1587 τοὺς
1265 1532 1305 1583 δ᾽
1329 1533 1661 1597 εἰλημμένους

246 1600 346 1649 ὑπὸ
384 1604 486 1650 τῶν
521 1600 802 1664 πολεμίων,
828 1601 947 1657 τοὺς
985 1601 1036 1651 δὲ
1074 1601 1463 1667 διερριμμένους,
1491 1602 1578 1653 καὶ
1602 1602 1659 1653 τὸ

245 1667 601 1733 στρατόπεδον
626 1670 758 1735 αὐτῇ
785 1674 1093 1736 παρασκευῇ
1119 1669 1403 1735 Ῥωμαίους
1429 1671 1657 1739 ἔχοντας,

245 1736 543 1801 ἀνεζεύγνυε
566 1736 773 1804 φεύγων
806 1737 853 1792 ἐς
885 1738 951 1789 τὰ
985 1737 1235 1802 μεσόγεια
1258 1739 1388 1804 μετὰ
1414 1740 1658 1804 θορύβου,

243 1806 419 1856 πάντα
456 1806 783 1865 καταλιπών,
815 1806 1040 1871 οἰόμενος
1077 1807 1224 1862 εὐθὺς
1261 1807 1366 1858 ἀπὸ
1393 1814 1481 1872 τῆς
1522 1811 1657 1875 Καρ-

242 1873 497 1941 χηδονίων
523 1874 737 1939 διώξεως
773 1876 913 1941 αὑτῷ
950 1875 1038 1926 τὸν
1076 1873 1343 1927 Σκιπίωνα
1381 1875 1658 1928 ἐπανίοντα

243 1943 647 2004 ἐπιστήσεσθαι.
720 1943 837 1993 ὅθεν
880 1944 966 1994 καὶ
1004 1944 1152 1995 τοῦδε
1191 1943 1278 1995 τὸν
1320 1945 1530 2012 χάρακα
1570 1945 1657 1996 καὶ

242 2011 337 2072 τὴν
362 2012 414 2060 ἐν
440 2012 579 2077 αὐτῷ
606 2013 945 2078 παρασκευὴν
966 2013 1073 2062 εἷλε
1100 2013 1529 2076 Μασσανάσσης.

313 2085 388 2128 23.
432 2080 536 2129 καὶ
574 2080 818 2144 Ῥωμαῖοι
868 2080 950 2130 διὰ
990 2080 1185 2143 τόλμης
1222 2085 1359 2145 μιᾶς,
1404 2084 1455 2132 ἐν
1498 2081 1655 2147 ὀλίγῳ

239 2146 380 2211 μέρει
413 2147 610 2205 νυκτός,
638 2148 726 2198 δύο
765 2149 1133 2215 στρατοπέδων
1169 2149 1256 2200 καὶ
1289 2149 1377 2200 δύο
1420 2172 1657 2216 στρατων

241 2216 381 2266 πολὺ
427 2217 669 2280 μειζόνων
716 2218 1011 2281 ἐκράτησαν
1059 2217 1200 2282 ὁμοῦ.
1297 2218 1555 2268 ἀπέθανον
1604 2218 1656 2269 δὲ

242 2283 509 2346 Ῥωμαίων
549 2285 640 2348 μὲν
679 2285 812 2353 ἀμφὶ
852 2285 968 2341 τοὺς
1009 2285 1191 2336 ἑκατὸν
1229 2285 1429 2350 ἄνδρας,
1472 2291 1573 2336 τῶν
1612 2287 1654 2337 δ᾽

241 2351 440 2417 ἐχθρῶν
467 2352 627 2418 ὀλίγῳ
654 2353 847 2408 δέοντες
869 2354 1172 2419 τρισμύριοι·
1213 2355 1298 2403 καὶ
1324 2354 1654 2421 αἰχμάλωτοι

239 2419 471 2483 ἐγένοντο
540 2421 796 2487 δισχίλιοι
861 2423 948 2473 καὶ
1009 2421 1350 2489 τετρακόσιοι.
1441 2428 1541 2474 τῶν
1601 2424 1653 2474 δὲ

224 2512 370 2575 434
