1747 2693
117 335 216 373 CAP.

128 377 191 411 IV

297 176 610 261 APPIAN'S
624 178 879 252 ROMAN
904 179 1227 258 HISTORY,
1248 179 1446 251 BOOK
1467 177 1615 256 VIII

242 317 439 369 ἱππέων
467 314 730 381 ἑξακόσιοι
757 313 1019 366 ἐπανιόντι
1058 318 1128 380 τῷ
1165 312 1417 367 Σκιπίωνι
1444 312 1653 367 ἑαυτοὺς

240 386 551 450 παρέδοσαν.
624 384 711 433 καὶ
737 387 839 434 τῶν
875 382 1173 449 ἐλεφάντων
1198 382 1246 432 οἱ
1267 382 1360 445 μὲν
1385 382 1653 447 ἀνῄρηντο,

240 455 288 506 οἱ
314 455 364 506 δὲ
392 454 683 518 ἐτέτρωντο.
732 450 963 506 Σκιπίων
988 450 1040 501 δὲ
1066 451 1245 500 ὅπλων
1261 472 1315 499 τε
1340 452 1426 500 καὶ
1453 454 1655 518 χρυσοῦ

241 523 328 573 καὶ
369 523 597 589 ἀργύρου
638 520 724 571 καὶ
766 519 1047 585 ἐλέφαντος
1086 522 1295 568 πολλοῦ
1343 519 1430 568 καὶ
1481 518 1655 568 ἵππων

240 592 420 642 ἄλλων
468 612 523 641 τε
566 590 651 641 καὶ
701 590 1013 653 Νομαδικῶν
1055 588 1398 654 κεκρατηκώς,
1443 587 1529 637 καὶ
1572 587 1654 636 διὰ

238 665 359 723 μιᾶς
396 659 553 721 τῆσδε
590 657 745 720 νίκης,
782 657 1158 722 λαμπροτάτης
1197 656 1255 717 δὴ
1293 655 1577 720 γενομένης,
1604 656 1654 709 ἐς

239 733 364 793 γόνυ
403 728 469 778 τὰ
518 724 893 794 Καρχηδονίων
929 724 1253 784 καταβαλὼν
1287 725 1512 783 ἅπαντα,
1548 724 1654 785 ἀρι-

240 802 393 848 στεῖα
419 801 490 863 τῷ
515 798 725 861 στρατῷ
765 793 995 850 διεδίδου,
1039 794 1126 843 καὶ
1164 796 1266 843 τῶν
1302 792 1554 859 λαφύρων
1591 792 1655 843 τὰ

240 865 634 931 ἀξιολογώτατα
706 863 755 917 ἐς
827 861 1028 925 Ῥώμην
1088 862 1331 925 ἔπεμπεν.
1422 861 1510 911 καὶ
1569 860 1656 911 τὸν

240 933 469 1001 στρατὸν
522 932 772 996 ἐγύμναζε
809 930 1119 996 φιλοπόνως,
1152 930 1459 997 προσδοκῶν
1493 929 1655 980 Ἀννί-

239 1006 347 1064 βαν
372 1024 428 1052 τε
454 1002 641 1052 αὐτίκα
669 1000 772 1050 ἀπὸ
799 1005 889 1062 τῆς
913 998 1145 1052 Ἰταλίας
1170 998 1256 1048 καὶ
1287 999 1525 1064 Μάγωνα
1551 998 1655 1048 ἀπὸ

241 1070 570 1135 Λιγυστίνων
594 1068 993 1119 ἐπελεύσεσθαι.

312 1147 386 1189 24.
431 1140 534 1188 Καὶ
557 1136 786 1189 Σκιπίων
801 1137 892 1201 μὲν
908 1136 1027 1200 περὶ
1043 1139 1210 1186 ταῦτα
1229 1136 1306 1198 ἦν,
1326 1133 1657 1203 Ἀσδρούβας

241 1209 309 1265 δέ,
338 1207 362 1259 ὁ
389 1207 681 1273 στρατηγὸς
715 1204 739 1255 ὁ
782 1204 1165 1272 Καρχηδονίων,
1195 1204 1246 1255 ἐν
1269 1204 1360 1268 μὲν
1390 1208 1451 1269 τῇ
1479 1225 1653 1254 νυκτο-

241 1276 410 1345 μαχίᾳ
450 1275 560 1339 μεθ᾽
605 1275 709 1325 ἱππ
713 1273 807 1324 έων
845 1273 1222 1330 πεντακοσίων,
1256 1272 1581 1337 τετρωμένος,
1609 1272 1655 1327 ἐς

238 1346 422 1395 Ἀνδὰν
464 1342 769 1410 κατέφυγεν,
798 1344 919 1392 ἔνθα
957 1340 1307 1407 μισθοφόρους
1346 1341 1399 1392 τέ
1438 1363 1577 1396 τινας
1602 1341 1657 1392 ἐκ

240 1419 331 1477 τῆς
357 1413 530 1481 μάχης
556 1411 869 1465 ἐκπεσόντας
895 1410 982 1461 καὶ
1009 1411 1256 1475 Νομάδας
1282 1409 1543 1475 συνέλεγε,
1569 1410 1655 1461 καὶ

241 1481 457 1536 δούλους
501 1482 547 1535 ἐς
590 1480 885 1544 ἐλευθερίαν
934 1480 1223 1529 συνεκάλει·
1277 1477 1563 1543 πυθόμενος
1613 1479 1655 1528 δ᾽

241 1553 321 1602 ὅτι
362 1548 713 1617 Καρχηδόνιοι
758 1550 982 1598 θάνατον
1025 1548 1185 1598 αὐτοῦ
1225 1546 1561 1611 κατέγνωσαν
1593 1548 1655 1601 ὡς

242 1622 412 1673 κακῶς
439 1618 905 1682 ἐστρατηγηκότος,
934 1618 1021 1667 καὶ
1051 1616 1289 1666 Ἄννωνα
1316 1615 1404 1666 τὸν
1431 1614 1653 1679 Βουμίλ-

240 1709 403 1755 χαρος
430 1685 632 1737 εἵλοντο
661 1689 989 1751 στρατηγεῖν,
1017 1685 1143 1735 ἴδιον
1181 1686 1341 1735 αὑτοῦ
1377 1683 1464 1735 τὸν
1498 1706 1654 1750 στρα-

240 1756 329 1807 τὸν
367 1755 545 1813 ἐποίει,
594 1754 681 1805 καὶ
722 1754 1042 1819 κακούργους
1091 1752 1520 1819 προσελάμβανε,
1570 1752 1655 1803 καὶ

239 1825 451 1891 ἐλῄζετο
488 1825 536 1878 ἐς
573 1822 665 1877 τὰς
701 1822 912 1889 τροφάς,
941 1823 1028 1873 καὶ
1064 1821 1342 1885 ἐγύμναζεν
1379 1821 1464 1876 οὓς
1502 1821 1653 1889 εἶχεν,

240 1894 375 1960 ἀμφὶ
436 1891 765 1960 τρισχιλίους
824 1890 1031 1948 ἱππέας,
1080 1892 1263 1953 πεζοὺς
1312 1889 1363 1939 δὲ
1412 1889 1653 1940 ὀκτακισ-

239 1963 462 2029 χιλίους,
503 1963 567 2014 ὡς
610 1963 661 2011 ἐν
700 1959 838 2026 μόνῳ
880 1963 951 2026 τῷ
994 1959 1262 2026 μάχεσθαι
1301 1957 1392 2012 τὰς
1439 1957 1655 2011 ἐλπίδας

241 2032 391 2098 ἔχων.
450 2029 474 2079 ὁ
499 2029 592 2094 μὲν
618 2028 677 2092 δὴ
705 2032 870 2078 ταῦτα
896 2031 1060 2078 ποιῶν
1084 2025 1367 2091 Ῥωμαίους
1405 2025 1532 2091 ὁμοῦ
1567 2027 1654 2077 καὶ

244 2096 633 2166 Καρχηδονίους
682 2097 764 2147 ἐπὶ
815 2096 956 2146 πολὺ
1016 2096 1280 2152 ἐλάνθανε,
1332 2092 1563 2147 Σκιπίων
1613 2094 1651 2144 δ᾽

241 2168 431 2231 ἐπῆγεν
455 2168 588 2231 αὐτῇ
619 2165 916 2233 Καρχηδόνι
942 2163 1029 2214 τὸν
1054 2163 1281 2230 στρατὸν
1305 2162 1651 2228 ὡπλισμένον,

244 2235 330 2286 καὶ
355 2237 601 2301 σοβαρῶς
644 2235 695 2287 ἐς
727 2234 906 2299 μάχην
938 2236 1306 2298 προυκαλεῖτο,
1333 2232 1531 2285 οὐδενὸς
1557 2232 1652 2295 ἐξι-

241 2303 400 2357 όντος.
472 2302 740 2371 Ἀμίλχαρ
789 2302 842 2352 δὲ
891 2301 916 2351 ὁ
960 2299 1217 2369 ναύαρχος
1253 2300 1435 2350 ναυσὶν
1473 2300 1653 2350 ἑκατὸν

239 2371 603 2435 ἐσπευσμένως
652 2373 701 2424 ἐς
748 2368 836 2421 τὸν
894 2370 1229 2433 ναύσταθμον
1283 2369 1502 2432 ἀνήγετο
1563 2372 1653 2418 τοῦ

240 2439 542 2497 Σκιπίωνος,
578 2439 802 2491 ἐλπίσας
837 2437 992 2488 αὐτόν
1027 2459 1081 2488 τε
1108 2438 1331 2504 φθάσειν
1358 2435 1650 2494 ἐπανιόντα,

212 2529 369 2594 436
