1747 2693
328 2122 407 2165 26.
446 2117 550 2164 Τοῦ
577 2112 615 2162 δ᾽
644 2111 805 2161 αὐτοῦ
838 2111 1100 2176 χειμῶνος,
1137 2104 1291 2170 ἐγγὺς
1327 2105 1471 2158 ὄντος
1497 2098 1673 2170 Σύφα-

259 2206 360 2242 κος,
401 2181 815 2241 Μασσανάσσης
852 2197 1044 2244 ᾔτησεν
1081 2174 1167 2225 ἐπὶ
1203 2178 1265 2238 τῇ
1304 2171 1407 2242 ἰδίᾳ
1451 2174 1674 2239 στρατιᾷ

310 2282 324 2306 1
353 2283 441 2320 The
459 2283 552 2319 text
571 2280 604 2317 is
624 2279 775 2315 almost
790 2274 992 2323 certainly
1009 2275 1191 2321 corrupt,
1211 2270 1294 2308 and
1310 2270 1426 2308 there
1443 2270 1475 2307 is
1491 2270 1675 2320 possibly

260 2347 285 2372 a
303 2335 451 2371 lacuna
470 2332 579 2369 after
600 2333 722 2379 ἔργον.
781 2328 868 2365 The
895 2325 1143 2364 translation
1169 2323 1290 2373 given
1316 2322 1476 2359 follows
1504 2322 1675 2360 Schw.'s

262 2386 387 2423 Latin
419 2384 596 2428 version
633 2380 715 2418 and
748 2379 783 2416 is
814 2376 1018 2429 probably
1050 2376 1123 2414 the
1156 2374 1247 2412 best
1277 2373 1498 2422 rendering
1528 2372 1571 2410 of
1603 2373 1674 2410 the

261 2436 397 2474 words
417 2448 461 2472 as
480 2435 581 2482 they
601 2431 735 2470 stand.

281 173 596 247 APPIAN'S
616 173 873 243 ROMAN
892 173 1223 245 HISTORY,
1238 176 1440 240 BOOK
1453 175 1591 238 VII

233 316 321 368 καὶ
368 312 461 367 τὰς
509 312 669 364 οὔσας
717 311 821 360 ἐκεῖ
876 305 1143 372 Ῥωμαίων
1201 306 1367 356 εἴκοσι
1428 303 1646 369 τριήρεις

234 382 419 455 ῥᾳδίως
445 384 556 435 ταῖς
585 379 768 429 ἑκατὸν
794 377 1042 443 αἱρήσειν.

307 458 383 501 25.
422 449 529 501 Καὶ
565 446 588 498 ὁ
627 444 861 500 Σκιπίων
887 444 1008 495 ἰδὼν
1034 444 1192 494 αὐτοῦ
1230 442 1318 493 τὸν
1356 440 1647 496 ἀπόπλουν,

237 515 550 587 προύπεμπέ
588 536 729 569 τινας
766 514 853 565 τὸν
891 513 1127 563 ἔσπλουν
1164 515 1256 562 τοῦ
1305 510 1512 574 λιμένος
1567 510 1649 573 ἐμ-

239 590 436 658 φράξαι
463 587 813 651 στρογγύλοις
838 581 1045 635 πλοίοις
1071 579 1149 630 ἐπ᾽
1178 580 1417 645 ἀγκυρῶν
1444 579 1499 627 ἐκ
1541 576 1647 627 δια-

240 657 522 722 στήματος,
551 653 633 703 ἵνα
659 654 723 706 ὡς
750 650 835 701 διὰ
861 653 1047 701 πυλῶν
1083 648 1139 699 αἱ
1175 648 1397 715 τριήρεις
1434 645 1653 696 ἐκθέοιεν

241 727 327 778 ὅτε
353 723 527 788 καιρὸς
553 724 646 785 εἴη,
666 720 754 771 καὶ
781 719 846 770 τὰ
871 721 1037 768 πλοῖα
1063 721 1168 770 τοῖς
1194 716 1379 783 κέρασι
1397 712 1655 778 συνδῆσαί

241 817 297 846 τε
322 793 412 845 καὶ
438 792 666 856 ἁρμόσαι
697 787 824 855 πρὸς
855 786 1089 849 ἄλληλα,
1119 785 1201 835 ἵνα
1235 784 1348 835 ἀντὶ
1378 781 1581 850 τείχους
1605 783 1653 846 ἦ.

242 860 569 922 καταλαβὼν
602 858 655 908 δὲ
692 857 749 908 τὸ
776 857 961 920 ἔργον,1
993 856 1187 917 ἥπτετο
1214 857 1305 903 τοῦ
1331 850 1509 903 πόνου.
1570 850 1657 901 καὶ

244 928 589 995 βαλλομένων
609 931 711 977 τῶν
730 922 1102 993 Καρχηδονίων
1122 921 1226 972 ἀπό
1253 943 1308 972 τε
1332 924 1434 971 τῶν
1458 918 1658 970 πλοίων

245 1001 331 1051 καὶ
350 998 453 1049 ἀπὸ
473 1002 560 1060 τῆς
577 1001 670 1060 γῆς
694 994 783 1044 καὶ
803 992 908 1043 ἀπὸ
927 996 1017 1043 τοῦ
1039 991 1257 1058 τείχους,
1276 990 1331 1040 αἱ
1348 994 1459 1051 νῆες
1475 986 1655 1053 ἐθραύ-

245 1090 378 1125 οντο,
401 1066 487 1117 καὶ
513 1068 776 1129 καμοῦσαι
794 1061 913 1128 περὶ
938 1059 1164 1125 ἑσπέραν
1190 1060 1474 1109 ἀπέπλεον.
1540 1057 1658 1107 ἀπι-

246 1137 426 1190 ούσαις
446 1133 487 1184 δ᾽
515 1135 696 1186 αὐταῖς
714 1131 771 1182 αἱ
791 1130 1059 1195 Ῥωμαίων
1084 1128 1361 1183 ἐπέκειντο,
1389 1124 1663 1176 ἐκθέουσαί

248 1228 302 1257 τε
329 1204 412 1255 διὰ
439 1206 541 1253 τῶν
567 1199 951 1262 διαστημάτων,
989 1197 1075 1247 καὶ
1107 1197 1192 1247 ὅτε
1225 1196 1509 1259 βιάζοιντο,
1537 1195 1661 1244 ὑπο-

247 1277 540 1343 χωροῶσαι.
603 1268 725 1335 μίαν
751 1268 805 1318 δὲ
829 1267 916 1317 καὶ
941 1265 1258 1329 ἀνεδήσαντο
1277 1263 1423 1326 κενὴν
1450 1263 1660 1329 ἀνδρῶν,

248 1343 336 1393 καὶ
360 1340 487 1407 πρὸς
515 1339 602 1389 τὸν
628 1335 893 1390 Σκιπίωνα
919 1334 1196 1399 ἀνήγαγον.
1266 1331 1397 1398 μετὰ
1435 1331 1486 1381 δὲ
1511 1334 1664 1382 τοῦτο

248 1410 520 1479 ἐχείμαζον
579 1407 751 1473 ἄμφω.
859 1404 947 1454 καὶ
1006 1400 1279 1463 Ῥωμαίοις
1339 1401 1431 1465 μὲν
1489 1400 1551 1462 ἦν
1610 1400 1665 1449 ἐκ

248 1479 530 1539 θαλάσσης
555 1474 721 1542 ἀγορὰ
749 1472 1001 1540 δαψιλής,
1027 1470 1274 1521 Ἰτυκαῖοι
1313 1469 1361 1519 δὲ
1402 1467 1489 1519 καὶ
1525 1470 1663 1534 Καρ-

249 1546 480 1617 χηδόνιοι
515 1544 863 1610 λιμώττοντες
899 1541 1183 1606 ἐλῄστευον
1232 1537 1350 1591 τοὺς
1396 1535 1664 1603 ἐμπόρους,

249 1617 403 1685 μέχρι
469 1612 738 1676 Ῥωμαίων
798 1615 910 1674 νῆες
971 1608 1151 1664 ἄλλαι,
1213 1607 1535 1673 πεμφθεῖσαι
1597 1609 1666 1670 τῷ

252 1682 520 1740 Σκιπίωνι,
548 1681 819 1748 ἐφώρμουν
856 1682 964 1731 τοῖς
1001 1675 1272 1740 πολεμίοις
1308 1675 1395 1725 καὶ
1440 1673 1533 1727 τὰς
1575 1681 1666 1739 λῃ-

252 1750 469 1818 στρικὰς
513 1750 756 1800 ἐκώλυον.
828 1746 876 1797 οἱ
919 1743 960 1795 δ᾽
996 1746 1214 1809 ἔκαμνον
1246 1743 1343 1807 ἤδη
1370 1741 1573 1810 σφόδρα
1600 1745 1670 1807 τῷ

251 1823 407 1888 λιμῷ.

936 1981 1000 2040 V

256 2510 370 2576 438

105 326 212 362 CAP.

104 365 204 400 IV

127 2137 234 2175 CAP.

127 2181 222 2215 V
