1747 2693
121 327 224 363 CAP.

133 369 200 400 V

290 173 609 241 APPIAN'S
629 172 888 239 ROMAN
902 171 1230 242 HISTORY,
1247 171 1441 243 BOOK
1466 170 1608 244 VIII

246 312 303 364 τὸ
347 311 518 377 τρίτον
567 315 657 372 τῆς
707 307 994 373 Ῥωμαικῆς
1035 307 1179 373 παρὰ
1219 303 1523 365 Σκιπίωνος,
1568 308 1655 357 καὶ

244 382 431 441 λαβὼν
480 379 765 443 ἡγουμένου
815 380 915 426 τῶν
967 374 1232 439 Ῥωμαίων
1282 374 1521 432 Λαιλίου,
1570 375 1656 426 τὸν

247 446 469 516 Σύφακα
496 446 714 498 ἐδίωκεν.
789 443 815 495 ὁ
851 444 902 494 δὲ
939 443 1209 510 ὑπέφευγε,
1238 443 1390 511 μέχρι
1425 443 1653 509 καθορώ-

245 539 392 584 μενος
427 516 548 579 περί
585 537 685 565 τινι
722 517 942 578 ποταμῷ
981 512 1336 562 συνετάσσετο
1373 513 1421 566 ἐς
1463 513 1655 580 μάχην.

247 587 296 637 οἱ
342 585 433 650 μὲν
483 585 571 635 οὖν
626 582 865 648 Νομάδες
926 580 1255 646 ἑκατέρωθεν,
1306 580 1483 645 ὥσπερ
1543 582 1656 634 ἔθος

246 656 436 711 αὐτοῖς,
475 651 659 703 πολλὰ
697 651 783 701 καὶ
819 648 984 716 ἀθρόα
1022 648 1246 716 ἠφίεσαν
1279 647 1357 698 ἐπ᾽
1385 649 1655 711 ἀλλήλοις,

246 724 295 774 οἱ
319 723 372 773 δὲ
407 721 653 785 Ῥωμαῖοι
690 716 1117 782 προβαλλόμενοι
1156 717 1247 770 τὰς
1276 716 1503 772 ἀσπίδας
1529 718 1653 783 ἐπῄ-

245 813 385 842 εσαν.
459 787 647 856 Σύφαξ
682 787 734 838 δὲ
776 786 1195 847 Μασσανάσσην
1243 785 1375 843 ἰδών,
1428 785 1528 836 ἵετο
1578 786 1655 836 ἐπ᾽

244 859 401 911 αὐτὸν
429 857 513 909 ὑπ᾽
541 858 709 922 ὀργῆς·
749 855 774 906 ὁ
813 856 852 905 δ᾽
890 856 1227 916 ἀντεπήλασε
1250 854 1499 919 γεγηθώς.
1570 855 1657 905 καὶ

245 930 440 992 ἀγῶνος
466 930 675 977 πολλοῦ
711 924 829 990 περὶ
867 924 1021 990 ἄμφω
1058 924 1349 987 γενομένου,
1377 921 1655 989 τραπέντες

245 998 292 1048 οἱ
329 1000 419 1047 τοῦ
456 996 699 1061 Σύφακος
737 995 785 1047 ἐς
821 992 993 1059 φυγὴν
1035 991 1122 1042 τὸν
1164 991 1399 1055 ποταμὸν
1447 991 1655 1056 ἐπέρων,

245 1066 366 1116 ἔνθα
410 1086 485 1118 τις
524 1064 685 1114 αὐτοῦ
724 1059 966 1128 Σύφακος
1002 1060 1090 1111 τὸν
1128 1060 1289 1110 ἵππον
1314 1060 1522 1121 ἔβαλεν·
1563 1059 1587 1110 ὁ
1614 1061 1655 1109 δ᾽

244 1133 566 1185 ἀπεσείσατο
608 1131 696 1181 τὸν
739 1128 1014 1191 δεσπότην,
1053 1128 1137 1178 καὶ
1180 1127 1204 1179 ὁ
1245 1128 1657 1190 Μασσανάσσης

244 1200 538 1266 ἐπιδραμὼν
563 1201 700 1251 εἷλεν
726 1199 883 1249 αὐτόν
914 1219 969 1247 τε
1006 1193 1229 1264 Σύφακα
1261 1196 1348 1246 καὶ
1373 1197 1461 1247 τὸν
1487 1198 1656 1263 ἕτερον

243 1273 403 1322 αὐτοῦ
442 1273 545 1320 τῶν
584 1269 720 1318 υἱῶν.
793 1266 881 1316 καὶ
922 1265 1107 1316 τούσδε
1143 1266 1235 1328 μὲν
1274 1265 1421 1319 εὐθὺς
1460 1266 1657 1327 ἔπεμπε

244 1337 512 1396 Σκιπίωνι,
541 1338 802 1387 ἀπέθανον
840 1336 878 1384 δ᾽
918 1335 969 1384 ἐν
1006 1338 1068 1400 τῇ
1105 1334 1250 1401 μάχῃ
1289 1331 1530 1401 Σύφακος
1566 1334 1657 1398 μὲν

245 1410 293 1462 ἐς
317 1405 527 1473 μυρίους
554 1406 754 1469 ἄνδρας,
794 1401 1060 1468 Ῥωμαίων
1098 1402 1151 1452 δὲ
1181 1401 1333 1452 πέντε
1375 1401 1463 1452 καὶ
1506 1403 1653 1459 ἑβδο-

242 1476 490 1541 μήκοντα,
518 1472 933 1523 Μασσανάσσου
958 1472 1009 1522 δὲ
1035 1469 1342 1536 τριακόσιοι.
1413 1470 1500 1521 καὶ
1538 1470 1655 1555 αἰχ-

243 1546 478 1605 μάλωτοι
504 1539 745 1609 Σύφακος
771 1540 1003 1605 ἐγένοντο
1038 1537 1471 1607 τετρακισχίλιοι.
1545 1561 1657 1589 τού-

246 1635 348 1664 των
370 1613 508 1675 ἦσαν
533 1611 849 1660 Μασσύλιοι
876 1607 1133 1676 δισχίλιοι
1173 1607 1260 1658 καὶ
1301 1606 1656 1664 πεντακόσιοι,

246 1685 347 1732 τῶν
373 1682 421 1735 ἐς
448 1679 668 1745 Σύφακα
693 1678 797 1728 ἀπὸ
834 1677 1249 1727 Μασσανάσσου
1272 1676 1655 1741 μεταστάντων·

247 1750 334 1800 καὶ
361 1748 543 1800 αὐτοὺς
570 1747 595 1798 ὁ
622 1745 1029 1807 Μασσανάσσης
1060 1745 1145 1795 ἐπὶ
1170 1747 1297 1810 τῷδε
1321 1744 1485 1810 ᾔτησε
1512 1743 1657 1810 παρὰ

246 1817 485 1875 Λαιλίου,
514 1816 600 1867 καὶ
624 1815 812 1876 λαβὼν
837 1812 1179 1881 κατέσφαξεν.

317 1891 392 1936 27.
432 1884 586 1935 Μετὰ
612 1884 663 1934 δὲ
689 1887 841 1933 τοῦτο
869 1880 1220 1935 Μασσυλίους
1254 1882 1338 1932 καὶ
1367 1881 1458 1945 τὴν
1482 1881 1658 1950 χώραν

246 1954 338 2018 τὴν
386 1954 626 2021 Σύφακος
675 1952 922 2017 ἐπῄεσαν,
971 1950 1089 2004 τοὺς
1136 1951 1226 2014 μὲν
1275 1951 1421 2005 αὖθις
1469 1953 1518 2005 ἐς
1567 1950 1658 2013 τὴν

246 2022 417 2090 ἀρχὴν
451 2023 545 2083 τὴν
584 2020 1000 2070 Μασσανάσσου
1036 2019 1424 2082 καθιστάμενοι,
1452 2018 1568 2072 τοὺς
1607 2019 1657 2068 δὲ

247 2089 689 2157 προσποιούμενοί
725 2110 781 2139 τε
824 2089 910 2139 καὶ
952 2086 1069 2141 τοὺς
1107 2088 1449 2141 ἀπειθοῦντας
1490 2088 1658 2136 αὐτῶν

248 2157 745 2224 καταστρεφόμενοι.
833 2155 1081 2223 ἀφίκοντο
1133 2155 1174 2204 δ᾽
1224 2156 1398 2209 αὐτοῖς
1457 2155 1542 2205 καὶ
1604 2156 1657 2204 ἐκ

250 2230 444 2294 Κίρτης
502 2227 770 2292 πρέσβεις,
831 2224 897 2274 τὰ
955 2223 1211 2285 βασίλεια
1271 2227 1361 2273 τοῦ
1420 2220 1661 2288 Σύφακος

249 2295 634 2361 παραδιδόντες,
665 2293 767 2363 ἰδίᾳ
805 2292 857 2343 δὲ
893 2292 1020 2359 πρὸς
1056 2292 1472 2354 Μασσανάσσην
1499 2292 1661 2357 ἕτεροι

248 2364 395 2426 παρὰ
445 2362 755 2430 Σοφωνίβας
805 2366 894 2424 τῆς
951 2357 1192 2427 Σύφακος
1250 2359 1507 2424 γυναικός,
1569 2360 1661 2421 τὴν

249 2432 479 2495 ἀνάγκην
538 2435 630 2482 τοῦ
688 2431 857 2494 γάμου
920 2428 1255 2493 διηγούμενοι.
1351 2424 1661 2495 Σοφωνίβαν

230 2521 357 2579 440
