1747 2693
140 316 243 351 CAP.

148 357 225 390 V

324 166 631 231 APPIAN'S
654 165 901 228 ROMAN
927 169 1255 238 HISTORY,
1273 165 1467 229 BOOK
1484 165 1623 235 VIII

261 300 355 365 μὲν
403 300 493 350 οὖν
542 299 763 365 ἄσμενος
807 298 916 367 εἶχε
957 297 1145 359 λαβὼν
1182 297 1207 347 ὁ
1246 297 1673 359 Μασσανάσσης·

263 369 352 420 καὶ
401 368 577 431 αὐτήν,
629 366 853 418 ἐπανιὼν
903 366 1032 434 πρὸς
1080 362 1349 419 Σκιπίωνα
1403 365 1571 422 αὐτός,
1625 366 1677 414 ἐν

266 436 431 504 Κίρτῃ
482 435 750 493 κατέλιπε,
805 435 1162 502 προορώμενος
1210 433 1311 501 ἄρα
1360 432 1418 484 τὸ
1465 432 1675 499 μέλλον.

263 502 497 559 Σκιπίων
548 505 602 555 δὲ
662 505 814 569 ἤρετο
877 499 1118 570 Σύφακα·
1185 501 1313 556 "τίς
1374 523 1437 552 σε
1484 500 1677 566 δαίμων

264 576 497 641 ἔβλαψε,
539 574 696 639 φίλον
736 574 859 623 ὄντα
897 593 983 637 μοι
1023 571 1111 622 καὶ
1148 571 1234 622 ἐπὶ
1270 570 1475 633 Λιβύην
1510 571 1678 620 ἐλθεῖν

263 642 657 709 προτρέψαντα,
684 640 999 709 ψεύσασθαι
1029 640 1121 703 μὲν
1149 639 1295 693 θεοὺς
1330 641 1415 693 οὓς
1453 637 1675 703 ὤμοσας,

262 712 577 780 ψεύσασθαι
627 709 678 760 δὲ
724 709 855 775 μετὰ
905 712 1006 760 τῶν
1053 709 1184 759 θεῶν
1240 706 1542 773 Ῥωμαίους,
1592 707 1678 756 καὶ

262 779 393 846 μετὰ
422 777 797 846 Καρχηδονίων
823 777 939 828 ἀντὶ
976 776 1244 840 Ῥωμαίων
1279 776 1493 827 ἑλέσθαι
1523 781 1677 826 πολε-

263 854 394 914 μεῖν,
421 852 524 898 τῶν
560 847 645 898 ἐπὶ
684 845 1075 914 Καρχηδονίους
1115 847 1173 896 οὐ
1211 844 1313 911 πρὸ
1353 848 1561 895 πολλοῦ
1594 865 1679 894 σοι

261 914 762 979 βεβοηθηκότων;"
863 913 904 965 δ᾽
950 914 1078 972 εἶπε,
1119 910 1451 981 "Σοφωνίβα
1491 911 1677 978 Ἀσδρ-
798 914 823 966 ὁ

262 986 402 1048 ούβα
439 986 691 1051 θυγάτηρ,
716 984 777 1047 ἧς
800 983 901 1047 ἐγὼ
925 984 1059 1049 ἤρων
1086 981 1164 1033 ἐπ᾽
1192 984 1293 1048 ἐμῷ
1320 986 1477 1048 κακῷ.
1530 980 1678 1048 φιλό-

261 1076 453 1121 πατρις
478 1054 518 1103 δ᾽
554 1054 698 1103 ἐστὶν
734 1053 979 1121 ἰσχυρῶς,
1006 1052 1095 1102 καὶ
1135 1050 1281 1115 ἱκανὴ
1318 1050 1530 1101 ἅπαντά
1565 1071 1678 1100 τινα

261 1128 448 1175 πεῖσαι
485 1121 612 1188 πρὸς
649 1121 681 1171 ἃ
717 1121 989 1183 βούλεται.
1084 1121 1216 1182 αὕτη
1247 1141 1311 1184 με
1346 1120 1436 1169 καὶ
1485 1120 1540 1169 ἐκ
1589 1123 1678 1181 τῆς

264 1190 512 1258 ὑμετέρας
536 1188 718 1251 φιλίας
745 1191 794 1244 ἐς
821 1188 914 1252 τὴν
952 1189 1134 1253 ἑαυτῆς
1158 1187 1410 1253 μετέθηκε
1434 1185 1677 1252 πατρίδα,

262 1260 352 1312 καὶ
400 1261 448 1314 ἐς
496 1253 610 1310 τόδε
656 1262 931 1325 συμφορᾶς
977 1259 1034 1308 ἐκ
1080 1256 1309 1319 τοσῆσδε
1356 1255 1681 1320 εὐδαιμονίας

266 1328 578 1389 κατέβαλεν.
650 1326 737 1377 σοὶ
776 1326 829 1376 δὲ
865 1329 1101 1388 παραινῶ
1127 1325 1253 1393 (χρὴ
1286 1325 1404 1390 γάρ,
1441 1323 1679 1390 ὑμέτερον

265 1397 536 1462 γενόμενον
571 1396 658 1447 καὶ
696 1394 1011 1462 Σοφωνίβας
1039 1393 1466 1458 ἀπηλλαγμένον,
1499 1396 1587 1443 νῦν
1618 1415 1679 1458 γε

267 1469 385 1532 ὑμῖν
432 1466 563 1516 εἶναι
610 1463 872 1529 βέβαιον)·
932 1463 1182 1531 φύλασσε
1230 1459 1561 1527 Σοφωνίβαν,
1609 1461 1679 1525 μὴ

266 1534 682 1596 Μασσανάσσην
707 1534 756 1587 ἐς
788 1532 821 1582 ἃ
852 1531 1107 1593 βούλεται
1136 1531 1424 1597 μεταγάγῃ.
1496 1530 1554 1580 οὐ
1579 1529 1679 1598 γὰρ

267 1604 343 1667 δή,
369 1603 440 1668 μὴ
466 1602 524 1653 τὸ
550 1599 759 1666 γύναιόν
783 1621 913 1651 ποτε
936 1601 1120 1663 ἕληται
1147 1599 1213 1649 τὰ
1242 1596 1509 1662 Ῥωμαίων
1533 1600 1678 1649 ἐλπί-

267 1675 368 1736 ζειν
393 1671 552 1736 ἄξιον·
590 1671 751 1725 οὕτως
777 1670 923 1720 ἐστὶν
945 1669 1176 1736 ἰσχυρῶς
1200 1664 1531 1735 φιλόπολις."

338 1747 412 1790 28.
452 1737 610 1789 Ταῦθ᾽
674 1737 698 1789 ὁ
746 1737 839 1801 μὲν
878 1738 1071 1802 ἔλεγεν,
1125 1737 1215 1788 εἴτ᾽
1268 1736 1540 1798 ἀληθεύων
1578 1736 1679 1786 εἴτε

269 1807 713 1872 ζηλοτυπούμενος
738 1806 823 1857 καὶ
852 1805 1269 1868 Μασσανάσσην
1295 1805 1344 1858 ἐς
1368 1804 1432 1855 τὰ
1456 1803 1680 1870 μέγιστα

266 1878 545 1941 βλάπτων·
585 1875 609 1925 ὁ
637 1875 689 1926 δὲ
712 1871 946 1929 Σκιπίων
976 1872 1198 1940 Σύφακα
1238 1872 1346 1938 μέν,
1373 1894 1586 1924 συνετόν
1624 1894 1679 1923 τε

269 1945 576 2013 φαινόμενον
602 1944 690 1994 καὶ
716 1948 807 2006 τῆς
835 1943 1011 2012 χώρας
1050 1943 1307 2008 ἔμπειρον,
1334 1941 1420 1993 ἐπὶ
1444 1940 1510 1992 τὰ
1535 1941 1679 1991 κοινὰ

270 2016 509 2080 ἐπήγετο,
551 2013 643 2063 καὶ
679 2012 883 2077 γνώμης
923 2013 1009 2061 καὶ
1047 2014 1359 2075 συμβουλῆς
1397 2009 1677 2075 μετεδίδου,

269 2083 377 2135 οἷόν
425 2104 476 2133 τι
524 2081 613 2132 καὶ
662 2080 874 2147 Κροίσῳ
923 2084 994 2146 τῷ
1042 2079 1194 2146 Λυδῷ
1257 2083 1425 2144 Κῦρος
1472 2078 1678 2147 ἐχρῆτο,

270 2149 496 2202 Λαιλίου
556 2149 599 2199 δ᾽
659 2149 989 2215 ἀφικομένου,
1041 2147 1127 2198 καὶ
1186 2146 1354 2198 ταὐτὰ
1413 2147 1530 2212 περὶ
1588 2168 1679 2208 τῆς

270 2217 581 2287 Σοφωνίβας
639 2217 903 2269 πυθέσθαι
961 2216 1107 2281 παρὰ
1156 2218 1375 2267 πολλῶν
1419 2214 1679 2280 λέγοντος,

269 2288 514 2339 ἐκέλευσε
537 2287 625 2337 τὸν
650 2285 1065 2347 Μασσανάσσην
1080 2284 1173 2347 τὴν
1197 2283 1437 2351 Σύφακος
1460 2287 1681 2347 γυναῖκα

270 2355 608 2423 παραδοῦναι.
682 2353 1093 2420 παραιτουμένου
1142 2353 1181 2402 δ᾽
1230 2353 1438 2409 ἐκείνου,
1480 2352 1568 2402 καὶ
1615 2352 1679 2402 τὰ

272 2425 391 2491 περὶ
455 2425 616 2487 αὐτῆς
679 2422 871 2473 ἄνωθεν
936 2424 1002 2477 ὡς
1068 2421 1267 2487 ἐγένετο
1333 2419 1677 2486 διηγουμένου,

253 2515 380 2571 442
