1747 2693
136 323 241 360 CAP.

135 366 231 399 V

319 172 628 247 APPIAN'S
652 180 904 243 ROMAN
917 176 1250 250 HISTORY,
1269 179 1466 246 BOOK
1485 180 1625 250 VIII

264 311 583 379 τραχύτερον
644 310 668 358 ὁ
731 305 961 363 Σκιπίων
1021 312 1255 360 ἐκέλευεν
1314 309 1470 359 αὐτὸν
1521 310 1677 374 μηδὲν

263 381 607 447 ἀφαιρεῖσθαι
642 378 742 449 βίᾳ
777 400 879 428 των
913 377 1214 443 Ῥωμαικῶν
1248 377 1513 444 λαφύρων,
1552 379 1676 428 ἀλλ᾽

261 450 311 503 ἐς
359 448 417 499 τὸ
463 447 625 514 μέσον
673 447 966 497 καταθέντα
1015 447 1192 503 αἰτεῖν,
1243 446 1330 496 καὶ
1379 446 1592 504 πείθειν,
1634 447 1679 497 εἰ

263 519 486 568 δύναιτο.
561 516 727 585 ᾤχετο
755 516 842 565 οὖν
869 514 893 565 ὁ
920 514 1335 577 Μασσανάσσης
1360 514 1490 577 μετὰ
1528 519 1678 565 τινῶν

260 585 543 649 Ῥωμαίων,
593 584 925 649 παραδώσων
979 584 1157 637 αὐτοῖς
1207 582 1299 647 τὴν
1349 580 1675 649 Σοφωνίβαν.

263 655 438 722 κρύφα
464 653 516 704 δὲ
541 654 672 719 αὐτῇ
701 652 872 720 φέρων
906 652 1180 718 φάρμακον
1210 655 1414 718 πρῶτος
1453 652 1676 719 ἐνέτυχε,

264 724 352 775 καὶ
391 721 457 773 τὰ
495 721 730 788 παρόντα
773 719 1081 788 προύθηκεν,
1116 721 1148 784 ἢ
1180 724 1317 771 πιεῖν
1340 720 1372 783 ἢ
1408 718 1677 785 Ῥωμαίοις

265 790 526 842 δουλεύειν
553 791 790 841 ἑκοῦσαν.
865 789 1011 839 οὐδέν
1049 810 1105 839 τε
1143 787 1302 839 εἰπὼν
1343 790 1417 839 ἔτι
1451 789 1677 854 ἐξήλασε

263 859 351 911 τὸν
378 859 557 910 ἵππον.
629 861 660 923 ἡ
699 858 751 908 δὲ
789 862 852 925 τῇ
890 862 1066 924 τροφῷ
1106 857 1325 921 δείξασα
1349 856 1442 921 τὴν
1469 859 1675 915 κύλικα,

263 928 351 980 καὶ
389 929 632 990 δεηθεῖσα
667 925 826 992 μηδὲν
864 925 1151 991 ὀδύρασθαι
1188 929 1362 980 καλῶς
1387 927 1675 976 ἀποθανοῦ-

263 1019 382 1055 σαν,
410 998 522 1047 ἔπιε
547 1000 638 1047 τοῦ
672 994 966 1063 φαρμάκου.
1062 994 1149 1045 καὶ
1187 994 1348 1055 αὐτὴν
1384 994 1408 1045 ὁ
1448 998 1676 1045 Μασσα-

263 1067 466 1128 νάσσης
484 1068 589 1120 τοῖς
605 1065 793 1127 ἥκουσι
806 1061 1075 1126 Ῥωμαίων
1094 1063 1367 1128 ἐπιδείξας,
1390 1063 1474 1113 καὶ
1496 1064 1676 1131 θάψας

262 1138 575 1196 βασιλικῶς,
641 1132 936 1200 ὑπέστρεφε
995 1130 1123 1199 πρὸς
1182 1131 1466 1185 Σκιπίωνα.
1540 1131 1565 1182 ὁ
1626 1133 1678 1182 δὲ

263 1203 421 1255 αὐτὸν
447 1201 726 1256 ἐπαινέσας
752 1223 824 1259 τε,
851 1200 938 1251 καὶ
955 1200 1329 1266 παρηγορήσας
1344 1200 1426 1251 ὅτι
1451 1205 1678 1265 πονηρᾶς

261 1271 503 1337 γυναικὸς
540 1270 846 1335 ἀπηλλάγη,
873 1270 1207 1337 ἐστεφάνωσε
1242 1273 1332 1332 τῆς
1369 1268 1555 1335 ἐφόδου
1589 1275 1678 1332 τῆς

263 1340 349 1391 ἐπὶ
388 1337 615 1406 Σύφακα
653 1340 740 1389 καὶ
783 1338 1081 1404 ἐδωρήσατο
1114 1341 1352 1391 πολλοῖς.
1425 1336 1677 1404 ἀχθέντος

264 1410 306 1459 δ᾽
333 1410 381 1463 ἐς
416 1408 618 1473 Ῥώμην
643 1412 734 1458 τοῦ
760 1406 1017 1474 Σύφακος,
1046 1406 1095 1457 οἱ
1120 1406 1214 1469 μὲν
1248 1404 1425 1472 ἠξίουν
1451 1406 1674 1472 περισώ-

265 1481 366 1542 ζειν
394 1478 553 1540 ἄνδρα
578 1478 631 1527 ἐν
656 1474 863 1544 Ἰβηρίᾳ
895 1474 1052 1538 φίλον
1082 1475 1168 1524 καὶ
1200 1473 1480 1542 σύμμαχον
1506 1476 1677 1529 αὐτοῖς

261 1545 548 1612 γενόμενον,
586 1545 637 1595 οἱ
671 1545 723 1595 δὲ
760 1545 1013 1607 κολάζειν,
1040 1544 1119 1594 ὅτι
1152 1547 1259 1597 τοῖς
1294 1543 1467 1609 φίλοις
1497 1543 1676 1594 ἐπολέ-

262 1637 442 1680 μησεν.
517 1613 541 1665 ὁ
568 1613 621 1664 δὲ
648 1613 748 1663 ὑπὸ
772 1613 946 1675 λύπης
970 1616 1137 1663 νοσῶν
1163 1611 1436 1662 ἀπέθανεν.

334 1689 410 1733 29.
448 1682 782 1748 Ἀσδρούβας
806 1681 860 1731 δὲ
884 1681 1058 1739 ἐπειδὴ
1087 1685 1260 1734 καλῶς
1285 1680 1402 1734 τοὺς
1427 1680 1678 1735 συνόντας

263 1753 565 1817 ἐγύμνασεν,
594 1751 793 1815 ἔπεμπέ
818 1771 933 1801 τινα
957 1749 1086 1815 πρὸς
1110 1749 1349 1799 Ἄννωνα
1373 1747 1462 1799 τὸν
1489 1771 1676 1815 στρατ-

261 1820 389 1886 ηγὸν
413 1823 516 1871 τῶν
549 1817 937 1888 Καρχηδονίων,
969 1819 1128 1883 ἀξιῶν
1164 1819 1304 1883 αὑτῷ
1329 1816 1417 1868 τὸν
1443 1818 1679 1869 Ἄννωνα

264 1894 577 1953 κοινωνῆσαι
613 1887 707 1949 τὴν
746 1888 1087 1952 στρατηγίαν,
1125 1886 1211 1936 καὶ
1251 1885 1551 1941 ὑποδεικνὺς
1597 1887 1677 1937 ὅτι

265 1959 461 2009 πολλοὶ
504 1956 756 2012 Σκιπίωνι
805 1954 1037 2006 σύνεισιν
1077 1955 1287 2020 Ἴβηρες
1326 1954 1551 2013 ἄκοντες,
1591 1956 1678 2010 οὓς

266 2027 355 2078 ἐάν
393 2047 470 2080 τις
514 2023 719 2093 χρυσίῳ
768 2024 852 2074 καὶ
907 2022 1239 2090 ὑποσχέσεσι
1288 2023 1575 2091 διαφθείρῃ,
1619 2024 1677 2074 τὸ

266 2093 623 2159 στρατόπεδον
659 2093 989 2158 ἐμπρήσουσι
1023 2091 1081 2142 τὸ
1119 2087 1423 2146 Σκιπίωνος.
1497 2092 1594 2159 ἔφη
1625 2092 1677 2143 δὲ

267 2163 355 2213 καὶ
387 2161 556 2219 αὐτός,
583 2161 629 2212 εἰ
666 2161 928 2228 προμάθοι
968 2161 1056 2210 τὸν
1096 2159 1289 2226 καιρόν,
1321 2160 1457 2225 ἥξειν
1495 2160 1582 2210 ἐπὶ
1620 2161 1678 2211 τὸ

268 2233 433 2297 ἔργον.
508 2235 676 2281 ταῦτα
713 2230 805 2292 μὲν
846 2228 1193 2294 Ἀσδρούβας,
1239 2227 1263 2278 ὁ
1308 2228 1358 2278 δὲ
1388 2228 1589 2279 Ἄννων
1631 2231 1679 2284 ἐς

268 2300 360 2365 μὲν
398 2299 486 2350 τὸν
523 2298 860 2365 Ἀσδρούβαν
899 2297 1222 2363 ἐπανούργει,
1247 2301 1339 2347 τοῦ
1370 2295 1413 2346 δ᾽
1448 2298 1677 2366 ἐγχειρή-

267 2389 431 2432 ματος
473 2369 564 2419 οὐκ
603 2366 926 2430 ἀπήλπισεν,
954 2366 1077 2414 ἀλλ᾽
1121 2364 1280 2429 ἄνδρα
1321 2364 1514 2415 πιστὸν
1548 2365 1677 2424 μετὰ

266 2436 505 2504 χρυσίου,
556 2435 793 2503 καθάπερ
843 2432 1151 2499 αὐτόμολον,
1192 2436 1241 2487 ἐς
1288 2433 1346 2484 τὸ
1394 2432 1677 2488 Σκιπίωνος

246 2533 375 2591 444
