1747 2693
133 331 234 363 CAP.

137 371 216 406 V

309 177 627 257 APPIAN'S
644 185 903 253 ROMAN
922 179 1251 255 HISTORY,
1270 181 1462 250 BOOK
1481 179 1616 248 VIII

258 316 613 383 στρατόπεδον
641 317 994 383 κατέπεμψεν,
1024 317 1075 371 ὃς
1101 315 1319 370 πιθανὸς
1349 316 1415 366 ὢν
1442 316 1674 383 ἐντυχεῖν

259 393 464 459 ἑκάστῳ
491 392 744 459 διέφθειρε
776 391 1026 449 πολλούς,
1054 393 1247 458 ἡμέραν
1281 413 1336 441 τε
1370 390 1674 453 συνθέμενος

260 468 434 521 αὐτοῖς
462 469 771 530 ἐπανῆλθεν.
847 467 931 517 καὶ
971 467 1063 530 τὴν
1100 466 1293 533 ἡμέραν
1324 465 1349 517 ὁ
1381 466 1579 516 Ἄννων
1605 469 1674 531 τῷ

257 543 564 612 Ἀσδρούβᾳ
587 543 878 609 μετέφερεν.
939 541 1190 594 Σκιπίωνι
1232 542 1284 592 δὲ
1324 542 1549 607 θυομένῳ
1577 538 1674 590 κίν-

261 619 409 668 δυνον
434 617 500 667 τὰ
528 617 635 683 ἱερὰ
662 618 848 679 ἐδήλου
876 619 1199 682 ἐμπρησμοῦ·
1228 616 1315 667 καὶ
1335 616 1677 682 περιπέμψας

259 695 308 748 ἐς
369 693 512 743 ἅπαν
573 692 630 743 τὸ
692 691 1065 758 στρατόπεδον,
1115 693 1162 742 εἴ
1207 691 1310 741 πού
1371 713 1421 741 τι
1472 691 1678 756 λάβρον

259 769 475 833 ηὕρισκε
510 772 630 832 πῦρ,
657 769 965 818 κατέπαυεν.
1039 766 1125 817 καὶ
1163 767 1309 820 αὖθις
1347 765 1434 816 ἐπὶ
1471 764 1675 821 πολλὰς

262 843 449 909 ἡμέρας
499 842 689 893 ἐθύετο.
779 844 845 896 ὡς
893 841 933 891 δ᾽
985 843 1076 892 οὐκ
1138 841 1266 891 ἀνίει
1317 839 1382 891 τὰ
1432 839 1541 905 ἱερὰ
1590 840 1678 891 τὸν

261 920 566 984 ἐμπρησμὸν
606 917 1022 974 ὑποδεικνύοντα,
1055 917 1080 967 ὁ
1120 916 1210 981 μὲν
1242 915 1558 983 ἐβαρυθύμει
1591 916 1677 967 καὶ

259 994 845 1060 μεταστρατοπεδεῦσαι
903 991 1176 1057 διεγνώκει,
1240 998 1315 1041 30.
1366 991 1564 1046 ἱππέως
1626 991 1677 1041 δὲ

258 1069 515 1135 Ῥωμαίου
540 1069 781 1135 θεράπων
809 1068 981 1131 Ἴβηρ,
1013 1066 1311 1131 ὑπονοήσας
1345 1089 1394 1116 τι
1433 1067 1551 1131 περὶ
1576 1070 1678 1117 τῶν

261 1144 600 1210 συνθεμένων,
640 1142 953 1209 ὑπεκρίνατο
992 1142 1296 1199 συνειδέναι,
1336 1142 1426 1196 ἕως
1476 1142 1534 1193 τὸ
1573 1147 1678 1193 πᾶν

259 1221 431 1285 ἔμαθε,
460 1219 547 1270 καὶ
568 1219 789 1283 ἐμήνυσε
815 1223 885 1284 τῷ
914 1216 1164 1283 δεσπότῃ,
1192 1216 1216 1267 ὁ
1245 1217 1295 1266 δὲ
1327 1216 1483 1267 αὐτὸν
1514 1217 1563 1272 ἐς
1591 1216 1678 1268 τὸν

260 1292 527 1349 Σκιπίωνα
565 1295 745 1359 ἤγαγε,
781 1294 867 1343 καὶ
909 1293 967 1343 τὸ
1001 1294 1204 1356 πλῆθος
1247 1292 1518 1361 ἠλέγχετο.
1592 1293 1678 1343 καὶ

259 1371 462 1423 πάντας
506 1368 530 1421 ὁ
571 1365 803 1423 Σκιπίων
843 1368 1034 1419 ἔκτεινε
1065 1367 1151 1418 καὶ
1188 1367 1431 1434 ἐξέρριψε
1463 1366 1564 1433 πρὸ
1588 1372 1679 1419 τοῦ

260 1446 636 1514 στρατοπέδου.
711 1444 960 1505 αἴσθησις
994 1443 1036 1492 δ᾽
1074 1444 1134 1506 ἦν
1163 1443 1385 1493 Ἄννωνι
1418 1443 1509 1505 μὲν
1537 1442 1678 1507 ὀξεῖα

259 1520 493 1583 πλησίον
518 1522 644 1577 ὄντι,
671 1519 759 1569 καὶ
797 1520 889 1569 οὐκ
918 1519 1078 1582 ἦλθεν
1114 1517 1200 1567 ἐπὶ
1238 1517 1296 1567 τὸ
1322 1519 1674 1583 συγκείμενον,

259 1596 591 1661 Ἀσδρούβας
615 1593 669 1645 δὲ
695 1595 896 1658 ἀγνοῶν
921 1592 1150 1661 ἀφίκετο.
1226 1594 1291 1647 ὡς
1318 1593 1369 1643 δὲ
1395 1593 1453 1643 τὸ
1478 1595 1679 1656 πλῆθος

261 1672 359 1723 εἶδε
386 1675 487 1722 τῶν
514 1673 719 1733 νεκρῶν,
747 1672 927 1720 εἴκασε
960 1668 1017 1719 τὸ
1057 1668 1270 1733 συμβὰν
1296 1668 1386 1718 καὶ
1413 1668 1675 1736 ἀνεχώρει.

259 1747 346 1797 καὶ
382 1745 539 1797 αὐτὸν
577 1743 601 1795 ὁ
652 1743 851 1794 Ἄννων
905 1745 953 1797 ἐς
1010 1742 1068 1792 τὸ
1123 1743 1327 1805 πλῆθος
1376 1742 1677 1804 διέβαλλεν,

258 1817 323 1870 ὡς
376 1814 615 1881 ἀφίκοιτο
670 1809 925 1865 Σκιπίωνι
975 1811 1140 1865 διδοὺς
1193 1810 1389 1869 ἑαυτόν,
1430 1811 1453 1860 ὁ
1511 1811 1565 1862 δὲ
1619 1813 1677 1863 οὐ

254 1885 434 1944 λάβοι.
521 1881 852 1947 Ἀσδρούβας
893 1880 984 1944 μὲν
1023 1879 1084 1943 δὴ
1133 1881 1222 1930 καὶ
1273 1882 1329 1931 ἐκ
1381 1880 1528 1931 τοῦδε
1571 1885 1677 1935 τοῖς

259 1950 636 2020 Καρχηδονίοις
671 1951 732 2009 ἦν
765 1954 972 2014 μᾶλλον
1002 1949 1083 1999 διὰ
1120 1948 1319 2013 μίσους·
1366 1948 1465 1999 ὑπὸ
1504 1947 1555 1998 δὲ
1589 1949 1677 2000 τὸν

257 2020 413 2072 αὐτὸν
451 2018 628 2085 καιρὸν
654 2018 922 2085 Ἀμίλχαρ
958 2018 1050 2081 μὲν
1076 2016 1221 2083 ἄφνω
1261 2021 1373 2070 ταῖς
1412 2016 1677 2078 Ῥωμαίων

256 2089 439 2140 ναυσὶν
461 2086 786 2141 ἐπιπλεύσας
802 2085 923 2152 μίαν
944 2087 1110 2146 ἔλαβε
1130 2085 1309 2151 τριήρη
1328 2086 1414 2136 καὶ
1431 2085 1676 2153 φορτίδας

256 2159 326 2221 ἕξ,
346 2157 545 2207 Ἄννων
566 2156 607 2205 δ᾽
630 2157 922 2219 ἐπιθέμενος
949 2159 1056 2206 τοῖς
1081 2158 1456 2218 πολιορκοῦσιν
1475 2153 1676 2239 Ἰτύκην

256 2225 607 2292 ἀπεκρούσθη.
668 2222 897 2274 Σκιπίων
925 2223 991 2280 δέ,
1018 2221 1228 2291 χρονίου
1255 2227 1345 2282 τῆς
1371 2230 1677 2286 πολιορκίας

257 2295 431 2356 οὔσης,
472 2293 665 2354 ταύτην
701 2292 791 2357 μὲν
830 2292 1065 2342 διέλυσεν
1102 2291 1246 2340 οὐδὲν
1283 2291 1465 2348 ἀνύων,
1492 2290 1585 2345 τὰς
1622 2291 1675 2341 δὲ

254 2362 493 2427 μηχανὰς
519 2364 568 2416 ἐς
592 2362 826 2412 Ἱππῶνα
851 2360 1009 2409 πόλιν
1034 2358 1299 2423 μετετίθει.
1362 2361 1449 2408 καὶ
1476 2358 1675 2414 οὐδενὸς

255 2430 356 2480 οὐδ᾽
408 2431 632 2480 ἐνταῦθα
688 2427 1078 2494 προκόπτοντος
1130 2429 1284 2493 αὐτῷ,
1335 2428 1673 2482 κατακαύσας

244 2522 363 2583 446
