1747 2693
94 343 200 380 CAP.

95 385 186 419 V

91 748 198 786 CAP.

91 790 173 823 VI

221 335 287 387 ὡς
336 333 582 401 ἄχρηστα
631 334 698 383 τὰ
744 335 1099 401 μηχανήματα
1156 334 1249 397 τὴν
1296 336 1474 403 χώραν
1521 338 1632 387 ἐπέ-

221 421 390 467 τρεχε,
435 402 553 455 τοὺς
591 401 682 466 μὲν
722 402 772 457 ἐς
813 406 998 470 φιλίαν
1042 403 1373 468 ἐπαγόμενος,
1417 405 1534 459 τοὺς
1583 406 1633 456 δὲ

218 469 509 535 λῃζόμενος.

270 197 586 266 APPIAN'S
606 201 859 266 ROMAN
886 206 1205 275 HISTORY,
1226 208 1422 270 BOOK
1445 204 1580 268 VIII

857 614 998 680 VI

290 741 365 785 31.
425 736 774 804 Καρχηδόνιοι
834 737 877 787 δ᾽
938 737 1023 789 ἐπὶ
1084 743 1197 793 ταῖς
1255 740 1635 805 κακοπραγίαις

220 804 595 871 δυσφοροῦντες
637 806 905 872 αἱροῦνται
948 808 1243 873 στρατηγὸν
1278 810 1635 875 αὐτοκράτορα

218 873 483 934 Ἀννίβαν,
532 873 622 924 τὸν
670 873 724 924 δὲ
771 873 1034 943 ναύαρχον
1081 875 1313 938 ἔπεμπον
1361 878 1447 927 ἐπὶ
1497 883 1634 935 νεῶν,

220 941 564 1010 ἐπισπέρχειν
608 942 768 993 αὐτὸν
815 943 901 994 ἐπὶ
950 942 1044 1006 τὴν
1089 944 1359 1004 διάβασιν.
1427 946 1535 1008 ἅμα
1584 946 1636 996 δὲ

220 1010 366 1061 ταῦτ᾽
392 1011 677 1075 ἔπρασσον,
703 1011 792 1062 καὶ
817 1011 865 1065 ἐς
891 1011 978 1062 τὸν
1005 1011 1272 1065 Σκιπίωνα
1297 1013 1415 1079 περὶ
1441 1015 1636 1081 εἰρήνης

219 1078 617 1144 ἐπρεσβεύοντο,
689 1079 960 1145 ἡγούμενοι
1031 1080 1234 1131 τούτοιν
1296 1083 1503 1137 πάντως
1575 1085 1637 1135 ἂν

220 1147 325 1201 ἑνὸς
351 1152 544 1215 τυχεῖν,
571 1149 602 1210 ἢ
637 1147 731 1211 τὴν
759 1148 959 1214 εἰρήνην
997 1149 1142 1214 ἕξειν,
1168 1150 1199 1212 ἢ
1233 1149 1421 1217 χρόνον
1446 1151 1633 1219 διατρί-

219 1221 346 1281 ψειν
374 1216 463 1268 ἕως
488 1216 726 1282 ἀφίκοιτο
761 1216 786 1267 ὁ
821 1216 1087 1278 Ἀννίβας.
1159 1217 1389 1272 Σκιπίων
1419 1220 1511 1283 μὲν
1548 1221 1636 1271 οὖν

218 1285 394 1337 αὐτοῖς
412 1285 607 1351 ἀνοχάς
626 1306 681 1335 τε
696 1285 867 1342 ἔδωκε,
884 1287 972 1336 καὶ
999 1286 1091 1349 τὴν
1115 1286 1351 1349 δαπάνην
1368 1293 1457 1339 τοῦ
1479 1310 1634 1355 στρα-

219 1356 311 1403 τοῦ
347 1352 535 1414 λαβὼν
572 1354 884 1418 πρεσβεύειν
927 1356 1114 1420 ἐφῆκεν
1154 1356 1203 1409 ἐς
1239 1354 1455 1421 Ῥώμην·
1498 1356 1548 1407 οἱ
1583 1358 1636 1408 δὲ

218 1420 555 1487 ἐπρέσβευον,
584 1421 670 1471 καὶ
708 1425 896 1489 τειχῶν
931 1423 1076 1477 ἐκτὸς
1113 1424 1432 1489 ἐστάθμευον
1469 1428 1535 1480 ὡς
1560 1426 1635 1476 ἔτι

218 1492 477 1553 πολέμιοι,
520 1490 766 1559 ἀχθέντες
808 1512 864 1542 τε
912 1491 996 1541 ἐπὶ
1048 1490 1141 1554 τὴν
1187 1492 1390 1557 βουλὴν
1438 1494 1633 1544 ἐδέοντο

219 1559 529 1623 συγγνώμης
554 1563 750 1626 τυχεῖν.
825 1562 927 1609 τῶν
953 1559 1004 1610 δὲ
1028 1561 1332 1620 βουλευτῶν
1358 1561 1407 1611 οἱ
1426 1563 1519 1627 μὲν
1544 1568 1636 1625 τῆς

221 1627 593 1693 Καρχηδονίων
667 1626 917 1681 ἀπιστίας
990 1627 1391 1693 ὑπεμίμνησκον,
1454 1630 1636 1685 ὁσάκις

220 1696 492 1745 συνθοῖντο
562 1696 652 1746 καὶ
720 1698 1035 1759 παραβαῖεν,
1096 1698 1198 1747 ὅσα
1258 1720 1314 1748 τε
1386 1698 1634 1760 Ἀννίβας

218 1762 424 1828 δράσειε
490 1763 627 1815 δεινὰ
697 1763 980 1829 Ῥωμαίους
1044 1766 1130 1815 καὶ
1192 1767 1310 1820 τοὺς
1368 1766 1635 1833 Ῥωμαίων

218 1833 529 1900 συμμάχους
569 1833 621 1883 ἔν
661 1855 717 1883 τε
760 1833 966 1903 Ἰβηρίᾳ
1005 1835 1091 1884 καὶ
1129 1834 1352 1905 Ἰταλίᾳ·
1392 1836 1440 1887 οἱ
1482 1836 1533 1886 δὲ
1576 1837 1633 1888 τὸ

217 1905 306 1963 τῆς
335 1902 531 1966 εἰρήνης
564 1903 826 1967 χρήσιμον
865 1903 921 1952 οὐ
962 1903 1335 1970 Καρχηδονίοις
1362 1909 1569 1969 μᾶλλον
1600 1906 1631 1969 ἢ

217 1969 403 2035 σφίσιν
430 1968 757 2020 ὑπεδείκνυον
781 1971 1015 2028 ἔσεσθαι,
1037 1977 1126 2035 τῆς
1143 1972 1372 2027 Ἰταλίας
1392 1974 1632 2023 τοσοῖσδε

214 2037 463 2098 πολέμοις
505 2038 967 2105 ἐκτετρυχωμένης,
1012 2040 1071 2089 τό
1115 2061 1170 2090 τε
1212 2045 1302 2090 τοῦ
1349 2043 1633 2104 μέλλοντος

213 2106 444 2172 περιδεὲς
502 2108 802 2172 ἐπεξῄεσαν,
854 2108 1345 2173 ἐπιπλευσουμένων
1404 2111 1488 2161 ἐπὶ
1543 2111 1631 2161 τὸν

214 2174 482 2227 Σκιπίωνα
508 2174 695 2225 αὐτίκα
722 2176 819 2226 σὺν
843 2178 1090 2239 μεγάλοις
1115 2182 1362 2240 στρατοῖς
1386 2177 1630 2239 Ἀννίβου

215 2263 269 2293 τε
316 2244 372 2306 ἐξ
430 2243 662 2297 Ἰταλίας
711 2244 797 2294 καὶ
848 2245 1102 2306 Μάγωνος
1161 2246 1218 2295 ἐκ
1275 2247 1482 2311 Λιγύων
1542 2249 1627 2298 καὶ

207 2308 461 2365 Ἄννωνος
488 2311 592 2362 ἀπὸ
621 2312 968 2380 Καρχηδόνος.

283 2383 359 2428 32.
397 2378 513 2447 Ἐφ᾽
552 2381 625 2435 οἷς
671 2381 943 2446 ἀποροῦσα
992 2383 1020 2443 ἡ
1073 2382 1246 2446 βουλὴ
1294 2384 1629 2447 συμβούλους

210 2445 419 2512 ἔπεμψε
457 2452 527 2514 τῷ
571 2447 833 2506 Σκιπίωνι,
868 2450 978 2513 μεθ᾽
1019 2450 1087 2500 ὧν
1127 2451 1314 2514 ἔμελλε
1350 2457 1537 2517 κρινεῖν
1573 2474 1627 2503 τε

187 2536 334 2600 448
