1747 2693
116 295 220 331 CAP.

116 335 204 370 VI

298 142 603 218 APPIAN'S
624 146 885 212 ROMAN
911 148 1233 222 HISTORY,
1253 142 1448 212 BOOK
1461 150 1607 212 VIII

242 282 329 332 καὶ
370 282 586 349 πράξειν
784 281 1077 344 δοκιμάσειε
1117 279 1390 331 συνοίσειν.
1465 280 1489 329 ὁ
1524 279 1574 331 δὲ
1612 282 1657 333 ἐς
625 281 652 331 ὅ
694 301 745 331 τι

243 350 335 412 τὴν
361 350 564 415 εἰρήνην
587 353 693 403 τοῖς
720 349 1097 415 Καρχηδονίοις
1122 348 1209 399 ἐπὶ
1245 348 1419 398 τοῖσδε
1445 348 1656 411 συνέβη,

242 419 481 483 Μάγωνα
528 418 620 482 μὲν
669 418 931 467 ἀποπλεῖν
981 418 1036 466 ἐκ
1076 416 1285 481 Λιγύων
1334 416 1539 474 αὐτίκα,
1570 416 1658 467 καὶ

243 491 335 537 τοῦ
376 491 569 536 λοιποῦ
621 485 1011 553 Καρχηδονίους
1062 484 1131 549 μὴ
1183 486 1487 550 ξενολογεῖν,
1535 484 1659 549 μηδὲ

243 560 365 610 ναῦς
390 555 529 623 ἔχειν
552 554 753 621 μακρὰς
777 553 989 608 πλείους
1023 553 1318 620 τριάκοντα,
1344 553 1468 618 μηδὲ
1495 561 1657 604 πολυ-

244 627 561 691 πραγμονεῖν
597 644 647 673 τι
683 622 817 690 πέρα
856 622 925 672 ὧν
963 622 1178 689 ἔχουσιν
1213 622 1353 676 ἐντὸς
1382 626 1483 672 τῶν
1512 629 1659 687 λεγο-

243 692 407 759 μένων
432 690 738 742 Φοινικίδων
763 691 988 759 τάφρων,
1010 690 1295 741 ἀποδοῦναι
1321 690 1373 741 δὲ
1391 690 1662 756 Ῥωμαίοις

244 762 400 815 ὅσους
426 760 797 828 αἰχμαλώτους
823 761 993 810 αὐτῶν
1011 759 1194 826 ἔχουσι
1219 759 1307 809 καὶ
1323 759 1659 823 αὐτομόλους,

246 831 493 896 ἀργυρίου
521 851 576 879 τε
613 830 787 882 αὐτοῖς
825 828 1065 878 τάλαντα
1100 827 1253 895 χίλια
1291 827 1378 878 καὶ
1415 827 1662 892 ἑξακόσια

245 900 529 962 ἐσενεγκεῖν
587 897 638 948 ἐν
696 895 883 964 χρόνῳ,
935 896 1074 963 ἔχειν
1133 896 1186 945 δὲ
1247 897 1663 960 Μασσανάσσην

247 965 601 1021 Μασσυλίους
662 987 718 1016 τε
778 966 864 1015 καὶ
916 970 1006 1027 τῆς
1056 963 1299 1031 Σύφακος
1348 966 1513 1032 ἀρχῆς
1560 965 1663 1015 ὅσα

245 1035 471 1085 δύναιτο.
569 1033 691 1085 τάδε
750 1034 840 1099 μὲν
900 1033 1171 1083 συνέθεντο
1233 1033 1504 1096 ἀλλήλοις.
1577 1034 1663 1084 καὶ

244 1104 496 1168 πρέσβεις
523 1102 776 1159 διέπλεον,
800 1102 847 1152 οἱ
871 1101 963 1166 μὲν
988 1103 1037 1155 ἐς
1056 1101 1271 1167 Ῥώμην,
1295 1103 1413 1156 τοὺς
1434 1102 1662 1157 ὑπάτους

245 1171 548 1236 ὁρκιοῦντες,
589 1171 637 1222 οἱ
673 1170 711 1220 δ᾽
753 1169 858 1221 ἀπὸ
883 1169 1079 1235 Ῥώμης
1122 1171 1171 1225 ἐς
1215 1171 1550 1237 Καρχηδόνα,
1576 1171 1663 1221 καὶ

245 1240 313 1290 τὰ
333 1243 459 1303 τέλη
477 1244 579 1290 τῶν
597 1237 970 1306 Καρχηδονίων
985 1239 1160 1293 αὐτοῖς
1178 1239 1384 1305 ὤμνυεν.
1427 1243 1662 1290 Μασσα-

247 1309 419 1373 νάσσῃ
470 1309 521 1359 δὲ
559 1307 802 1373 Ῥωμαῖοι
849 1308 1172 1375 χαριστήρια
1221 1312 1311 1371 τῆς
1359 1308 1662 1376 συμμαχίας

247 1376 509 1444 στέφανόν
557 1399 613 1427 τε
655 1376 761 1427 ἀπὸ
795 1379 997 1444 χρυσοῦ
1033 1375 1123 1425 καὶ
1160 1376 1431 1443 σφραγῖδα
1459 1383 1663 1444 χρυσῆν

247 1447 492 1510 ἔπεμπον,
537 1445 627 1495 καὶ
665 1446 999 1512 ἐλεφάντινον
1038 1444 1217 1511 δίφρον
1260 1444 1349 1495 καὶ
1390 1444 1664 1512 πορφύραν

248 1514 337 1564 καὶ
368 1514 566 1577 στολὴν
589 1513 883 1577 Ῥωμαϊκὴν
923 1512 1009 1563 καὶ
1056 1512 1217 1563 ἵππον
1251 1515 1663 1583 χρυσοφάλαρον

248 1583 339 1633 καὶ
363 1581 685 1632 πανοπλίαν.

320 1657 395 1700 33.
439 1650 757 1715 Γιγνομένων
783 1651 823 1700 δ᾽
850 1650 927 1701 ἔτι
963 1649 1159 1700 τούτων
1196 1649 1220 1701 ὁ
1246 1649 1491 1712 Ἀννίβας
1528 1650 1664 1702 ἄκων

248 1719 296 1774 ἐς
336 1718 655 1788 Καρχηδόνα
687 1719 852 1775 ἔπλει,
880 1718 972 1782 τὴν
1005 1720 1053 1772 ἐς
1091 1718 1209 1773 τοὺς
1246 1719 1505 1786 ἄρχοντας
1543 1720 1661 1771 ἀπι-

249 1786 405 1838 στίαν
464 1793 555 1838 τοῦ
616 1787 777 1852 δήμου
825 1787 914 1837 καὶ
960 1787 1279 1854 ταχυεργίαν
1328 1788 1662 1855 ὑφορώμενος.

249 1857 490 1906 ἀπιστῶν
550 1855 591 1906 δ᾽
652 1857 727 1906 ἔτι
783 1855 875 1909 τὰς
923 1854 1154 1909 σπονδὰς
1204 1856 1437 1913 ἔσεσθαι,
1486 1857 1575 1907 καὶ
1624 1858 1665 1907 εἰ

247 1926 493 1989 γένοιντο,
522 1926 576 1974 εὖ
602 1924 743 1978 εἰδὼς
770 1925 862 1974 οὐκ
889 1926 937 1977 ἐς
963 1923 1102 1974 πολὺ
1125 1924 1379 1985 βεβαίους
1405 1925 1663 1990 ἐσομένας,

249 1994 299 2048 ἐς
325 1992 648 2059 Ἀδρυμητὸν
674 1992 877 2055 Λιβύης
913 1992 1170 2056 κατήγετο
1206 1991 1379 2052 πόλιν,
1406 1994 1491 2044 καὶ
1517 1999 1666 2045 σῖτον

250 2061 539 2125 συνέλεγεν,
589 2060 677 2111 ἐπί
723 2083 779 2111 τε
829 2060 959 2124 ὠνὴν
1000 2061 1175 2111 ἵππων
1212 2061 1547 2128 περιέπεμπε,
1580 2063 1665 2112 καὶ

250 2129 339 2180 τὸν
387 2130 645 2193 δυνάστην
704 2133 805 2180 τῶν
864 2129 1120 2194 Νομάδων
1180 2133 1280 2180 τῶν
1339 2130 1666 2195 καλουμένων

247 2195 565 2263 Ἀρεακιδῶν
612 2200 661 2252 ἐς
708 2197 893 2264 φιλίαν
942 2199 1186 2262 ὑπήγετο.
1259 2198 1349 2248 καὶ
1396 2220 1664 2264 τετρακισ-

249 2265 455 2333 χιλίους
480 2266 672 2319 ἱππέας
709 2265 1028 2330 αὐτομόλους
1065 2267 1207 2332 αὐτῷ
1244 2266 1665 2333 προσφυγόντας,

250 2334 301 2384 οἳ
326 2331 568 2400 Σύφακος
604 2336 743 2389 ὄντες
781 2335 898 2385 τότε
933 2333 1194 2399 ἐγίγνοντο
1233 2337 1662 2393 Μασσανάσσου,

252 2401 627 2464 κατηκόντισεν
655 2404 1006 2455 ὑποπτεύσας·
1046 2403 1162 2457 τοὺς
1185 2402 1224 2452 δ᾽
1246 2403 1435 2458 ἵππους
1462 2403 1663 2455 διέδωκε

235 2492 374 2551 450
