1747 2693
109 295 218 330 CAP.

109 336 207 368 VI

293 147 608 210 APPIAN'S
627 146 881 213 ROMAN
903 145 1227 217 HISTORY,
1246 147 1437 208 BOOK
1456 148 1598 210 VIII

238 285 308 347 τῷ
334 284 562 346 στρατῷ.
647 280 779 342 ἦλθε
804 279 855 330 δε
881 301 969 329 και
1000 281 1311 333 Μεσοτυλος
1335 280 1476 345 αὐτῷ
1503 278 1647 329 δυνά-

237 378 366 418 στης
401 357 568 421 ἕτερος
609 354 741 420 μετὰ
776 353 964 422 χιλίων
1001 353 1217 411 ἱππέων,
1244 353 1334 403 καὶ
1365 355 1649 418 Οὐερμινᾶς

237 427 481 495 Σύφακος
549 429 652 484 υἱὸς
730 431 911 495 ἕτερος,
974 428 1049 479 ἔτι
1110 432 1211 479 τῶν
1271 427 1504 479 πλεόνων
1563 433 1650 492 τῆς

234 505 485 573 πατρῴας
523 506 688 574 ἀρχῆς
726 506 1035 570 ἐπικρατῶν.
1109 502 1287 557 πόλεις
1324 525 1378 554 τε
1416 507 1647 554 Μασσα-

238 581 438 631 νάσσου
466 579 557 634 τὰς
582 579 673 642 μὲν
694 579 939 643 ὑπήγετο,
962 577 1053 633 τὰς
1081 577 1119 628 δ᾽
1141 579 1395 641 ἐβιάζετο.
1437 579 1652 644 Νάρκην

234 656 278 706 δ᾽
319 655 617 721 ἐνήδρευσεν
667 654 773 705 ὧδε.
846 655 1010 720 ἀγορᾷ
1058 654 1319 721 χρώμενος
1361 653 1651 717 ἐσέπεμπεν

235 733 301 786 ὡς
335 733 383 785 ἐς
422 732 623 797 φίλους.
696 729 782 779 ὅτε
822 728 864 778 δ᾽
904 728 1074 793 ἔδοξεν
1110 728 1402 786 ἐπιθέσθαι,
1440 728 1651 783 πλείους

233 807 433 869 ἔπεμπε
481 804 682 871 ξιφίδια
742 803 1173 869 ἐπικρύπτοντας,
1224 804 1296 858 οἷς
1354 806 1525 869 εἴρητο
1585 803 1650 854 τὰ

233 881 410 932 δίκαια
446 883 612 930 ποιεῖν
655 881 703 933 ἐς
747 878 864 932 τοὺς
903 880 1302 944 πιπράσκοντας
1336 878 1491 947 μέχρι
1517 887 1651 930 σαλ-

230 955 437 1021 πίγγων
478 953 773 1011 ἀκούσειαν,
802 953 919 1004 τότε
962 953 1002 1003 δ᾽
1046 956 1327 1021 ἐπιχειρεῖν
1367 958 1472 1009 τοῖς
1512 956 1649 1005 ἐντυ-

233 1029 393 1095 χοῦσι
417 1023 506 1074 καὶ
533 1023 624 1077 τὰς
648 1024 823 1076 πύλας
849 1022 896 1072 οἱ
928 1023 1240 1087 φυλάσσειν.

311 1100 387 1143 34.
430 1094 584 1143 Οὕτω
636 1091 728 1158 μὲν
775 1092 910 1141 ἑάλω
949 1091 1152 1156 Νάρκη,
1191 1090 1563 1158 Καρχηδονίων
1600 1092 1650 1142 δε

232 1161 258 1213 ὁ
308 1161 464 1226 δῆμος
516 1161 633 1227 ἄρτι
680 1159 772 1215 τὰς
833 1160 1095 1221 συνθήκας
1156 1159 1507 1225 πεποιημένοι,
1562 1162 1651 1211 καὶ

232 1226 520 1285 Σκιπίωνος
560 1230 735 1283 αὐτοῖς
774 1229 850 1279 ἔτι
888 1229 1158 1294 παρόντος,
1188 1229 1332 1279 οὔπω
1374 1233 1474 1279 τῶν
1514 1229 1650 1280 ἰδίων

231 1299 510 1366 πρέσβεων
570 1297 675 1348 ἀπὸ
728 1297 926 1362 Ῥώμης
987 1295 1397 1363 ἀνεστροφότων,
1459 1298 1652 1364 ἀγορὰν

234 1366 521 1421 Σκιπίωνος
560 1365 645 1416 ὑπ᾽
684 1365 881 1430 ἀνέμων
916 1367 1325 1433 κατενεχθεῖσαν
1349 1368 1396 1420 ἐς
1437 1369 1647 1434 Καρχη-

232 1435 356 1487 δόνα
383 1436 701 1502 διήρπασαν,
729 1435 817 1485 καὶ
855 1434 971 1487 τοὺς
1007 1435 1459 1502 παραπέμποντας
1489 1436 1652 1498 αὐτὴν

231 1505 440 1568 ἔδησαν,
504 1502 687 1553 πολλὰ
748 1510 837 1565 τῆς
897 1505 1099 1565 βουλῆς
1164 1503 1500 1566 ἀπειλούσης,
1562 1504 1652 1554 καὶ

231 1572 591 1640 παραινούσης
615 1571 686 1637 μὴ
710 1571 854 1622 λύειν
870 1572 1133 1633 συνθήκας
1159 1572 1276 1636 ἄρτι
1293 1572 1648 1637 γεγενημένας·

232 1642 283 1693 οἱ
310 1643 363 1692 δὲ
391 1641 478 1691 καὶ
514 1644 626 1695 ταῖς
663 1640 947 1703 συνθήκαις
978 1642 1332 1706 ἐπεμέμφοντο
1360 1643 1424 1695 ὡς
1463 1641 1649 1696 ἀδίκως

230 1709 545 1776 γενομέναις,
573 1709 660 1759 καὶ
697 1709 785 1759 τὸν
816 1708 970 1773 λιμὸν
1006 1709 1215 1775 ἔφασαν
1251 1711 1485 1778 ἐνοχλεῖν
1521 1709 1650 1777 ὑπὲρ

232 1778 324 1834 τὰς
374 1778 725 1842 παραβάσεις.
817 1776 1048 1829 Σκιπίων
1096 1778 1187 1842 μὲν
1236 1779 1326 1827 οὖν
1365 1779 1455 1829 οὐκ
1504 1777 1649 1841 ἠξίου

231 1847 466 1912 πολέμου
521 1847 807 1914 κατάρχειν
853 1845 984 1911 μετὰ
1046 1846 1292 1903 σπονδάς,
1356 1845 1477 1896 ἀλλ᾽
1538 1847 1649 1912 ᾔτει

232 1915 375 1971 δίκας
425 1917 490 1970 ὡς
541 1914 723 1983 φίλους
783 1913 1126 1980 ἁμαρτόντας·
1185 1915 1233 1965 οἱ
1282 1915 1333 1965 δὲ
1388 1916 1479 1965 καὶ
1532 1915 1649 1970 τοὺς

232 1984 484 2052 πρέσβεις
518 1985 676 2034 αὐτοῦ
719 1987 926 2049 κρατεῖν
965 1982 1220 2040 ἐπενόουν,
1250 1984 1339 2038 ἕως
1380 1983 1650 2050 ἀφίκοιντο

232 2054 408 2109 αὑτοῖς
443 2053 489 2103 οἱ
524 2052 629 2102 ἀπὸ
653 2051 865 2116 Ῥώμης.
941 2051 1085 2101 ἀλλὰ
1122 2051 1308 2101 τούσδε
1342 2052 1434 2117 μὲν
1452 2053 1651 2103 Ἄννων

233 2144 287 2173 τε
334 2121 358 2172 ὁ
401 2123 563 2185 μέγας
602 2120 691 2170 καὶ
730 2119 1064 2186 Ἀσδρούβας
1106 2119 1130 2170 ὁ
1176 2120 1351 2187 ἔριφος
1392 2120 1649 2185 ἐξείλοντο

234 2194 325 2241 τοῦ
372 2191 609 2251 πλήθους
659 2189 745 2238 καὶ
813 2188 1159 2255 προύπεμπον
1219 2187 1306 2238 δύο
1370 2190 1647 2257 τριήρεσιν·

234 2260 397 2325 ἕτεροι
458 2258 509 2308 δὲ
555 2257 891 2325 Ἀσδρούβαν
950 2256 1038 2307 τὸν
1097 2257 1359 2324 ναύαρχον
1419 2258 1648 2315 ἔπεισαν,

235 2325 491 2390 ὁρμοῦντα
561 2326 679 2391 περὶ
739 2325 831 2388 τὴν
888 2325 1227 2380 Ἀπόλλωνος
1287 2325 1465 2392 ἄκραν,
1526 2328 1649 2377 ὅταν

234 2395 543 2445 ἀποστῶσιν
602 2395 656 2445 αἱ
713 2395 1020 2461 προπομποὶ
1080 2396 1315 2460 τριήρεις,
1375 2395 1647 2445 ἐπιθέσθαι

228 2497 346 2553 452
