1747 2693
113 268 225 310 CAP.

111 315 222 353 VI

300 127 611 195 APPIAN'S
631 129 890 193 ROMAN
916 130 1236 200 HISTORY,
1259 131 1455 194 BOOK
1468 131 1611 188 VIII

244 264 350 314 τοῖς
376 264 467 311 τοῦ
492 259 795 314 Σκιπίωνος.
869 260 956 310 καὶ
992 259 1017 310 ὁ
1060 260 1151 325 μὲν
1190 259 1420 317 ἐπέθετο,
1446 258 1536 309 καὶ
1561 263 1660 310 τῶν

242 328 520 396 πρέσβεών
563 351 695 383 τινες
736 331 791 378 ἐκ
833 329 1160 393 τοξευμάτων
1209 328 1483 378 ἀπέθανον·
1522 327 1572 378 οἱ
1609 328 1661 378 δὲ

241 397 423 448 λοιποὶ
449 397 857 464 τιτρωσκόμενοί
892 419 947 447 τε
979 398 1065 447 καὶ
1094 396 1393 464 ἐρέσσοντες
1419 396 1661 463 ἔφθασαν

243 466 292 520 ἐς
341 465 429 516 τὸν
475 465 663 532 λιμένα
711 471 801 517 τοῦ
851 467 1106 532 σφετέρου
1156 465 1529 532 στρατοπέδου,
1574 464 1661 515 καὶ

244 535 497 599 ἐξήλαντο
547 540 637 598 τῆς
687 534 807 588 νεὼς
856 535 951 596 ἤδη
999 533 1417 599 λαμβανομένης.
1515 533 1662 600 παρὰ

244 608 496 654 τοσοῦτον
520 604 685 666 ἦλθον
711 604 1041 670 αἰχμάλωτοι
1060 603 1318 667 γενέσθαι.

315 678 390 721 35.
421 673 524 722 Ὧν
573 672 620 723 οἱ
657 672 708 721 ἐν
750 672 901 722 ἄστει
941 670 1188 737 Ῥωμαῖοι
1225 669 1503 733 πυθόμενοι
1544 669 1662 725 τοὺς

244 740 495 804 πρέσβεις
521 741 639 795 τοὺς
679 739 1070 808 Καρχηδονίων,
1099 740 1148 789 οἳ
1183 740 1298 804 περὶ
1340 745 1429 804 τῆς
1467 739 1662 807 εἰρήνης

246 810 320 859 ἔτι
346 814 610 874 παρῆσαν,
639 808 876 860 ἐκέλευον
900 809 1162 859 ἀποπλεῖν
1196 807 1386 858 αὐτίκα
1413 810 1479 862 ὡς
1506 815 1659 858 πολε-

246 880 406 933 μίους.
467 878 555 928 καὶ
581 878 629 928 οἱ
652 879 744 943 μὲν
770 876 1029 941 ἐξέπλεον,
1056 877 1143 927 καὶ
1171 876 1271 928 ὑπὸ
1297 881 1389 927 τοῦ
1412 880 1663 946 χειμῶνος

246 948 294 1000 ἐς
353 945 413 997 τὸ
461 951 552 997 τοῦ
600 944 885 1000 Σκιπίωνος
945 945 1300 1014 στρατόπεδον
1357 946 1660 1011 κατήγοντο·

246 1011 480 1069 Σκιπίων
523 1015 575 1065 δὲ
613 1019 684 1081 τῷ
731 1015 991 1082 ναυάρχῳ,
1019 1014 1290 1079 πυθομένῳ
1332 1014 1449 1080 περὶ
1492 1015 1665 1064 αὐτῶν

420 1083 521 1134 δέοι
571 1088 749 1143 ποιεῖν,
803 1083 999 1134 "οὐδὲν
1052 1081 1276 1140 ὅμοιον,"
1335 1083 1448 1149 ἔφη,
1500 1086 1663 1138 "ταῖς
245 1084 271 1132 ὅ τι
321 1105 371 1134 ὅ τι

246 1152 621 1219 Καρχηδονίων
648 1151 935 1210 ἀπιστίαις,
958 1150 1080 1202 ἀλλ᾽
1099 1150 1379 1217 ἀπόπεμπε
1395 1150 1665 1207 ἀπαθεῖς."

243 1222 491 1285 μαθοῦσα
540 1222 581 1270 δ᾽
630 1222 660 1283 ἡ
711 1230 961 1287 γερουσία
1010 1219 1097 1271 τὸν
1148 1221 1307 1285 δῆμον
1345 1219 1563 1281 ὠνείδιζε
1601 1223 1662 1285 τῇ

244 1289 535 1355 συγκρίσει,
584 1290 672 1339 καὶ
720 1288 1070 1351 συνεβούλευε
1129 1289 1218 1339 καὶ
1277 1292 1365 1339 νῦν
1424 1288 1665 1351 δεηθῆναι

246 1354 535 1411 Σκιπίωνος
574 1357 641 1408 τὰ
682 1357 775 1423 μὲν
815 1356 1128 1422 συγκείμενα
1169 1358 1483 1425 φυλάσσειν,
1520 1355 1665 1411 δίκας

246 1426 299 1476 δὲ
325 1430 427 1477 τῶν
463 1426 835 1493 ἡμαρτημένων
871 1425 1018 1492 παρὰ
1058 1425 1431 1493 Καρχηδονίων
1454 1427 1661 1488 λαβεῖν.

246 1495 293 1545 οἱ
335 1494 389 1545 δὲ
437 1497 527 1545 καὶ
568 1496 700 1559 αὐτῇ
746 1500 808 1559 τῇ
848 1493 1096 1565 γερουσίᾳ
1138 1493 1565 1562 δυσχεραίνοντες
1608 1495 1664 1544 ἐκ

246 1568 453 1614 πολλοῦ
491 1563 574 1613 διὰ
613 1563 705 1627 τὴν
742 1563 1124 1629 κακοπραγίαν,
1154 1566 1217 1617 ὡς
1245 1564 1336 1613 οὐκ
1363 1564 1418 1613 εὖ
1444 1563 1508 1613 τὰ
1536 1583 1663 1628 συμ-

247 1631 470 1699 φέροντα
496 1631 846 1698 προορωμένῃ,
874 1631 961 1682 καὶ
1001 1632 1086 1682 ὑπ᾽
1125 1632 1322 1697 ἀνδρῶν
1359 1629 1665 1696 δημοκόπων

246 1699 581 1766 ἐρεθιζόμενοί
623 1722 678 1751 τε
720 1700 809 1750 καὶ
849 1703 898 1754 ἐς
942 1700 1165 1764 ἀλόγους
1202 1699 1423 1754 ἐλπίδας
1459 1698 1662 1767 ἐπαιρό-

248 1791 400 1826 μενοι,
464 1771 552 1819 τὸν
618 1768 870 1830 Ἀννίβαν
943 1769 1165 1820 ἐκάλουν
1236 1768 1340 1820 υεθ᾽
1418 1768 1477 1831 ἧς
1554 1768 1662 1837 ἔχει

245 1841 513 1903 στρατιᾶς.

316 1912 392 1955 36.
428 1906 491 1955 Ὁ
512 1906 565 1956 δὲ
586 1905 716 1970 ὁρῶν
731 1905 790 1956 τὸ
809 1905 1025 1971 μέγεθος
1043 1910 1133 1957 τοῦ
1150 1914 1398 1970 πολεμου,
1415 1903 1660 1970 Ἀσδρού-

244 1976 351 2034 βαν
400 1975 585 2028 αὐτοὺς
634 1974 839 2025 ἐκέλευε
888 1975 986 2024 σὺν
1039 1979 1100 2038 τῇ
1161 1973 1405 2041 παρούσῃ
1455 1975 1663 2038 δυνάμει

245 2047 439 2093 καλεῖν.
511 2042 842 2108 Ἀσδρούβας
867 2043 959 2107 μὲν
990 2042 1051 2106 δὴ
1092 2048 1181 2107 τῆς
1217 2041 1500 2103 καταδίκης
1524 2043 1663 2109 αὐτῷ

242 2110 491 2174 λυθείσης
541 2111 819 2177 παρεδίδου
868 2111 957 2161 τὸν
1016 2110 1246 2174 στρατὸν
1291 2110 1525 2183 Ἀννίβᾳ,
1577 2111 1660 2160 καὶ

244 2178 345 2229 οὐδ᾽
375 2179 439 2234 ὣς
485 2179 857 2247 ἐπιφαίνεσθαι
897 2184 1002 2233 τοῖς
1040 2179 1418 2246 Καρχηδονίοις
1444 2179 1660 2245 ἐθάρρει,

244 2247 365 2297 ἀλλ᾽
393 2248 676 2311 ἐκρύπτετο
708 2250 759 2298 ἐν
786 2252 848 2314 τῇ
877 2249 1044 2298 πόλει·
1119 2245 1350 2298 Σκιπίων
1377 2248 1430 2298 δὲ
1454 2252 1575 2303 ναῦς
1600 2252 1662 2314 τῇ

245 2315 547 2384 Καρχηδόνι
586 2317 882 2379 ἐπιστήσας
923 2316 1089 2381 εἶργεν
1119 2315 1303 2371 αὐτοὺς
1340 2316 1532 2380 ἀγορᾶς
1557 2315 1660 2366 ἀπὸ

241 2384 535 2447 θαλάσσης,
587 2386 679 2435 οὐκ
734 2387 1081 2450 εὐποροῦντας
1128 2385 1232 2435 οὐδ᾽
1280 2384 1386 2435 ἀπὸ
1433 2389 1522 2448 τῆς
1568 2388 1662 2448 γῆς

230 2475 355 2545 454
