1747 2693
128 290 239 324 CAP.

130 331 234 366 VI

318 138 625 211 APPIAN'S
640 139 905 212 ROMAN
922 138 1246 222 HISTORY,
1266 141 1464 220 BOOK
1486 141 1631 219 VIII

260 278 498 346 ἀσπόρου
557 279 640 330 διὰ
700 280 789 330 τὸν
846 280 1076 345 πόλεμον
1128 280 1413 345 γενομένης.
1487 284 1588 331 τῶν
1634 279 1674 330 δ᾽

259 349 432 399 αὐτῶν
458 350 657 415 ἡμερῶν
676 348 922 410 Ἀννίβου
947 350 1034 399 καὶ
1062 345 1347 403 Σκιπίωνος
1373 349 1677 417 ἱππομαχία

257 415 490 482 γίγνεται
529 417 647 485 περὶ
686 419 882 482 Ζάμαν,
911 419 961 468 ἐν
1001 418 1031 481 ᾗ
1070 414 1299 469 Σκιπίων
1337 417 1674 468 ἐπλεονέκτει·

258 486 345 537 καὶ
383 492 494 540 ταῖς
533 486 806 542 ἐπιούσαις
846 484 1287 553 ἀκροβολίσματα
1325 488 1387 549 ἦν
1425 488 1473 540 ἐς
1515 486 1677 549 ἀλλή-

257 562 399 612 λους,
422 556 512 610 ἕως
539 554 844 620 αἰσθόμενος
871 554 895 605 ὁ
918 552 1151 607 Σκιπίων
1171 554 1422 615 Ἀννίβαν
1448 556 1677 622 ἰσχυρῶς

258 645 315 674 τε
335 624 686 689 ἀπορούμενον
705 624 791 674 καὶ
811 624 1148 689 περιμένοντα
1165 623 1359 689 ἀγορὰν
1378 624 1676 691 φερομένην,

258 691 440 746 νυκτὸς
511 693 719 759 ἔπεμψε
795 692 995 759 Θέρμον
1065 694 1350 760 χιλίαρχον
1417 693 1501 743 ἐπὶ
1563 692 1679 745 τοὺς

259 761 483 826 ἄγοντας
523 762 699 823 αὐτήν.
787 761 874 811 καὶ
914 760 1080 827 λόφον
1123 759 1147 811 ὁ
1192 760 1391 828 Θέρμος
1434 763 1485 812 ἐν
1523 765 1676 826 στενῇ

260 828 409 895 διόδῳ
445 829 787 891 καταλαβών,
826 831 1016 880 ἔκτεινε
1045 833 1146 880 τῶν
1175 829 1395 893 Λιβύων
1416 830 1464 885 ἐς
1501 852 1676 895 τετρα-

260 897 557 966 κισχιλίους
597 900 685 949 καὶ
729 899 1019 966 ἐζώγρησεν
1062 898 1262 961 ἑτέρους
1296 898 1566 957 τοσούσδε,
1592 899 1675 949 καὶ

261 968 354 1032 τὴν
380 967 573 1033 ἀγορὰν
596 969 689 1030 ἧκε
716 968 883 1034 φέρων
909 972 979 1034 τῷ
1005 963 1269 1022 Σκιπίωνι.

330 1040 407 1087 37.
434 1035 497 1086 Ὁ
518 1036 559 1086 δ᾽
579 1036 823 1097 Ἀννίβας
839 1039 887 1091 ἐς
903 1036 1133 1105 ἔσχατον
1149 1036 1427 1101 ἀφιγμένος
1443 1037 1676 1104 ἀποριας,

261 1109 350 1155 καὶ
391 1104 450 1156 τὸ
492 1105 660 1170 παρὸν
699 1107 918 1156 ἐπινοῶν
960 1105 1099 1161 ὅπως
1143 1105 1348 1156 δύναιτο
1388 1105 1675 1163 διαθέσθαι,

260 1174 513 1240 πρέσβεις
556 1175 605 1228 ἐς
649 1174 1068 1237 Μασσανάσσην
1108 1175 1352 1237 ἔπεμπεν,
1394 1174 1678 1238 ὑπομιμνή-

261 1265 403 1294 σκων
428 1264 484 1293 τε
509 1248 599 1305 τῆς
625 1243 677 1293 ἐν
712 1243 1013 1310 Καρχηδόνι
1051 1242 1321 1309 διατριβῆς
1358 1242 1445 1294 καὶ
1471 1242 1677 1294 παιδεύ-

264 1334 408 1370 σεως,
472 1311 560 1362 καὶ
618 1316 945 1379 παρακαλῶν
1003 1313 1079 1362 ἔτι
1143 1312 1190 1362 οἱ
1251 1316 1571 1377 συναγαγεῖν
1631 1314 1679 1366 ἐς

264 1382 527 1444 συνθήκας
566 1376 848 1434 Σκιπίωνα·
888 1380 953 1430 τὰ
995 1380 1095 1446 γὰρ
1134 1380 1362 1447 πρότερα
1396 1385 1486 1431 τοῦ
1519 1381 1679 1446 δήμου

264 1449 353 1500 καὶ
401 1453 503 1500 τῶν
553 1449 903 1515 ἀνοητοτέρων
959 1454 1050 1499 τοῦ
1109 1450 1271 1514 δήμου
1330 1450 1680 1517 ἁμαρτήματα

261 1518 521 1583 γενέσθαι.
597 1517 621 1568 ὁ
672 1518 723 1568 δὲ
784 1523 855 1584 τῷ
914 1520 1022 1569 ὄντι
1082 1518 1424 1583 τεθραμμένος
1485 1539 1539 1568 τε
1593 1518 1679 1568 καὶ

262 1587 664 1652 πεπαιδευμένος
707 1589 758 1638 ἐν
803 1585 1117 1656 Καρχηδόνι,
1147 1589 1233 1637 καὶ
1268 1587 1325 1637 τὸ
1363 1586 1564 1652 ἀξίωμα
1591 1592 1680 1650 τῆς

262 1655 465 1711 πόλεως
505 1654 799 1720 αἰδούμενός
838 1678 894 1706 τε
936 1656 1025 1705 καὶ
1066 1655 1218 1722 φίλος
1249 1655 1316 1707 ὢν
1352 1656 1427 1706 ἔτι
1460 1659 1679 1711 πολλοῖς

263 1727 472 1782 ἐκεῖθεν,
532 1725 714 1788 ἐδεήθη
763 1728 855 1775 τοῦ
904 1721 1203 1782 Σκιπίωνος,
1253 1727 1340 1775 καὶ
1390 1725 1681 1789 συνήγαγεν

263 1794 450 1847 αὐτοὺς
490 1794 638 1848 αὖθις
680 1795 728 1848 ἐς
772 1794 984 1844 τοιάσδε
1016 1794 1278 1856 συνθήκας
1304 1793 1439 1843 ὥστε
1467 1798 1680 1861 Καρχη-

264 1861 460 1917 δονίους
487 1863 579 1917 τάς
604 1884 659 1912 τε
684 1866 806 1917 ναῦς
846 1862 935 1913 καὶ
974 1862 1091 1917 τοὺς
1130 1862 1332 1928 ἄνδρας,
1361 1863 1446 1917 οὓς
1486 1863 1681 1923 ἔλαβον

264 1931 537 1996 Ῥωμαίοις
577 1931 770 1997 ἀγορὰν
816 1931 1083 1998 φέροντας,
1135 1931 1430 1988 ἀποδοῦναι,
1480 1930 1569 1980 καὶ
1617 1933 1680 1981 τὰ

265 2000 577 2066 ἡρπασμένα
623 2001 850 2057 ἅπαντα,
899 2001 930 2064 ἢ
981 2003 1083 2050 τῶν
1131 1999 1488 2050 ἀπολωλότων
1531 1999 1682 2064 τιμὴν

265 2071 328 2132 ἣν
368 2069 430 2119 ἂν
470 2068 620 2135 ὁρίσῃ
662 2066 907 2126 Σκιπίων,
936 2069 1119 2131 ποινήν
1158 2090 1214 2118 τε
1252 2073 1343 2119 τοῦ
1368 2068 1681 2132 ἀδικήματος

266 2136 420 2207 χίλια
446 2139 687 2188 τάλαντα
714 2139 1012 2201 ἐσενεγκεῖν,
1037 2137 1157 2186 τάδε
1181 2137 1273 2201 μὲν
1296 2139 1357 2201 ἦν
1382 2137 1447 2187 τὰ
1474 2138 1677 2200 συγκεί-

265 2228 408 2271 μενα,
437 2207 525 2256 καὶ
559 2212 841 2271 γενομένων
879 2207 1082 2273 ἀνοχῶν
1119 2208 1273 2273 μέχρι
1305 2206 1437 2256 αὐτὰ
1472 2206 1678 2271 μάθωσι

270 2275 635 2342 Καρχηδόνιοι,
682 2274 707 2325 ὁ
750 2277 841 2332 μὲν
877 2274 1127 2336 Ἀννίβας
1171 2275 1227 2340 ἐξ
1268 2275 1501 2325 ἀέλπτου
1539 2295 1678 2340 περι-

264 2345 503 2406 εσώζετο,

245 2486 379 2555 456
