1747 2693
144 477 256 520 CAP.

144 524 254 560 VII

335 144 650 207 APPIAN'S
670 144 928 213 ROMAN
947 147 1265 217 HISTORY,
1283 143 1483 214 BOOK
1507 146 1649 214 VIII

920 332 1052 395 VII

349 479 424 523 38.
467 473 841 543 Καρχηδονίων
868 475 908 526 δ᾽
933 478 963 539 ἡ
990 477 1083 542 μὲν
1116 479 1290 544 βουλὴ
1317 479 1382 531 τὰ
1409 483 1693 543 συμβάντα

279 544 693 607 ὑπερησπάζετο,
722 544 809 594 καὶ
834 547 1122 611 παρεκάλει
1159 547 1248 598 τὸν
1281 549 1440 614 δῆμον
1465 553 1695 616 ἐμμεῖναι

277 615 383 664 τοῖς
409 613 762 677 ἐγνωσμένοις,
790 614 884 677 τήν
924 636 980 664 τε
1023 617 1389 682 κακοπραγίαν
1428 625 1578 685 σφῶν
1603 621 1695 684 τὴν

276 680 325 733 ἐς
351 679 563 730 ἅπαντα
590 680 894 747 διηγουμένη
920 684 1007 734 καὶ
1039 683 1133 747 τὴν
1169 690 1446 751 παροῦσαν
1473 688 1696 756 ἀπορίαν

276 753 509 815 στρατοῦ
556 771 612 799 τε
659 749 746 799 καὶ
795 752 1077 818 χρημάτων
1125 753 1214 803 καὶ
1263 756 1469 821 ἀγορᾶς.
1544 758 1591 808 οἱ
1625 757 1693 816 δέ,

275 817 383 866 οἷον
430 818 607 884 ὄχλος,
652 817 887 888 ἀφρόνως
934 822 1153 885 ἡγοῦντο
1204 822 1321 877 τοὺς
1370 826 1693 890 στρατηγοὺς

276 888 428 952 σφῶν
467 886 527 936 δι᾽
560 887 772 941 ἑαυτοὺς
814 892 982 938 ταῦτα
1022 888 1294 954 Ῥωμαίοις
1334 895 1691 953 συντίθεσθαι,

278 953 360 1003 ἵνα
389 953 448 1004 δι᾽
476 954 681 1005 ἐκείνων
707 956 1103 1008 δυναστεύσωσι
1133 965 1223 1023 τῆς
1250 963 1514 1026 πατρίδος·
1556 963 1581 1013 ὃ
1607 964 1695 1015 καὶ

274 1022 527 1083 Ἀννίβαν
576 1028 663 1074 νῦν
712 1024 799 1075 καὶ
845 1024 1181 1090 Ἀσδρούβαν
1229 1030 1288 1079 οὐ
1336 1030 1439 1097 πρὸ
1486 1038 1694 1083 πολλοῦ

275 1093 502 1154 ποιῆσαί
533 1115 603 1150 τε,
630 1093 719 1143 καὶ
768 1093 826 1143 τὸ
867 1095 1226 1160 στρατόπεδον
1266 1098 1447 1154 νυκτὸς
1477 1100 1692 1169 ἐγχειρί-

277 1181 446 1210 σαντα
498 1166 606 1216 τοῖς
655 1163 938 1226 πολεμίοις,
987 1163 1097 1227 μετ᾽
1147 1165 1325 1229 ὀλίγον
1374 1167 1462 1218 καὶ
1512 1169 1695 1220 ἑαυτὸν

277 1228 529 1290 ἐθελῆσαι
566 1234 637 1297 τῷ
683 1226 935 1284 Σκιπίωνι
974 1233 1203 1284 ἐνδοῦναι
1239 1235 1325 1285 ἐπὶ
1363 1236 1491 1302 τῷδε
1531 1260 1691 1303 προσ-

275 1298 605 1356 πελάσαντα,
658 1299 986 1364 κρύπτεσθαί
1045 1323 1101 1352 τε
1149 1307 1237 1353 νῦν
1297 1305 1349 1354 ἐν
1407 1310 1469 1369 τῇ
1520 1306 1689 1357 πόλει.

273 1367 406 1429 βοῆς
455 1366 496 1416 δ᾽
540 1367 626 1417 ἐπὶ
666 1368 829 1434 τούτῳ
869 1370 958 1419 καὶ
1002 1370 1233 1437 θορύβου
1268 1373 1554 1436 γενομένου.
1599 1376 1691 1439 τὴν

274 1435 563 1497 ἐκκλησίαν
587 1436 718 1491 τινὲς
733 1437 1114 1494 καταλιπόντες
1135 1441 1344 1503 ἐζήτουν
1358 1440 1691 1509 Ἀσδρούβαν

272 1503 571 1568 περιιόντες.
645 1504 669 1555 ὁ
711 1506 751 1555 δ᾽
791 1506 992 1573 ἔφθασε
1032 1507 1125 1572 μὲν
1162 1509 1211 1563 ἐς
1251 1508 1339 1560 τὸν
1367 1515 1458 1561 τοῦ
1496 1513 1686 1579 πατρὸς

273 1572 441 1638 τάφον
478 1573 799 1639 καταφυγὼν
840 1577 929 1626 καὶ
966 1577 1229 1644 φαρμάκῳ
1277 1579 1689 1646 διαχρησάμενος

272 1640 446 1691 αὑτόν·
485 1641 534 1691 οἱ
556 1641 609 1692 δὲ
636 1643 875 1693 κἀκεῖθεν
910 1645 1069 1695 αὐτοῦ
1105 1645 1194 1696 τὸν
1229 1647 1377 1698 νέκυν
1413 1648 1688 1713 ἐξελόντες,

272 1709 361 1759 καὶ
404 1709 498 1773 τὴν
540 1711 777 1778 κεφαλὴν
819 1713 977 1763 αὐτοῦ
1018 1715 1362 1774 ἀποτεμόντες
1388 1717 1690 1785 περιέφερον

272 1778 356 1828 ἐπὶ
385 1776 600 1842 δόρατος
637 1779 734 1830 ἀνὰ
761 1780 855 1843 τὴν
885 1780 1059 1833 πόλιν.
1130 1781 1463 1849 Ἀσδρούβας
1496 1788 1591 1851 μὲν
1627 1787 1686 1850 δὴ

269 1846 361 1896 καὶ
387 1846 443 1897 τὸ
470 1851 678 1909 πρῶτον
703 1848 889 1904 ἀδίκως
916 1851 1278 1914 ἐξεπεπτώκει,
1305 1854 1395 1903 καὶ
1432 1853 1490 1904 τὸ
1520 1854 1687 1906 δεύτε-

268 1936 359 1981 ρον
397 1918 605 1982 ψευδῶς
647 1917 963 1980 διεβέβλητο
1003 1919 1105 1970 ὑπὸ
1136 1921 1407 1980 Ἄννωνος,
1445 1924 1535 1972 καὶ
1572 1924 1687 1976 τότε

269 1983 397 2048 πρὸς
426 1985 796 2052 Καρχηδονίων
822 1988 984 2042 οὕτως
1009 1986 1232 2055 ἀνῄρητο
1258 1990 1346 2040 καὶ
1372 1991 1532 2047 οὕτως
1556 1993 1685 2043 ἀπο-

270 2051 439 2103 θανὼν
467 2053 721 2119 ὑβρίζετο.

339 2126 416 2171 39.
454 2121 807 2189 Καρχηδόνιοι
846 2123 886 2173 δ᾽
914 2126 1236 2177 ἐπέστελλον
1267 2126 1488 2199 Ἀννίβᾳ
1522 2133 1684 2180 λῦσαι

268 2187 360 2243 τὰς
387 2189 582 2256 ἀνοχὰς
618 2192 704 2240 καὶ
741 2197 988 2255 πολεμεῖν
1025 2190 1291 2252 Σκιπίωνι,
1319 2200 1489 2260 κρῖναι
1524 2196 1565 2247 δ᾽
1604 2199 1683 2249 ὅτι

268 2257 502 2326 τάχιστα
523 2260 612 2309 τὸν
632 2258 861 2325 πόλεμον
879 2262 1026 2328 μάχῃ
1048 2261 1131 2311 διὰ
1152 2262 1245 2325 τὴν
1262 2263 1499 2329 ἀπορίαν.
1550 2265 1575 2316 ὁ
1591 2267 1683 2329 μὲν

267 2323 327 2388 δὴ
336 2325 568 2393 πέμψας
587 2328 744 2378 ἔλυσε
770 2328 861 2383 τὰς
882 2330 1092 2397 ἀνοχάς,
1114 2332 1205 2381 καὶ
1221 2331 1454 2385 Σκιπίων
1471 2335 1682 2400 Πάρθον

266 2414 336 2450 τε,
373 2396 609 2458 μεγάλην
643 2396 818 2455 πόλιν,
857 2397 1046 2449 αὐτίκα
1083 2399 1404 2466 προσπεσὼν
1439 2402 1561 2461 εἷλε,
1593 2403 1681 2453 καὶ

258 2477 371 2544 458
