1747 2693
103 276 209 314 CAP.

103 318 201 353 VII

291 138 595 194 APPIAN'S
625 139 866 195 ROMAN
898 141 1216 203 HISTORY,
1245 139 1429 198 BOOK
1461 141 1586 199 VIII

229 266 460 329 πλησίον
518 265 764 328 Ἀννίβου
835 268 1378 331 μετεστρατοπέδευεν.
1487 290 1512 319 ο
1596 268 1646 319 δὲ

228 344 541 408 ἀνεζεύγνυε,
603 350 739 411 τρεῖς
798 350 905 400 τοῖς
952 345 1223 408 Ῥωμαιοις
1279 368 1648 402 κατασκοπους

229 423 556 490 ἐπιπέμψας,
607 425 692 478 οὓς
743 424 766 474 ὁ
817 423 1050 479 Σκιπίων
1099 425 1263 487 ἔλαβέ
1311 446 1366 475 τε
1414 426 1503 475 καὶ
1555 426 1647 476 οὐκ

228 501 465 560 ἔκτεινεν,
494 501 671 566 ὥσπερ
707 503 819 556 ἔθος
857 503 974 557 τοὺς
1010 503 1380 558 κατασκόπους
1416 503 1647 563 κτείνειν,

229 580 352 631 ἀλλ᾽
393 582 442 634 ἐς
481 580 539 631 τὸ
578 582 937 648 στρατόπεδον
977 581 1062 631 καὶ
1100 582 1191 637 τὰς
1225 581 1525 646 ὁπλοθήκας
1562 585 1649 635 καὶ

228 658 294 710 τὰ
341 659 695 728 μηχανήματα
735 662 1085 728 περιαχθῆναι
1129 660 1397 719 κελεύσας,
1429 663 1516 713 καὶ
1557 661 1650 725 τὴν

229 740 484 804 στρατιὰν
531 739 919 802 γυμναζομένην
969 740 1110 797 ἰδεῖν,
1155 740 1390 791 ἀπέλυσε
1437 742 1651 809 φράζειν

241 816 448 887 Αννίβᾳ
465 817 584 883 περὶ
601 818 855 869 ἑκάστων.
930 817 954 869 ὁ
977 818 1030 868 δὲ
1045 817 1265 881 ἠξίωσεν
1286 819 1362 869 ἔτι
1383 822 1653 871 συνελθεῖν

229 898 279 949 ἐς
302 896 493 961 λόγους
518 894 788 954 Σκιπίωνι,
811 896 898 947 καὶ
923 897 1189 948 συνελθὼν
1210 898 1357 963 ἔλεγε
1378 899 1650 966 Καρχηδο-

229 974 365 1029 νίους
415 976 782 1039 ἀγανακτῆσαι
832 980 894 1041 τῇ
944 975 1193 1042 πρότερον
1243 977 1413 1042 εἰρήνῃ
1455 977 1537 1028 διὰ
1586 978 1652 1030 τὰ

227 1055 492 1121 χρήματα,
517 1055 604 1103 καὶ
630 1053 672 1104 εἰ
700 1058 854 1104 τοῦτο
875 1054 1131 1116 ἐκλυθείη,
1153 1052 1396 1110 Σικελίας
1423 1055 1474 1105 δὲ
1498 1056 1652 1119 μόνον

230 1133 423 1196 ἀξιοῖεν
460 1133 509 1183 οἱ
530 1132 777 1196 Ῥωμαῖοι
808 1133 893 1184 καὶ
921 1132 1153 1200 Ἰβηρίας
1191 1134 1278 1184 καὶ
1309 1133 1481 1199 νήσων
1515 1135 1653 1190 ὅσων

229 1212 458 1278 ἄρχουσι
484 1218 709 1278 κρατεῖν,
733 1212 951 1263 ἔσεσθαι
976 1213 1068 1267 τὰς
1094 1213 1356 1276 συνθήκας
1381 1212 1649 1276 βεβαίους.

229 1289 254 1340 ὁ
277 1290 329 1340 δὲ
350 1291 576 1348 "πολύ,"
598 1291 713 1358 ἔφη,
735 1289 950 1351 "κέρδος
970 1293 1191 1362 Ἀννίβᾳ
1208 1298 1297 1355 τῆς
1319 1298 1486 1357 φυγῆς
1504 1294 1650 1345 ἔσται

229 1376 320 1435 τῆς
345 1373 402 1437 ἐξ
424 1371 672 1430 Ἰταλίας,
701 1372 745 1423 εἰ
768 1378 935 1424 ταῦτα
960 1375 1271 1440 προσλάβοι
1295 1375 1441 1441 παρὰ
1469 1375 1651 1428 Σκιπι-

228 1451 404 1505 ωνος."
475 1451 563 1502 καὶ
603 1451 895 1519 ἀπηγόρευε
939 1452 1162 1515 πέμπειν
1204 1453 1279 1504 ἔτι
1318 1453 1447 1521 πρὸς
1477 1455 1651 1507 αὐτόν.

229 1528 702 1593 διαπειλησάμενοί
747 1553 803 1581 τε
851 1532 1109 1594 ἀλλήλοις
1157 1531 1488 1597 ἀνεζεύγνυον
1538 1534 1653 1584 ἑκά-

228 1629 372 1675 τερος
398 1609 447 1663 ἐς
473 1608 532 1659 τὸ
558 1611 718 1659 αὑτοῦ
745 1609 1117 1677 στρατόπεδον.

300 1692 379 1736 40.
421 1686 590 1742 Πόλις
617 1687 657 1738 δ᾽
686 1688 838 1752 ἐγγὺς
873 1690 935 1752 ἦν
976 1688 1172 1747 Κίλλα,
1203 1690 1290 1739 καὶ
1329 1690 1453 1756 παρ᾽
1492 1691 1652 1755 αὐτὴν

226 1765 393 1832 λόφος
443 1765 634 1833 εὐφυὴς
683 1768 731 1821 ἐς
780 1767 1207 1832 στρατοπεδείαν,
1253 1768 1309 1819 ὃν
1359 1769 1577 1821 ἐπινοῶν
1625 1770 1650 1821 ὁ

242 1842 477 1905 Αννίβας
503 1847 814 1911 προλαβεῖν,
844 1846 1043 1912 ἔπεμπέ
1080 1868 1221 1901 τινας
1261 1846 1568 1914 διαγράφειν
1593 1849 1650 1900 τὸ

228 1923 601 1988 στρατόπεδον,
636 1924 723 1975 καὶ
769 1924 916 1980 εὐθὺς
956 1926 1264 1987 ἀναστήσας
1306 1927 1545 1990 ἐβάδιζεν
1585 1929 1651 1983 ὡς

226 2002 363 2069 ἔχων
399 2003 489 2054 τὸν
520 2002 705 2071 λόφον.
780 2003 1070 2058 Σκιπίωνος
1096 2004 1135 2054 δ᾽
1164 2003 1321 2055 αὐτὸν
1348 2005 1650 2071 φθάσαντός

225 2101 282 2130 τε
318 2080 404 2131 καὶ
444 2081 830 2147 προλαβόντος,
869 2083 1197 2151 ἀποληφθεὶς
1234 2084 1286 2134 ἐν
1323 2083 1479 2150 πεδίῳ
1505 2084 1648 2153 μέσῳ

223 2159 311 2209 καὶ
351 2158 550 2227 ἀνύδρῳ
591 2159 806 2212 διετέλει
848 2160 942 2223 τὴν
986 2161 1147 2212 νύκτα
1191 2166 1374 2213 πᾶσαν
1411 2162 1648 2229 ὀρύσσων

226 2233 441 2300 φρέατα,
494 2235 581 2285 καὶ
632 2235 656 2285 ὁ
709 2236 933 2301 στρατὸς
982 2237 1120 2303 αὐτῷ
1181 2235 1494 2302 διαμώμενος
1554 2238 1647 2301 τὴν

223 2309 447 2373 ψάμμον
490 2309 669 2373 ὀλιγον
716 2311 804 2361 καὶ
853 2312 1068 2378 θολερὸν
1107 2312 1281 2362 ἔπινον
1330 2312 1643 2380 ἐπιμόχθως.

224 2383 572 2450 ἀθεράπευτοί
620 2407 676 2437 τε
725 2385 811 2435 καὶ
863 2386 1053 2444 ἄσιτοι,
1096 2386 1183 2437 καὶ
1224 2388 1275 2438 ἐν
1315 2393 1423 2443 τοῖς
1463 2389 1643 2444 ὅπλοις

217 2474 327 2532 460
