1747 2693
119 280 221 315 CAP.

138 321 209 353 VII

308 136 609 194 APPIAN'S
634 138 880 191 ROMAN
911 137 1236 197 HISTORY,
1250 133 1444 190 BOOK
1473 137 1604 186 VIII

242 267 380 325 ἔνιοι,
409 264 846 330 διενυκτέρευσαν.
889 263 958 314 ὧν
982 263 1007 313 ὁ
1035 260 1266 313 Σκιπίων
1292 261 1660 325 αἰσθανόμενος

242 342 583 409 προσέβαλεν
632 341 741 406 ἅμα
790 341 853 405 ἕῳ
904 338 1219 403 κεκμηκόσιν
1280 341 1337 404 ἐξ
1395 338 1512 388 ὁδοῦ
1572 339 1659 389 καὶ

241 417 530 484 ἀγρυπνίας
556 416 643 466 καὶ
668 414 921 481 ἀνυδρίας.
992 413 1241 475 Ἀννίβας
1266 415 1306 464 δ᾽
1333 414 1526 481 ἤχθετο
1549 414 1657 477 μέν,

242 494 344 562 οὐχ
383 493 467 543 ὅτε
502 491 757 551 βούλοιτο
795 489 984 540 συνιὼν
1022 491 1071 544 ἐς
1107 489 1299 556 μάχην,
1336 489 1469 556 ἑώρα
1507 490 1559 541 δὲ
1595 491 1659 544 ὡς

242 571 345 618 εἴτε
386 568 529 629 μένοι
572 566 708 617 κατὰ
750 566 942 634 χώραν,
988 564 1377 626 κακοπαθήσων
1420 564 1521 615 ὑπὸ
1569 570 1658 629 τῆς

245 641 502 708 ἀνυδρίας,
530 644 633 693 εἴτε
671 641 869 707 φεύγοι,
896 639 961 691 τὰ
1000 639 1307 707 φρονήματα
1332 644 1433 690 τῶν
1458 641 1660 709 ἐχθρῶν

242 718 560 780 ἀναστήσων
608 716 694 766 καὶ
744 714 925 766 πολλὰ
986 716 1290 777 πεισόμενος
1353 715 1438 766 ὑπ᾽
1489 717 1659 766 αὐτῶν

240 792 587 857 ἐπικειμένων.
659 792 778 842 ὅθεν
814 792 1100 853 ἀναγκαῖον
1124 791 1185 852 ἦν
1211 791 1351 857 αὐτῷ
1374 792 1656 860 μάχεσθαι.

240 870 327 919 καὶ
365 888 701 934 παρετασσεν
740 865 930 917 αὐτίκα
965 864 1152 931 ἄνδρας
1176 865 1268 930 μὲν
1293 866 1341 920 ἐς
1380 888 1655 919 πεντακισ-

240 941 466 1011 μυρίους,
485 943 773 1008 ἐλέφαντας
790 941 842 992 δὲ
859 941 1188 1005 ὀγδοήκοντα.
1218 941 1338 1003 ἵστη
1357 942 1409 993 δὲ
1424 943 1658 1007 πρώτους

241 1014 333 1079 μὲν
349 1013 467 1067 τοὺς
493 1011 797 1077 ἐλέφαντας,
819 1012 874 1061 ἐκ
901 1011 1281 1073 διαστημάτων,
1309 1011 1388 1075 ἐφ᾽
1414 1012 1542 1062 ὅλου
1567 1018 1657 1063 τοῦ

240 1081 499 1147 μετώπου,
525 1079 877 1147 φοβερώτατα
901 1100 1184 1132 σκευασας.
1257 1080 1345 1129 καὶ
1373 1079 1456 1130 ὑπ᾽
1482 1082 1657 1137 αὐτοῖς

240 1152 303 1213 ἦν
343 1150 401 1200 τὸ
445 1149 616 1215 τρίτον
655 1154 746 1211 τῆς
784 1152 1050 1214 στρατιᾶς,
1092 1147 1286 1197 Κελτοὶ
1325 1149 1412 1198 καὶ
1450 1148 1654 1215 Λίγυες·

241 1218 452 1284 τοξόται
523 1239 578 1267 τε
649 1219 824 1271 αὐτοῖς
895 1217 1245 1285 ἀνεμεμίχατο
1316 1217 1487 1285 πάντῃ
1571 1220 1656 1270 καὶ

240 1287 588 1352 σφενδονῆται
614 1284 948 1349 Μαυρούσιοί
973 1307 1028 1335 τε
1052 1285 1140 1334 καὶ
1169 1287 1468 1351 Γυμνήσιοι.
1543 1290 1652 1338 τού-

240 1378 343 1407 των
382 1355 424 1406 δ᾽
451 1356 673 1406 ὄπισθεν
709 1357 739 1418 ἡ
778 1353 988 1418 δευτέρα
1027 1352 1174 1418 τάξις
1198 1354 1276 1415 ἦν,
1306 1357 1657 1423 Καρχηδόνιοί

238 1447 296 1476 τε
322 1425 409 1475 καὶ
433 1423 643 1483 Λίβυες.
717 1422 880 1488 τρίτοι
907 1421 949 1471 δ᾽
974 1422 1089 1472 ὅσοι
1114 1423 1172 1486 ἐξ
1193 1421 1425 1478 Ἰταλίας
1449 1424 1656 1476 εἵποντο

239 1496 397 1560 αὐτῷ.
471 1493 543 1547 οἷς
587 1492 645 1553 δὴ
686 1491 774 1542 καὶ
813 1492 1065 1556 μάλιστα,
1105 1493 1171 1545 ὡς
1212 1493 1375 1542 πλέον
1418 1493 1654 1552 δεδιόσιν,

240 1562 457 1627 ἐθάρρει.
531 1562 561 1623 ἡ
589 1561 631 1609 δ᾽
659 1559 819 1613 ἵππος
847 1559 965 1625 περὶ
1002 1559 1066 1609 τὰ
1092 1559 1285 1624 κέρατα
1310 1562 1386 1624 ἦν.

312 1638 391 1680 41.
431 1630 586 1679 Οὕτω
622 1629 713 1693 μὲν
749 1627 997 1688 Ἀννίβας
1024 1628 1289 1694 ἐξέτασσε,
1330 1628 1581 1683 Σκιπίωνι
1615 1632 1655 1682 δ᾽

240 1700 379 1763 ἦσαν
445 1698 578 1765 ἀμφὶ
638 1696 754 1751 τοὺς
816 1696 1113 1762 δισμυρίους
1174 1698 1261 1747 καὶ
1311 1700 1654 1785 τρισχιλίους,

240 1768 419 1822 ἱππεῖς
447 1766 486 1816 δ᾽
512 1767 733 1816 Ἰταλῶν
758 1765 845 1816 καὶ
867 1764 1135 1828 Ῥωμαίων
1158 1764 1327 1835 χίλιοι
1353 1789 1438 1817 καὶ
1465 1790 1653 1819 πεντα-

239 1835 424 1887 κόσιοι.
532 1835 814 1902 συνεμάχει
864 1833 915 1885 δὲ
972 1836 1385 1898 Μασσανάσσης
1434 1836 1655 1889 ἱππεῦσι

239 1906 454 1967 Νομάσι
493 1907 730 1960 πολλοῖς,
775 1902 862 1953 καὶ
904 1904 1158 1965 Δακάμας
1199 1904 1365 1970 ἕτερος
1402 1905 1656 1970 δυνάστης

239 1974 490 2024 ἱππεῦσιν
515 1970 822 2035 ἑξακοσίοις.
895 1970 953 2021 τὸ
988 1971 1081 2035 μὲν
1119 1973 1206 2021 οὖν
1243 1973 1396 2034 πεζὸν
1433 1975 1483 2027 ἐς
1520 1981 1655 2040 τρεῖς

240 2043 325 2093 καὶ
364 2041 447 2092 ὅδε
484 2042 656 2106 τάξεις
681 2039 961 2091 ἐπέταττεν
987 2038 1171 2104 ὁμοίως
1196 2040 1433 2112 Ἀννίβᾳ,
1460 2043 1655 2111 λόχους

239 2110 279 2161 δ᾽
301 2109 501 2173 ὀρθίους
528 2111 749 2160 ἐποιεῖτο
777 2108 991 2165 πάντας,
1012 2108 1093 2158 ἵνα
1118 2109 1181 2159 δι᾽
1208 2110 1377 2160 αὐτῶν
1403 2111 1452 2161 οἱ
1477 2111 1653 2168 ἱππεῖς

236 2180 461 2246 εὐχερῶς
497 2177 759 2228 διαθέοιεν.
833 2175 1022 2243 ἐφίστη
1060 2175 1101 2227 δ᾽
1128 2178 1332 2243 ἑκάστῳ
1357 2177 1505 2246 λόχῳ
1530 2203 1652 2248 προ-

238 2249 441 2314 μάχους
480 2246 615 2297 κατὰ
652 2247 909 2309 μέτωπον,
954 2245 1002 2294 οἳ
1045 2246 1180 2308 ξύλα
1227 2248 1407 2315 παχέα
1454 2248 1651 2316 διπήχη

237 2317 490 2380 μάλιστα,
520 2313 692 2365 πυκνὰ
728 2314 815 2364 καὶ
854 2313 919 2363 τὰ
955 2313 1135 2363 πολλὰ
1172 2314 1341 2364 αὐτῶν
1373 2316 1651 2382 σεσιδηρω-

236 2383 381 2448 μένα,
409 2384 630 2448 ἔμελλον
665 2384 733 2436 ὡς
775 2383 1112 2437 καταπέλτας
1151 2383 1207 2432 ἐκ
1244 2383 1415 2452 χειρὸς
1453 2387 1501 2441 ἐς
1538 2387 1651 2441 τοὺς

229 2475 352 2541 462
