1747 2693
88 306 193 336 CAP.

99 346 160 374 VII

272 165 564 206 APPIAN'S
606 165 838 207 ROMAN
880 162 1188 216 HISTORY,
1224 162 1401 205 BOOK
1438 159 1568 208 VIII

209 287 496 352 ἐλέφαντας
545 284 784 338 ἐπιόντας
835 284 1074 348 ἀφήσειν.
1195 284 1532 347 παρήγγελτο
1583 285 1620 332 δ᾽

208 358 382 404 αὐτοῖς
432 377 486 404 τε
536 357 623 404 καὶ
664 358 769 407 τοῖς
813 355 998 406 ἄλλοις
1036 355 1207 407 πεζοῖς
1246 352 1496 402 ἐκκλίνειν
1532 353 1623 412 τὴν

208 424 369 486 ὁρμὴν
406 428 506 473 τῶν
545 423 749 485 θηρίων,
778 422 864 471 καὶ
902 422 1231 484 περιθέοντας
1271 420 1548 482 ἀκοντίζειν
1576 424 1622 473 ἐς

208 495 340 542 αὐτὰ
370 496 614 558 συνεχῶς,
639 491 725 541 καὶ
752 491 1232 553 προσπελάζοντας,
1261 491 1345 538 ὅτε
1373 490 1619 546 δύναιντο,

211 563 509 625 ὑποτέμνειν
549 560 614 609 τὰ
658 564 822 624 νεῦρα.
897 560 1026 609 οὕτω
1067 558 1159 621 μὲν
1203 558 1249 608 οἱ
1287 558 1430 619 πεζοὶ
1470 558 1621 607 διετε-

210 632 412 698 τάχατο
462 633 530 693 τῷ
581 627 844 680 Σκιπίωνι·
885 628 1000 679 τοὺς
1052 627 1091 675 δ᾽
1131 627 1320 680 ἱππέας
1370 628 1486 680 τοὺς
1534 628 1623 689 μὲν

210 699 537 761 Νομαδικοὺς
578 698 836 759 ἐπέστησε
887 701 993 749 τοῖς
1030 718 1258 761 κερασιν,
1306 695 1620 760 εἰθισμένους

211 768 303 829 τὴν
330 771 432 817 τῶν
466 767 763 831 ἐλεφάντων
802 766 928 831 ὄψιν
968 766 1053 814 καὶ
1093 764 1248 827 ὀδμὴν
1287 764 1471 830 φέρειν,
1507 764 1622 818 τοὺς

211 836 262 884 δὲ
277 836 567 886 Ἰταλικοὺς
584 836 667 884 διὰ
693 835 750 884 τὸ
778 835 931 889 ἄηθες
957 835 1126 882 ὀπίσω
1147 834 1370 888 πάντων,
1396 833 1622 896 ἑτοίμους

210 906 448 953 ἐπελθεῖν
486 904 567 953 διὰ
605 907 705 952 τῶν
743 903 1125 964 διαστημάτων,
1163 903 1248 951 ὅτε
1286 902 1379 963 τὴν
1414 902 1622 965 πρώτην

211 977 311 1023 τῶν
339 975 637 1038 ἐλεφάντων
665 971 822 1036 ὁρμὴν
851 973 1179 1034 ὑπομείνειαν
1207 971 1254 1018 οἱ
1279 971 1439 1033 πεζοί.
1503 970 1622 1035 παρ᾽

210 1046 434 1091 ἕκαστον
462 1042 510 1091 δὲ
540 1044 640 1091 τῶν
667 1040 864 1090 ἱππέων
1081 1041 1332 1101 ὑπηρέτης
1358 1040 1420 1100 ἦν
1446 1040 1618 1088 πολλὰ
902 1040 1057 1089 τῶνδε

210 1110 426 1159 ἀκόντια
464 1110 644 1174 φέρων,
675 1110 750 1162 οἷς
787 1109 980 1158 ἐπενόει
1019 1109 1084 1157 τὰ
1123 1108 1276 1171 θηρία
1320 1109 1621 1171 ἀμύνεσθαι.

211 1181 343 1227 οὕτω
382 1181 472 1235 μὲν
510 1181 649 1242 αὐτῷ
676 1179 762 1227 καὶ
790 1179 817 1239 ἡ
848 1178 1005 1230 ἵππος
1034 1178 1157 1243 εἶχε,
1185 1178 1461 1240 παρεδίδου
1489 1178 1540 1225 δὲ
1566 1178 1621 1224 τὸ

209 1250 301 1311 μὲν
339 1247 503 1311 δεξιὸν
533 1248 750 1311 Λαιλίῳ,
780 1247 835 1294 τὸ
865 1247 916 1294 δὲ
941 1246 1091 1295 λαιὸν
1116 1246 1421 1310 Ὀκταουιῳ.
1496 1246 1547 1293 ἐν
1573 1246 1622 1294 δὲ

210 1321 315 1369 τοῖς
357 1320 533 1379 μέσοις
576 1318 743 1376 ἤστην
784 1314 937 1368 αὐτός
982 1337 1035 1363 τε
1080 1314 1166 1362 καὶ
1200 1314 1462 1372 Ἀννίβας,
1492 1315 1622 1361 κατὰ

212 1386 365 1448 δόξαν
414 1386 683 1446 ἀλλήλων,
734 1385 939 1448 ἔχοντες
1001 1384 1130 1447 ἀμφ᾽
1179 1384 1364 1436 αὑτοὺς
1418 1382 1623 1438 ἱππέας,

210 1456 500 1518 ἐπικουρεῖν
563 1455 664 1516 ὅπῃ
738 1474 787 1500 τι
847 1453 1159 1515 πονούμενον
1222 1452 1386 1507 ἴδοιεν,
1450 1451 1473 1500 ὁ
1535 1451 1624 1513 μὲν

208 1521 457 1583 Ἀννίβας
499 1520 968 1583 τετρακισχιλίους,
1017 1520 1039 1568 ὁ
1083 1520 1134 1569 δὲ
1176 1518 1406 1571 Σκιπίων
1458 1519 1623 1584 δισχι-

210 1595 371 1644 λίους,
416 1594 502 1639 καὶ
546 1593 663 1642 τοὺς
701 1588 1029 1651 τριακοσίους
1069 1588 1305 1640 Ἰταλοὺς
1348 1589 1432 1641 οὓς
1473 1588 1623 1641 αὐτὸς

212 1661 444 1708 ὥπλισεν
469 1661 520 1708 ἐν
545 1656 772 1725 Σικελίᾳ.

282 1735 361 1775 42.
400 1728 548 1776 Ἐπεὶ
596 1726 647 1775 δὲ
686 1726 863 1790 ἕτοιμα
902 1728 961 1789 ἦν
1000 1727 1187 1782 αὐτοῖς,
1227 1725 1473 1791 ἐπέτρεχε
1510 1726 1626 1779 τοὺς

209 1795 366 1846 ἰδίους
402 1795 739 1860 ἐπισπέρχων
776 1795 1026 1858 ἑκάτερος,
1055 1793 1078 1842 ὁ
1115 1794 1206 1858 μὲν
1244 1793 1473 1845 Σκιπίων
1512 1794 1627 1846 τοὺς

212 1864 356 1916 θεοὺς
394 1867 706 1912 κατακαλῶν
744 1864 793 1912 ἐν
832 1865 955 1928 ὄψει
982 1866 1082 1910 τῶν
1107 1864 1539 1927 στρατευομένων,
1578 1864 1624 1916 ἐς

213 1934 296 1983 οὓς
356 1934 403 1982 οἱ
463 1931 810 1997 Καρχηδόνιοι
883 1931 1384 1994 παρεσπονδήκεσαν
1447 1931 1624 1984 ὁσάκις

211 2002 363 2051 ἔλυον
390 2002 454 2049 τὰ
482 2002 807 2064 συγκείμενα,
836 2001 924 2048 καὶ
961 2001 1053 2061 τὴν
1093 1999 1345 2062 στρατιὰν
1374 2001 1530 2062 ἀξιῶν
1555 1999 1622 2061 μὴ

211 2072 259 2122 ἐς
284 2070 341 2119 τὸ
368 2070 570 2123 πλῆθος
608 2073 709 2118 τῶν
743 2067 1006 2130 πολεμίων
1044 2069 1259 2132 ἀφορᾶν,
1290 2067 1411 2116 ἀλλ᾽
1449 2070 1497 2120 ἐς
1535 2067 1624 2128 τὴν

211 2139 397 2202 ἀρετὴν
423 2140 607 2194 αὑτῶν,
635 2136 665 2202 ᾗ
704 2137 791 2186 καὶ
828 2136 1077 2201 πρότερον
1116 2138 1273 2184 τῶνδε
1299 2140 1399 2184 τῶν
1426 2138 1623 2202 ἐχθρῶν

211 2206 464 2254 πλειόνων
492 2208 650 2255 ὄντων
678 2206 1040 2268 ἐπεκράτησαν
1067 2206 1117 2253 ἐν
1144 2206 1263 2268 τῇδε
1289 2209 1350 2268 τῇ
1375 2208 1457 2267 γῇ.
1515 2205 1557 2251 εἰ
1584 2205 1623 2252 δ᾽

211 2275 322 2322 ἔστι
350 2275 438 2323 καὶ
475 2279 581 2324 τοῖς
620 2273 898 2334 νικήσασιν
943 2273 1026 2321 ἐπὶ
1067 2277 1135 2334 τῷ
1176 2271 1425 2334 μέλλοντι
1459 2271 1622 2331 φόβος

210 2343 240 2404 ἢ
270 2343 376 2396 δέος
402 2344 430 2403 ἢ
451 2342 767 2406 ἀμφιβολία,
796 2340 945 2406 πόσῳ
973 2344 1138 2390 ταῦτα
1165 2344 1269 2394 τοῖς
1289 2340 1621 2401 νενικημένοις

213 2412 513 2471 πλεονάζειν
553 2411 768 2473 ἀνάγκη.
844 2410 977 2458 οὕτω
1006 2410 1092 2460 μὲν
1120 2409 1142 2455 ὁ
1173 2405 1403 2458 Σκιπίων
1429 2408 1620 2469 ἠρέθιζέ

213 2503 300 2555 464
