1747 2693
133 297 225 327 CAP.

149 338 209 364 VII

317 163 610 204 APPIAN'S
651 163 885 206 ROMAN
926 163 1233 218 HISTORY,
1269 166 1448 209 BOOK
1486 166 1604 208 VIII

252 305 307 333 τε
349 284 437 334 καὶ
474 284 757 348 παρηγόρει
796 289 886 347 τῆς
923 285 1239 347 ὀλιγότητος·
1280 288 1303 337 ὁ
1344 288 1382 335 δ᾽
1420 289 1665 344 Ἀννίβας

253 356 352 401 τῶν
380 373 434 401 τε
459 355 510 400 ἐν
537 353 742 420 Ἰταλίᾳ
777 354 1063 417 γεγονότων
1101 355 1261 418 ἔργων
1289 354 1667 418 ὑπεμίμνησκεν

252 421 453 475 αὐτούς,
483 422 546 475 ὡς
579 422 799 482 λαμπρὰ
827 422 911 471 καὶ
938 424 1144 484 μεγάλα
1169 424 1436 486 πράξειαν,
1466 427 1556 474 οὐκ
1583 426 1666 474 ἐπὶ

251 490 493 553 Νομάσιν
556 491 676 537 ἀλλ᾽
739 491 826 539 ἐπὶ
886 495 1052 539 πᾶσιν
1112 492 1333 544 Ἰταλοῖς
1381 493 1514 542 κατὰ
1577 493 1667 556 τὴν

251 556 501 611 Ἰταλίαν,
530 558 616 606 καὶ
654 559 746 618 τὴν
784 559 1066 621 ὀλιγότητα
1092 563 1192 609 τῶν
1219 561 1420 624 ἐχθρῶν
1454 563 1667 610 αὐτόθεν

252 626 412 678 ἑστὼς
472 626 778 682 ἐπεδείκνυε,
841 627 928 676 καὶ
991 630 1276 686 παρεκάλει
1335 631 1404 691 μὴ
1465 631 1663 694 χείρους

253 694 573 758 ὀλιγωτέρων
611 696 661 745 ἐν
698 694 863 762 οἰκείᾳ
897 700 964 759 γῇ
1002 697 1225 750 πλέονας
1252 698 1401 752 ὄντας
1429 698 1665 763 ὀφθῆναι.

251 763 338 811 τὸν
399 763 450 810 δὲ
499 763 732 812 κίνδυνον
781 764 871 812 τοῦ
922 764 1176 828 παρόντος
1227 767 1424 828 ἀγῶνος
1473 769 1561 817 καὶ
1609 769 1664 816 τὸ

248 832 463 895 μέγεθος
491 833 728 896 ἑκάτερος
755 837 862 886 τοῖς
889 835 1031 886 ἰδίοις
1061 836 1396 898 ὑπερεπῆρεν,
1424 837 1665 891 Ἀννίβας

250 900 341 961 μὲν
377 900 456 949 ὅτι
495 901 809 964 Καρχηδόνα
847 902 934 950 καὶ
973 903 1176 962 Λιβύην
1212 904 1428 953 ἅπασαν
1463 905 1485 952 ὁ
1528 905 1665 967 ἀγὼν

251 969 333 1017 ὅδε
359 973 534 1033 κρινεῖ,
560 970 592 1031 ἢ
631 971 818 1031 δούλην
857 971 1002 1020 εὐθὺς
1039 972 1354 1034 ἡσσωμένων
1390 972 1535 1029 εἶναι,
1561 975 1591 1034 ἢ
1620 976 1666 1026 ἐς

250 1037 308 1085 τὸ
330 1037 508 1085 ἔπειτα
531 1038 710 1103 ἄρχειν
737 1039 980 1088 ἁπάντων
1002 1039 1069 1087 ὧν
1086 1040 1417 1098 ἐπεκράτουν,
1439 1041 1665 1092 Σκιπίων

252 1104 291 1151 δ᾽
353 1105 433 1154 ὅτι
492 1105 785 1170 νικωμένοις
843 1106 934 1170 μὲν
994 1106 1095 1156 οὐδ᾽
1145 1109 1475 1173 ἀναχώρησις
1524 1111 1665 1159 ἔστιν

251 1174 516 1239 ἀσφαλής,
567 1176 908 1239 ἐπικρατοῦσι
958 1176 1009 1225 δὲ
1059 1176 1196 1241 ἀρχὴ
1244 1182 1449 1240 μεγάλη
1500 1201 1662 1243 προσ-

249 1241 482 1304 γίγνεται
516 1244 600 1291 καὶ
641 1243 924 1294 ἀνάπαυλα
961 1244 1131 1294 πόνων
1158 1248 1258 1294 τῶν
1284 1246 1555 1310 παρόντων
1580 1252 1664 1297 καὶ

251 1316 301 1361 ἐς
325 1310 391 1358 τὰ
417 1312 579 1360 οἰκεῖα
607 1313 880 1363 ἀπόπλους
909 1316 995 1361 καὶ
1022 1316 1069 1363 ἐς
1090 1317 1146 1362 τὸ
1173 1318 1367 1375 μέλλον
1394 1319 1616 1365 εὔκλεια.

321 1385 401 1426 43.
442 1382 595 1427 Οὕτω
617 1382 910 1444 παροξύνας
937 1383 1053 1434 τοὺς
1080 1383 1238 1434 ἰδίους
1258 1383 1495 1441 ἑκάτερος
1513 1386 1560 1435 ἐς
1578 1385 1662 1433 τὸν

250 1448 426 1510 ἀγῶνα
509 1449 783 1510 συνῄεσαν,
854 1449 1099 1510 Ἀννίβας
1177 1451 1269 1514 μὲν
1351 1451 1664 1516 σαλπίγγων

249 1517 526 1581 κατάρξας,
550 1516 779 1567 Σκιπίων
807 1516 846 1565 δ᾽
875 1519 1119 1583 ἀντηχεῖν
1144 1522 1412 1571 κελεύσας.
1464 1523 1661 1571 συνιόν-

251 1605 352 1631 των
399 1586 438 1631 δ᾽
489 1587 659 1634 αὐτῶν
709 1588 756 1633 οἱ
803 1589 895 1649 μὲν
945 1589 1218 1650 ἐλέφαντες
1269 1594 1536 1656 κατῆρχον
1576 1597 1664 1651 τῆς

248 1654 438 1717 μάχης,
465 1655 514 1706 ἐς
550 1656 606 1701 τὸ
645 1657 1018 1718 φοβερώτατον
1048 1659 1419 1718 ἐσκευασμένοι
1446 1663 1531 1707 καὶ
1559 1663 1662 1712 τοῖς

249 1721 475 1781 κέντροις
519 1724 902 1785 ἐξοτρυνόμενοι
951 1726 1079 1786 πρὸς
1120 1728 1222 1773 τῶν
1261 1727 1659 1790 ἐπικαθημένων·

249 1790 569 1854 περιθέοντες
620 1791 661 1839 δ᾽
712 1791 896 1846 αὐτοὺς
946 1792 995 1841 οἱ
1044 1793 1282 1855 Νομάδες
1322 1794 1498 1848 ἱππεῖς
1547 1797 1661 1856 ἐση-

249 1857 479 1918 κόντιζον
516 1859 727 1918 ἀθρόως,
754 1861 909 1920 μέχρι
945 1862 1230 1920 τρωθέντας
1257 1883 1311 1910 τε
1337 1864 1421 1911 καὶ
1450 1864 1656 1924 φεύγον-

249 1947 340 1977 τας
368 1928 453 1975 καὶ
482 1928 769 1979 δυσπειθῶς
806 1929 901 1990 ἤδη
937 1929 1152 1993 ἔχοντας
1180 1932 1455 1994 ἀπήγαγον
1481 1934 1535 1981 ἐκ
1575 1939 1662 1994 τῆς

248 1996 422 2057 μάχης
459 1997 508 2044 οἱ
544 1997 812 2056 ἐπιβάται.
890 1999 975 2045 καὶ
1013 1999 1134 2046 τάδε
1170 2000 1262 2061 μὲν
1299 2001 1360 2060 ἦν
1397 2001 1514 2063 περὶ
1546 2001 1661 2052 τοὺς

249 2062 383 2126 ἀμφὶ
432 2062 497 2112 τὰ
547 2064 739 2127 κέρατα
790 2065 1096 2129 ἐλέφαντας·
1171 2067 1219 2115 οἱ
1256 2067 1295 2116 δ᾽
1336 2069 1387 2117 ἐν
1422 2071 1555 2132 μέσῃ
1599 2074 1658 2132 τῇ

251 2131 489 2193 φάλαγγι
551 2132 669 2185 τοὺς
728 2131 993 2193 Ῥωμαίων
1066 2136 1248 2193 πεζοὺς
1322 2139 1658 2192 κατεπάτουν,

251 2199 487 2265 ἀπείρους
529 2221 585 2249 τε
619 2201 793 2265 μάχης
832 2201 1043 2250 τοιᾶσδε
1068 2203 1216 2254 ὄντας
1242 2205 1329 2253 καὶ
1353 2206 1536 2268 βαρεῖς
1563 2207 1657 2255 ὑπὸ

248 2271 339 2328 τῆς
376 2267 654 2324 ὁπλίσεως,
693 2270 780 2317 καὶ
818 2270 938 2335 παρ᾽
978 2271 1105 2320 αὐτὸ
1143 2274 1350 2335 φεύγειν
1382 2274 1601 2328 εὐκόλως
1631 2275 1659 2334 ἢ

251 2333 447 2383 διώκειν
506 2338 564 2385 οὐ
626 2338 946 2399 δυναμένους,
1009 2340 1098 2390 ἕως
1160 2341 1182 2388 ὁ
1247 2342 1475 2390 Σκιπίων
1549 2343 1658 2392 τοὺς

251 2402 438 2453 ἱππέας
479 2405 596 2457 τοὺς
638 2405 945 2462 Ἰταλικούς,
984 2406 1153 2454 ὀπίσω
1197 2412 1536 2471 τεταγμένους
1574 2412 1655 2457 καὶ

250 2493 341 2545 466
