1747 2693
160 270 266 298 CAP.

176 310 236 336 VII

343 164 637 205 APPIAN'S
677 164 910 205 ROMAN
952 164 1259 216 HISTORY,
1299 164 1475 205 BOOK
1517 164 1630 205 VIII

280 285 591 351 κουφότερον
638 288 1063 350 ἐσκευασμένους,
1104 288 1383 349 ἐπαγαγὼν
1432 288 1691 348 ἀποβῆναι

280 364 380 408 τῶν
446 362 620 409 ἵππων
680 362 1088 423 ταρασσομένων
1138 362 1396 417 ἐκέλευσε,
1447 362 1532 410 καὶ
1580 362 1694 414 τοὺς

279 437 568 500 ἐλέφαντας
608 436 941 499 περιθέοντας
969 435 1329 497 ἐσακοντίζειν.
1403 435 1605 499 πρῶτός
1642 457 1692 484 τε

279 518 432 568 αὐτὸς
496 516 707 572 ἀποβὰς
771 517 965 582 ἔτρωσε
1026 518 1112 567 τὸν
1179 518 1529 579 προπηδῶντα
1595 521 1693 568 τῶν

279 593 591 657 ἐλεφάντων.
665 593 1039 656 θαρρησάντων
1101 594 1152 641 δὲ
1212 595 1312 641 τῶν
1362 595 1557 649 ἄλλων,
1606 595 1693 642 καὶ

277 667 667 730 τιτρωσκόντων
715 667 811 729 ἤδη
852 668 1184 731 πανταχόθεν
1226 668 1428 723 αὐτούς,
1466 668 1553 717 καὶ
1592 668 1693 716 οἵδε

276 743 592 807 ὑπεχώρουν.

347 826 424 866 44.
468 818 571 865 Καὶ
597 817 866 879 γενομένης
894 822 983 879 τῆς
1009 818 1182 884 μάχης
1222 819 1452 883 καθαρᾶς
1484 819 1688 884 θηριων,

275 891 299 941 ὁ
349 892 490 955 ἀγὼν
539 892 766 955 ἐγίγνετο
815 892 980 953 μόνων
1020 893 1215 958 ἀνδρῶν
1261 914 1315 942 τε
1363 894 1447 943 καὶ
1500 892 1687 943 ἵππων.

276 960 333 1010 τὸ
393 962 484 1023 μὲν
545 962 633 1009 οὖν
687 961 849 1023 δεξιὸν
912 961 967 1010 τὸ
1024 961 1305 1022 Ῥωμαίων,
1359 962 1419 1011 οὗ
1476 962 1688 1015 Λαίλιος

276 1030 570 1081 ἐπεστάτει,
627 1029 870 1093 τρέπεται
932 1029 1048 1084 τοὺς
1108 1029 1365 1082 ἐναντίους
1427 1031 1687 1093 Νομάδας,

277 1099 692 1147 Μασσανάσσου
752 1097 1013 1154 βαλόντος
1066 1099 1234 1148 αὐτῶν
1291 1100 1377 1148 τὸν
1432 1100 1689 1162 δυνάστην

276 1168 599 1226 Μασσάθην·
656 1166 808 1226 ὀξέως
864 1166 903 1215 δ᾽
960 1167 1145 1218 αὐτοὺς
1200 1167 1223 1217 ὁ
1278 1167 1523 1225 Ἀννίβας
1578 1170 1684 1217 ἐπι-

275 1237 480 1297 δραμὼν
535 1235 830 1284 συνέτασσε
887 1235 978 1297 τὴν
1032 1236 1224 1298 μάχην.
1299 1236 1358 1286 τὸ
1414 1236 1462 1285 δὲ
1517 1238 1684 1293 λαιόν,

275 1305 395 1351 ἔνθα
420 1303 686 1366 Ῥωμαίων
722 1303 811 1365 μὲν
846 1303 1152 1358 Ὀκτάουιος
1191 1305 1482 1357 ἐπεστάτει,
1511 1310 1611 1355 τῶν
1637 1308 1685 1356 δὲ

273 1379 537 1434 πολεμίων
579 1374 770 1421 Κελτοὶ
808 1372 895 1420 καὶ
935 1372 1120 1435 Λίγυες
1156 1374 1307 1435 ἦσαν,
1336 1375 1504 1423 ἐπόνει
1541 1380 1684 1438 μάλα

272 1445 530 1506 καρτερῶς
580 1442 857 1506 ἑκατέροις.
938 1443 1019 1488 καὶ
1072 1442 1303 1491 Σκιπίων
1350 1443 1442 1506 μὲν
1493 1443 1684 1507 ἔπεμπε

272 1510 473 1574 Θέρμον
510 1510 598 1558 τὸν
632 1510 916 1574 χιλίαρχον
940 1511 1227 1572 ἐπικουρεῖν
1249 1511 1355 1572 μετ᾽
1381 1511 1681 1561 ἐπιλέκτων·

270 1578 516 1638 Ἀννίβας
567 1578 604 1626 δ᾽
646 1579 756 1627 ἐπεὶ
806 1579 864 1626 τὸ
911 1579 1065 1626 λαιὸν
1108 1580 1444 1638 συνέστησεν,
1485 1581 1532 1633 ἐς
1569 1581 1685 1634 τοὺς

272 1647 469 1710 Λίγυας
495 1647 579 1696 καὶ
609 1647 841 1699 Κελτοὺς
868 1646 1197 1705 μεθίππευεν,
1225 1649 1436 1712 ἐπάγων
1461 1649 1566 1712 ἅμα
1594 1649 1684 1713 τὴν

269 1715 510 1779 δευτέραν
536 1715 682 1778 τάξιν
709 1716 1079 1779 Καρχηδονίων
1105 1737 1158 1764 τε
1185 1716 1271 1764 καὶ
1296 1716 1524 1777 Λιβύων.
1562 1741 1682 1768 κατ-

269 1783 389 1831 ιδὼν
428 1783 468 1831 δ᾽
496 1783 650 1833 αὐτὸν
689 1782 712 1832 ὁ
751 1782 980 1833 Σκιπίων
1017 1784 1338 1849 ἀντιπαρῆγε
1373 1786 1483 1849 μεθ᾽
1512 1788 1683 1852 ἑτέρου

267 1851 502 1918 στίφους.
579 1851 665 1901 δύο
706 1851 757 1900 δὲ
794 1856 1105 1916 στρατηγῶν
1143 1855 1372 1918 ἀρίστων
1419 1855 1466 1909 ἐς
1509 1857 1684 1918 ἀγῶνα

267 1920 564 1974 συνιόντων,
592 1922 692 1986 ἔρις
728 1923 789 1982 ἦν
827 1925 926 1969 τῶν
967 1923 1051 1986 ὑφ᾽
1080 1924 1305 1987 ἑκατέρῳ
1343 1925 1562 1989 λαμπρὰ
1600 1926 1683 1973 καὶ

269 1989 391 2044 δέος,
411 1989 498 2039 καὶ
518 1990 807 2050 προθυμίας
833 1991 1110 2052 οὐδετέροις
1140 2012 1188 2039 τι
1215 1992 1434 2049 ἐνέλιπε,
1452 1993 1682 2058 σφοδροῦ

268 2059 355 2105 καὶ
383 2059 522 2120 ὀξέος
547 2059 689 2111 ὄντος
716 2059 878 2106 πόνου
905 2079 959 2106 τε
986 2059 1072 2106 καὶ
1099 2059 1554 2116 παρακελεύσεως.

337 2125 414 2172 45.
456 2130 679 2192 Μακρᾶς
701 2125 751 2174 δὲ
778 2126 866 2174 καὶ
892 2125 1104 2191 ἀκρίτου
1131 2132 1222 2189 τῆς
1241 2130 1414 2193 μάχης
1441 2131 1614 2190 οὔσης,
1636 2131 1682 2179 οἱ

266 2195 556 2260 στρατηγοὶ
602 2195 719 2247 τοὺς
762 2197 1049 2259 κάμνοντας
1091 2198 1349 2249 ἐλεοῦντες
1385 2201 1564 2261 ὥρμων
1604 2202 1679 2247 ἐπ᾽

267 2265 537 2326 ἀλλήλους
587 2265 650 2316 ὡς
698 2265 747 2313 ἐν
798 2266 956 2328 σφίσι
1001 2268 1090 2325 τῆς
1133 2264 1348 2329 κρίσεως
1389 2268 1678 2332 ταχυτέρας

267 2333 525 2395 ἐσομένης.
555 2333 643 2380 καὶ
669 2332 950 2393 ἠκόντισαν
976 2331 1117 2395 ὁμοῦ,
1147 2334 1376 2384 Σκιπίων
1400 2339 1491 2398 μὲν
1516 2336 1677 2385 Ἀννί-

265 2403 366 2459 βου
395 2402 486 2460 τὴν
513 2400 731 2457 ἀσπίδα,
759 2400 782 2449 ὁ
820 2401 859 2448 δ᾽
897 2401 1143 2462 Ἀννίβας
1181 2403 1333 2468 ἔτυχε
1372 2410 1461 2454 τοῦ
1501 2404 1677 2455 ἵππου.

264 2494 357 2547 468
