<?xml version="1.0" encoding="UTF-8"?>
<PcGts xmlns="http://schema.primaresearch.org/PAGE/gts/pagecontent/2013-07-15" xmlns:xsi="http://www.w3.org/2001/XMLSchema-instance" xsi:schemaLocation="http://schema.primaresearch.org/PAGE/gts/pagecontent/2013-07-15 http://schema.primaresearch.org/PAGE/gts/pagecontent/2013-07-15/pagecontent.xsd">
	<Metadata>
	<Creator></Creator>
	<Created>2014-06-03T04:03:24</Created>
	<LastChange>2014-06-09T18:59:41</LastChange></Metadata>
	<Page imageFilename="0486.jpg" imageWidth="1747" imageHeight="2693">
	<TextRegion id="r1" type="paragraph">
	<Coords points="150,252 258,252 258,340 143,336 147,283"/>
	<TextLine id="r36">
	<Coords points="168,262 174,262 174,263 235,263 235,264 238,264 238,266 239,266 239,268 240,268 240,277 241,277 241,285 248,285 248,286 249,286 249,287 250,287 250,288 251,288 250,288 250,291 170,291 170,284 163,284 163,282 162,282 162,281 161,281 161,279 160,279 160,278 159,278 159,276 158,276 158,275 157,275 158,275 158,267 159,267 159,266 160,266 160,264 162,264 162,263 165,263 165,262 168,262 168,261"/>
	<Word id="r1000">
	<Coords points="168,262 173,263 234,263 237,264 238,266 239,272 237,276 256,282 255,295 243,295 230,278 230,290 170,289 161,279 159,276 158,271 160,264 161,263 164,263"/>
	<TextEquiv>
	<Unicode>CAP.</Unicode></TextEquiv></Word></TextLine>
	<TextLine id="r37">
	<Coords points="175,302 175,303 227,303 227,304 228,304 228,328 229,328 229,330 226,330 226,329 203,329 203,328 180,328 180,325 179,325 179,318 178,318 178,316 177,316 177,314 176,314 176,313 175,313 175,311 174,311 174,308 173,308 173,306 172,306 172,305 171,305 171,302"/>
	<Word id="r1001">
	<Coords points="172,302 175,303 226,303 227,327 227,329 225,328 180,326 178,316 177,314 175,311 174,309 173,306 171,304"/>
	<TextEquiv>
	<Unicode>VII</Unicode></TextEquiv></Word></TextLine></TextRegion>
	<TextRegion id="r2" type="paragraph">
	<Coords points="366,108 271,275 252,2517 1700,2520 1710,120 1567,116"/>
	<TextLine id="r101">
	<Coords points="364,129 412,129 446,130 457,131 745,134 749,135 1076,137 1104,138 1629,142 1630,181 1630,183 1263,184 1254,192 1250,194 1236,182 1046,180 1044,179 623,176 619,175 607,174 345,169 344,168 345,166 347,164 348,161 349,159 353,153 355,147 357,143 358,140 360,138 361,133 362,131"/>
	<Word id="r1002">
	<Coords points="364,129 405,129 445,130 456,131 625,133 636,134 637,159 638,161 638,164 637,168 636,170 634,173 630,175 622,175 618,174 607,173 344,168 348,162 350,158 353,154 354,152 356,146 358,142 359,139 361,135 362,132 363,130"/>
	<TextEquiv>
	<Unicode>APPIAN'S</Unicode></TextEquiv></Word>
	<Word id="r1003">
	<Coords points="682,134 744,134 748,135 912,136 911,140 909,144 908,176 907,177 770,176 678,174 680,172 681,135"/>
	<TextEquiv>
	<Unicode>ROMAN</Unicode></TextEquiv></Word>
	<Word id="r1004">
	<Coords points="958,137 1075,137 1075,138 1103,138 1103,139 1181,139 1181,140 1212,140 1212,141 1242,141 1241,141 1241,143 1240,143 1240,144 1239,144 1239,145 1238,145 1238,146 1237,146 1237,147 1236,147 1236,148 1235,148 1235,150 1234,150 1234,151 1233,151 1233,153 1232,153 1232,154 1231,154 1231,155 1230,155 1230,156 1229,156 1229,157 1228,157 1228,161 1227,161 1227,164 1226,164 1226,168 1225,168 1225,171 1224,171 1224,173 1256,173 1256,174 1259,174 1259,176 1260,176 1260,180 1261,180 1260,180 1260,184 1259,184 1259,185 1258,185 1258,186 1257,186 1257,187 1256,187 1256,188 1255,188 1255,189 1254,189 1254,190 1253,190 1253,191 1252,191 1252,192 1249,192 1249,193 1249,189 1248,189 1250,189 1250,188 1251,188 1251,181 1222,181 1222,180 1214,180 1214,179 1045,179 1045,178 1043,178 1043,177 953,177 954,177 954,176 955,176 955,175 956,175 956,138 958,138"/>
	<TextEquiv>
	<Unicode>HISTORY,</Unicode></TextEquiv></Word>
	<Word id="r1006">
	<Coords points="1302,140 1305,141 1472,141 1474,142 1475,180 1476,183 1299,182 1297,181 1296,180 1298,178 1300,141"/>
	<TextEquiv>
	<Unicode>BOOK</Unicode></TextEquiv></Word>
	<Word id="r1007">
	<Coords points="1513,142 1628,142 1629,183 1529,182 1528,180 1527,176 1526,174 1525,170 1524,168 1519,153 1516,146"/>
	<TextEquiv>
	<Unicode>VIII</Unicode></TextEquiv></Word></TextLine>
	<TextLine id="r102">
	<Coords points="349,251 424,251 477,252 493,255 1501,263 1503,264 1655,265 1678,288 1696,290 1695,295 1694,299 1692,303 1684,311 1680,313 1677,314 1675,315 1318,315 1305,327 1303,327 1248,325 1047,323 1045,322 1018,321 852,321 840,309 608,306 551,303 410,301 407,300 277,298 277,296 278,292 280,286 281,284 282,280 283,277 285,273 328,272"/>
	<Word id="r1008">
	<Coords points="351,251 354,253 356,257 359,266 361,286 364,289 363,292 362,294 354,299 350,298 277,297 284,276 286,273 327,273"/>
	<TextEquiv>
	<Unicode>καὶ</Unicode></TextEquiv></Word>
	<Word id="r1009">
	<Coords points="421,251 424,252 426,253 425,288 424,293 423,295 421,298 418,300 409,300 405,298 403,295 402,292 402,287 403,283 406,279 410,276 414,274 415,253 417,253"/>
	<TextEquiv>
	<Unicode>ὁ</Unicode></TextEquiv></Word>
	<Word id="r1010">
	<Coords points="476,252 479,253 487,254 492,255 520,276 528,277 617,277 623,280 625,283 625,286 621,288 620,302 619,305 612,305 580,303 492,301 471,300 469,297 469,258 471,254 475,253"/>
	<TextEquiv>
	<Unicode>ἵππος</Unicode></TextEquiv></Word>
	<Word id="r1011">
	<Coords points="680,258 753,260 757,266 758,268 759,271 760,273 763,283 765,297 764,299 762,304 758,306 703,306 673,305 671,304 669,301 668,284 668,282 676,270 677,263 678,260"/>
	<TextEquiv>
	<Unicode>ὑπὸ</Unicode></TextEquiv></Word>
	<Word id="r1012">
	<Coords points="851,263 855,264 878,280 885,281 888,283 889,284 890,287 890,290 886,292 885,309 883,311 881,312 880,313 856,313 854,319 851,320 839,308 811,307 810,298 802,287 806,282 808,281 829,281 847,264"/>
	<TextEquiv>
	<Unicode>τῆς</Unicode></TextEquiv></Word>
	<Word id="r1013">
	<Coords points="1086,265 1090,266 1093,267 1095,268 1113,283 1118,284 1121,285 1123,286 1124,287 1124,292 1122,293 1120,310 1118,312 1116,313 1094,313 1093,315 1092,320 1091,322 1090,323 1046,322 1017,320 1016,320 1005,309 987,308 925,303 919,291 921,283 923,281 925,280 949,280 962,267 1085,266"/>
	<TextEquiv>
	<Unicode>πληγῆς</Unicode></TextEquiv></Word>
	<Word id="r1014">
	<Coords points="1231,262 1239,269 1262,269 1277,284 1325,284 1386,286 1386,288 1385,295 1382,301 1376,307 1373,309 1367,312 1349,312 1318,313 1304,326 1302,325 1187,322 1185,322 1169,311 1161,310 1156,305 1154,299 1155,296 1156,292 1158,289 1167,280 1167,263 1230,263"/>
	<TextEquiv>
	<Unicode>ἐξέφερεν</Unicode></TextEquiv></Word>
	<Word id="r1015">
	<Coords points="1499,263 1501,264 1524,286 1576,286 1579,288 1581,291 1581,300 1579,306 1576,309 1573,311 1571,312 1448,312 1420,311 1417,309 1415,306 1415,296 1416,293 1425,284 1426,265 1498,264"/>
	<TextEquiv>
	<Unicode>ὀπίσω</Unicode></TextEquiv></Word>
	<Word id="r1016">
	<Coords points="1652,265 1681,289 1690,290 1694,293 1693,297 1692,300 1691,302 1682,311 1676,314 1619,313 1619,306 1611,294 1618,288 1626,287"/>
	<TextEquiv>
	<Unicode>τὸν</Unicode></TextEquiv></Word></TextLine>
	<TextLine id="r103">
	<Coords points="309,323 314,327 973,333 976,335 1519,339 1666,341 1669,342 1690,362 1694,364 1695,365 1695,369 1691,370 1690,386 1689,390 1686,391 1147,393 1138,401 1134,398 664,395 601,393 600,390 599,386 547,382 519,378 279,374 278,373 282,330 287,329 303,329"/>
	<Word id="r1017">
	<Coords points="309,324 315,329 439,329 461,351 507,351 541,352 559,371 560,375 559,379 555,382 549,378 278,373 280,369 282,367 284,330 287,329 303,329"/>
	<TextEquiv>
	<Unicode>Σκιπίωνα,</Unicode></TextEquiv></Word>
	<Word id="r1018">
	<Coords points="662,332 683,352 703,352 750,354 752,361 756,371 755,374 752,378 750,380 747,381 712,382 710,388 710,395 600,392 600,390 602,384 603,380 604,378 606,370 607,368 608,364 609,361 610,357 611,355 612,354 614,353 640,353"/>
	<TextEquiv>
	<Unicode>μέχρι</Unicode></TextEquiv></Word>
	<Word id="r1019">
	<Coords points="971,333 973,334 1004,357 1013,358 1017,361 1018,363 1015,366 1013,367 1012,384 1009,385 926,386 918,394 868,395 863,396 848,383 846,382 802,377 796,363 797,358 798,357 808,355 918,355 934,339 937,338 939,337 967,337"/>
	<TextEquiv>
	<Unicode>περιβὰς</Unicode></TextEquiv></Word>
	<Word id="r1020">
	<Coords points="1079,336 1101,357 1157,357 1187,358 1223,362 1224,367 1223,370 1221,373 1214,380 1211,382 1209,383 1206,385 1153,385 1137,400 1120,385 1118,384 1060,383 1057,381 1055,378 1054,375 1054,371 1055,369 1056,365 1059,362 1061,342 1063,340 1075,339"/>
	<TextEquiv>
	<Unicode>ἕτερον</Unicode></TextEquiv></Word>
	<Word id="r1021">
	<Coords points="1270,338 1287,338 1309,359 1312,360 1392,360 1428,361 1428,366 1427,369 1426,371 1425,374 1417,382 1409,386 1291,385 1269,384 1267,383 1266,381 1265,347 1265,343 1267,341 1268,339"/>
	<TextEquiv>
	<Unicode>ἵππον</Unicode></TextEquiv></Word>
	<Word id="r1022">
	<Coords points="1515,340 1560,340 1581,361 1600,361 1605,362 1607,363 1610,365 1609,372 1607,379 1606,388 1601,391 1596,389 1469,387 1467,386 1466,383 1466,374 1470,366 1474,363 1477,361 1493,361 1513,341"/>
	<TextEquiv>
	<Unicode>αὖθις</Unicode></TextEquiv></Word>
	<Word id="r1023">
	<Coords points="1666,342 1669,343 1690,363 1692,364 1694,367 1689,369 1688,386 1687,390 1684,391 1681,389 1657,388 1654,386 1651,381 1651,372 1652,370 1653,369 1662,352 1664,343"/>
	<TextEquiv>
	<Unicode>ἐς</Unicode></TextEquiv></Word></TextLine>
	<TextLine id="r104">
	<Coords points="318,401 322,403 1234,411 1237,413 1685,417 1688,422 1689,425 1690,432 1691,444 1695,454 1695,455 1694,458 1692,462 1689,463 1352,464 1338,477 1334,479 1332,478 1307,478 1296,467 685,466 684,465 538,465 527,454 461,453 434,451 317,450 287,449 287,441 278,429 281,424 289,423"/>
	<Word id="r1024">
	<Coords points="318,402 320,403 342,424 364,424 365,429 364,434 362,438 360,439 359,441 352,447 348,449 347,450 316,449 287,444 278,429 280,426 281,424 295,424"/>
	<TextEquiv>
	<Unicode>τὸν</Unicode></TextEquiv></Word>
	<Word id="r1025">
	<Coords points="396,404 396,405 401,405 401,406 536,406 536,407 568,407 568,408 570,408 570,409 572,409 572,410 574,410 574,411 575,411 575,412 576,412 576,413 577,413 577,414 578,414 578,415 579,415 579,416 580,416 580,417 581,417 581,418 582,418 582,419 583,419 583,420 584,420 584,421 585,421 585,422 586,422 586,423 587,423 587,424 588,424 588,425 589,425 589,426 590,426 590,427 607,427 607,428 609,428 609,429 642,429 642,432 643,432 642,432 642,434 641,434 641,436 640,436 640,439 639,439 639,441 638,441 638,442 637,442 637,444 636,444 636,445 635,445 635,446 634,446 634,447 633,447 633,448 631,448 631,449 629,449 629,450 628,450 628,451 627,451 627,452 624,452 624,453 621,453 621,454 549,454 549,455 547,455 547,456 546,456 546,457 545,457 545,458 544,458 544,459 542,459 542,460 541,460 541,461 540,461 540,462 539,462 539,463 538,463 538,464 538,463 536,463 536,462 535,462 535,461 534,461 534,460 533,460 533,459 532,459 532,458 531,458 531,457 530,457 530,456 529,456 529,455 528,455 528,454 527,454 527,453 526,453 526,452 460,452 460,451 446,451 446,450 433,450 433,449 408,449 410,449 410,447 411,447 411,446 412,446 412,445 413,445 413,444 414,444 414,443 415,443 415,442 416,442 416,441 417,441 417,440 418,440 418,438 419,438 419,436 420,436 420,433 421,433 421,430 422,430 422,427 423,427 423,425 424,425 424,423 425,423 425,419 395,419 395,416 394,416 394,413 393,413 393,408 392,408 393,408 393,407 394,407 394,406 395,406 395,405 396,405"/>
	<TextEquiv>
	<Unicode>Ἀννίβαν</Unicode></TextEquiv></Word>
	<Word id="r1027">
	<Coords points="687,407 761,407 784,430 940,431 941,433 942,436 956,450 957,452 955,458 698,458 687,466 685,464 673,446 670,436 672,432 686,413"/>
	<TextEquiv>
	<Unicode>ἠκόντισεν.</Unicode></TextEquiv></Word>
	<Word id="r1028">
	<Coords points="1101,410 1104,411 1106,412 1108,416 1106,422 1104,424 1094,425 1092,456 1088,458 991,457 989,456 987,450 988,445 989,442 992,438 1003,419 1004,411 1099,411"/>
	<TextEquiv>
	<Unicode>ἀλλ᾽</Unicode></TextEquiv></Word>
	<Word id="r1029">
	<Coords points="1154,412 1235,412 1257,434 1343,434 1396,436 1396,445 1395,447 1394,450 1391,453 1383,459 1381,460 1378,461 1362,462 1344,464 1340,474 1335,477 1306,477 1290,461 1140,458 1138,457 1137,455 1137,447 1138,444 1153,429 1153,413"/>
	<TextEquiv>
	<Unicode>ἀπέτυχεν</Unicode></TextEquiv></Word>
	<Word id="r1030">
	<Coords points="1478,416 1483,418 1575,418 1579,421 1581,426 1582,436 1583,438 1583,446 1580,455 1576,460 1446,462 1429,461 1427,460 1425,456 1425,452 1427,446 1429,444 1430,441 1434,439 1437,436 1455,436"/>
	<TextEquiv>
	<Unicode>αὐτοῦ</Unicode></TextEquiv></Word>
	<Word id="r1031">
	<Coords points="1682,417 1686,419 1687,421 1688,424 1690,438 1690,457 1692,458 1690,462 1688,463 1611,460 1612,456 1613,454 1617,442 1618,438 1619,437 1661,437"/>
	<TextEquiv>
	<Unicode>καὶ</Unicode></TextEquiv></Word></TextLine>
	<TextLine id="r105">
	<Coords points="328,476 330,477 491,478 494,480 1604,491 1665,493 1695,518 1694,523 1693,525 1691,528 1690,530 1688,532 1686,533 1683,535 1681,537 1678,538 1661,539 1470,540 1457,551 1454,549 1035,549 1021,535 398,535 390,527 284,524 284,517 276,508 275,505 276,502 278,500 280,499 304,499 326,477"/>
	<Word id="r1032">
	<Coords points="327,477 351,499 390,499 392,500 393,504 407,520 408,524 407,528 406,530 400,534 384,526 378,525 318,524 284,520 276,508 275,505 276,503 278,500 280,499 304,499"/>
	<TextEquiv>
	<Unicode>τότε,</Unicode></TextEquiv></Word>
	<Word id="r1033">
	<Coords points="490,479 514,501 536,501 536,512 534,515 530,519 525,523 522,526 517,527 492,528 459,528 457,527 457,519 449,510 448,508 450,503 453,501 467,501"/>
	<TextEquiv>
	<Unicode>τὸν</Unicode></TextEquiv></Word>
	<Word id="r1034">
	<Coords points="585,481 588,482 615,482 617,483 618,486 621,492 622,495 623,499 625,504 625,506 624,508 623,509 622,528 619,529 617,530 615,529 583,528 579,526 576,518 577,512 580,507 581,506 581,484"/>
	<TextEquiv>
	<Unicode>δὲ</Unicode></TextEquiv></Word>
	<Word id="r1035">
	<Coords points="679,482 683,483 795,483 821,505 827,512 831,524 830,526 824,532 669,530 667,529 665,525 665,522 666,519 667,515 669,509 670,505 672,503 673,485"/>
	<TextEquiv>
	<Unicode>ἱππέα</Unicode></TextEquiv></Word>
	<Word id="r1036">
	<Coords points="913,485 938,507 958,507 959,510 957,516 956,518 954,521 947,528 944,530 938,533 881,532 880,527 872,513 873,508 874,507 889,507"/>
	<TextEquiv>
	<Unicode>τὸν</Unicode></TextEquiv></Word>
	<Word id="r1037">
	<Coords points="1014,486 1017,487 1109,487 1134,507 1142,508 1144,509 1148,514 1145,517 1143,525 1142,534 1138,538 1136,539 1082,539 1073,548 1034,548 1011,533 1002,532 998,526 997,523 997,520 998,516 1000,514 1001,512 1010,503 1010,487"/>
	<TextEquiv>
	<Unicode>ἐγγὺς</Unicode></TextEquiv></Word>
	<Word id="r1038">
	<Coords points="1209,488 1212,490 1242,490 1245,491 1249,494 1301,497 1303,498 1315,510 1349,510 1351,511 1380,512 1381,516 1395,530 1396,533 1395,536 1393,537 1222,538 1213,546 1198,536 1193,535 1189,533 1187,529 1186,525 1187,521 1188,518 1189,516 1192,507 1193,496 1194,490 1206,490"/>
	<TextEquiv>
	<Unicode>ἔβαλεν.</Unicode></TextEquiv></Word>
	<Word id="r1039">
	<Coords points="1458,490 1481,510 1524,510 1528,511 1529,513 1529,517 1528,519 1527,535 1526,537 1524,538 1523,539 1468,539 1456,550 1455,548 1442,530 1438,519 1439,515 1448,501 1449,494 1453,491"/>
	<TextEquiv>
	<Unicode>ἧκε</Unicode></TextEquiv></Word>
	<Word id="r1040">
	<Coords points="1574,491 1604,492 1604,501 1603,503 1597,504 1592,505 1591,525 1590,532 1587,536 1581,538 1575,538 1572,537 1570,536 1568,533 1567,528 1567,525 1568,521 1569,519 1571,517 1572,493"/>
	<TextEquiv>
	<Unicode>δ᾽</Unicode></TextEquiv></Word>
	<Word id="r1041">
	<Coords points="1662,493 1665,494 1689,515 1693,518 1692,523 1691,526 1689,528 1688,531 1685,532 1682,535 1677,537 1660,538 1652,538 1650,537 1648,534 1647,532 1647,523 1648,521 1650,518 1652,516 1660,501"/>
	<TextEquiv>
	<Unicode>ἐν</Unicode></TextEquiv></Word></TextLine>
	<TextLine id="r106">
	<Coords points="364,552 366,553 573,554 575,556 576,559 1695,566 1695,570 1693,606 1691,610 1687,614 1276,615 1266,623 1264,622 411,618 388,603 380,602 285,600 285,594 276,581 278,576 280,575 340,575 362,553"/>
	<Word id="r1042">
	<Coords points="363,553 388,576 435,578 437,582 437,591 435,597 433,599 431,600 425,601 420,602 419,615 418,617 414,618 387,602 379,601 344,600 285,596 278,584 276,581 279,575 340,575"/>
	<TextEquiv>
	<Unicode>τούτῳ</Unicode></TextEquiv></Word>
	<Word id="r1043">
	<Coords points="572,555 575,557 578,561 579,563 580,566 582,570 584,590 586,596 584,599 582,601 580,602 558,603 538,603 499,602 499,599 500,595 503,589 504,586 505,581 506,579 507,578 525,576 551,576"/>
	<TextEquiv>
	<Unicode>καὶ</Unicode></TextEquiv></Word>
	<Word id="r1044">
	<Coords points="650,560 925,562 945,582 1059,582 1062,583 1064,584 1066,588 1064,591 1062,592 1061,600 1056,612 1054,613 1032,613 1030,619 1025,620 1013,608 867,607 833,606 718,605 698,604 650,604"/>
	<TextEquiv>
	<Unicode>Μασσανάσσης</Unicode></TextEquiv></Word>
	<Word id="r1045">
	<Coords points="1221,564 1258,564 1278,584 1401,584 1405,585 1408,587 1410,590 1423,603 1425,608 1423,612 1403,612 1401,613 1274,614 1265,622 1249,611 1243,610 1132,609 1128,596 1125,589 1126,585 1130,583 1200,583 1217,566"/>
	<TextEquiv>
	<Unicode>πυθόμενος.</Unicode></TextEquiv></Word>
	<Word id="r1046">
	<Coords points="1575,566 1579,568 1582,574 1584,580 1585,582 1586,601 1588,604 1587,608 1585,611 1583,613 1518,612 1501,610 1503,604 1505,600 1506,597 1507,595 1509,589 1510,587 1527,586 1553,586"/>
	<TextEquiv>
	<Unicode>καὶ</Unicode></TextEquiv></Word>
	<Word id="r1047">
	<Coords points="1692,566 1693,570 1692,579 1691,606 1688,612 1655,613 1652,611 1650,608 1650,598 1651,595 1652,593 1658,587 1662,586 1670,586"/>
	<TextEquiv>
	<Unicode>οἱ</Unicode></TextEquiv></Word></TextLine>
	<TextLine id="r107">
	<Coords points="280,627 286,630 1066,636 1128,640 1130,641 1133,643 1655,645 1657,646 1679,663 1688,664 1693,667 1694,670 1691,673 1689,674 1688,690 1687,692 1685,693 1388,694 1379,702 374,691 359,676 340,675 338,675 330,667 301,664 297,661 278,643 276,642 273,637 272,634 273,631"/>
	<Word id="r1048">
	<Coords points="280,628 282,629 285,631 319,631 322,632 464,633 466,634 483,651 511,651 513,658 517,669 515,673 509,679 389,679 375,691 358,675 339,674 337,674 327,664 312,688 300,685 284,686 278,643 276,642 274,639 273,637 272,634 274,630 276,629 278,629"/>
	<TextEquiv>
	<Unicode>Ῥωμαῖοι</Unicode></TextEquiv></Word>
	<Word id="r1049">
	<Coords points="608,633 632,654 653,655 653,657 652,661 650,665 646,671 643,673 640,676 637,677 635,678 609,679 606,679 576,678 575,670 567,661 566,659 567,657 568,654 569,653 581,652 587,652"/>
	<TextEquiv>
	<Unicode>τὸν</Unicode></TextEquiv></Word>
	<Word id="r1050">
	<Coords points="952,636 975,657 997,657 997,663 996,665 995,669 992,672 990,675 984,679 982,681 979,682 938,683 923,697 920,696 918,695 768,695 750,681 746,680 705,679 701,678 699,675 698,672 698,667 699,663 702,660 706,657 709,655 714,654 932,654"/>
	<TextEquiv>
	<Unicode>στρατηγὸν</Unicode></TextEquiv></Word>
	<Word id="r1051">
	<Coords points="1060,636 1069,640 1127,640 1131,642 1147,658 1225,658 1249,659 1254,662 1255,668 1251,669 1250,683 1248,687 1245,689 1082,690 1071,698 1054,685 1050,684 1043,678 1042,674 1043,669 1044,665 1046,661 1054,646 1055,638"/>
	<TextEquiv>
	<Unicode>ὁρῶντες</Unicode></TextEquiv></Word>
	<Word id="r1052">
	<Coords points="1650,645 1655,646 1657,647 1681,664 1688,665 1690,666 1693,669 1689,672 1687,673 1686,690 1685,692 1684,693 1387,693 1378,701 1363,687 1317,686 1313,685 1310,683 1307,679 1307,674 1308,670 1309,668 1311,665 1314,663 1317,662 1321,661 1630,661 1645,646"/>
	<TextEquiv>
	<Unicode>στρατιωτικῶς</Unicode></TextEquiv></Word></TextLine>
	<TextLine id="r108">
	<Coords points="490,706 1461,718 1465,721 1616,723 1618,724 1621,726 1623,727 1633,737 1667,737 1669,738 1669,744 1668,745 1678,751 1693,751 1696,756 1678,757 1667,763 1663,764 1265,767 1253,777 1251,776 708,774 706,773 681,771 323,769 306,752 280,751 277,749 274,745 274,737 275,734 281,728 287,726 317,726 335,708 488,708"/>
	<Word id="r1053">
	<Coords points="335,708 380,708 383,709 400,726 423,726 424,729 424,731 423,734 422,738 419,742 416,745 412,747 408,751 404,753 341,753 324,769 305,751 279,750 276,748 274,745 274,737 275,734 281,728 287,726 317,726"/>
	<TextEquiv>
	<Unicode>σφῶν</Unicode></TextEquiv></Word>
	<Word id="r1054">
	<Coords points="491,707 497,710 744,710 763,729 899,730 900,732 901,737 914,750 915,755 913,761 911,763 908,764 756,768 751,771 714,773 707,773 705,772 681,770 575,769 560,754 482,752 480,751 478,747 477,731 485,716 486,710"/>
	<TextEquiv>
	<Unicode>ὑπερμαχόμενον,</Unicode></TextEquiv></Word>
	<Word id="r1055">
	<Coords points="1181,715 1204,733 1209,734 1301,734 1334,735 1335,740 1334,745 1333,747 1331,750 1328,752 1326,755 1323,757 1319,760 1315,762 1267,762 1252,776 1251,775 1030,775 1006,758 999,757 960,756 960,754 963,748 964,745 965,741 967,735 968,733 985,731 1163,731"/>
	<TextEquiv>
	<Unicode>καρτερώτερεν</Unicode></TextEquiv></Word>
	<Word id="r1056">
	<Coords points="1456,718 1461,719 1480,736 1484,737 1486,738 1488,740 1488,744 1487,746 1484,747 1483,763 1478,765 1472,763 1394,761 1394,754 1386,744 1385,741 1387,738 1390,736 1434,736 1451,719"/>
	<TextEquiv>
	<Unicode>τοῖς</Unicode></TextEquiv></Word>
	<Word id="r1057">
	<Coords points="1615,723 1617,724 1620,726 1622,727 1632,737 1666,737 1668,738 1685,751 1690,752 1690,754 1668,755 1667,762 1662,763 1545,763 1541,750 1538,742 1540,739 1543,737 1597,737 1612,724"/>
	<TextEquiv>
	<Unicode>πολε-</Unicode></TextEquiv></Word></TextLine>
	<TextLine id="r109">
	<Coords points="329,778 332,780 936,784 939,785 1504,788 1507,789 1530,812 1686,812 1690,813 1693,815 1694,820 1690,821 1689,839 1688,841 1686,842 1685,843 1535,843 1525,853 1422,853 1421,851 1052,850 973,845 273,841 272,836 274,830 275,826 276,823 277,821 278,816 279,813 281,805 282,803 283,802 304,802"/>
	<Word id="r1058">
	<Coords points="329,779 351,800 398,800 401,801 405,804 406,807 405,809 401,810 400,826 399,828 399,830 286,830 274,841 272,838 274,832 275,828 278,819 281,807 282,804 283,802 305,802"/>
	<TextEquiv>
	<Unicode>μίοις</Unicode></TextEquiv></Word>
	<Word id="r1059">
	<Coords points="482,781 542,782 563,803 671,803 710,804 710,812 708,816 704,822 699,826 696,828 690,830 528,829 526,828 471,825 468,821 468,812 469,810 480,799 480,783"/>
	<TextEquiv>
	<Unicode>ἐνέπεσον</Unicode></TextEquiv></Word>
	<Word id="r1060">
	<Coords points="846,784 849,785 850,788 851,790 852,793 853,795 854,798 855,800 856,820 858,823 852,831 849,832 847,831 772,830 772,828 775,819 777,816 778,810 779,807 783,805 824,805"/>
	<TextEquiv>
	<Unicode>καὶ</Unicode></TextEquiv></Word>
	<Word id="r1061">
	<Coords points="936,785 939,786 1033,788 1064,791 1080,807 1202,807 1207,810 1209,813 1209,823 1208,827 1205,831 1201,833 1197,834 1071,835 1054,850 1047,845 976,845 964,833 928,832 925,831 924,830 921,826 920,821 921,816 923,812 932,803 932,787"/>
	<TextEquiv>
	<Unicode>ἐτρέψαντο</Unicode></TextEquiv></Word>
	<Word id="r1062">
	<Coords points="1337,788 1340,789 1343,795 1345,801 1346,803 1348,824 1349,828 1348,831 1345,834 1340,836 1299,836 1261,835 1261,831 1263,827 1264,824 1265,820 1267,814 1269,810 1284,809 1315,809"/>
	<TextEquiv>
	<Unicode>καὶ</Unicode></TextEquiv></Word>
	<Word id="r1063">
	<Coords points="1504,789 1529,812 1685,812 1689,813 1692,815 1691,820 1688,821 1687,839 1686,841 1685,842 1535,842 1525,852 1422,846 1414,832 1413,830 1412,825 1413,819 1416,814 1432,797 1433,795 1435,794 1497,794"/>
	<TextEquiv>
	<Unicode>φεύγοντας</Unicode></TextEquiv></Word></TextLine>
	<TextLine id="r110">
	<Coords points="309,854 346,855 1458,863 1460,864 1592,866 1624,869 1626,870 1630,871 1650,888 1655,889 1692,889 1692,896 1688,908 1686,910 1682,913 1680,914 1679,915 1620,915 1607,916 1595,927 1589,922 752,922 736,906 719,905 283,902 279,901 276,899 275,897 273,891 274,888 275,884 277,881 286,865 287,856 289,855 308,855"/>
	<Word id="r1064">
	<Coords points="290,855 345,855 366,876 477,876 479,877 491,878 492,881 491,884 478,887 476,890 473,894 468,897 465,899 463,900 461,902 282,901 278,900 276,899 275,897 273,891 274,889 275,885 277,881 287,863 289,856"/>
	<TextEquiv>
	<Unicode>ἐδίωκον·</Unicode></TextEquiv></Word>
	<Word id="r1065">
	<Coords points="574,857 609,857 636,858 637,860 639,866 640,868 641,871 643,879 643,883 642,884 641,902 641,904 572,903 534,901 531,896 531,889 532,886 533,884 536,880 540,877 554,877"/>
	<TextEquiv>
	<Unicode>οὐδὲ</Unicode></TextEquiv></Word>
	<Word id="r1066">
	<Coords points="945,860 970,882 1090,882 1094,884 1096,888 1095,890 1093,892 1091,900 1090,908 1085,912 1082,913 763,913 753,921 736,905 718,904 679,899 673,885 676,879 695,878 924,878"/>
	<TextEquiv>
	<Unicode>παριππεύοντος</Unicode></TextEquiv></Word>
	<Word id="r1067">
	<Coords points="1174,862 1177,863 1182,867 1268,867 1270,868 1287,884 1291,885 1297,888 1298,890 1297,892 1295,894 1293,902 1292,910 1289,914 1286,915 1281,913 1128,909 1125,907 1123,903 1123,898 1124,894 1125,892 1129,887 1145,883 1152,883"/>
	<TextEquiv>
	<Unicode>αὐτοῖς</Unicode></TextEquiv></Word>
	<Word id="r1068">
	<Coords points="1403,867 1406,868 1408,869 1412,873 1413,880 1415,892 1414,897 1411,903 1407,908 1404,911 1396,913 1395,912 1334,911 1334,904 1326,895 1325,891 1326,888 1329,886 1331,885 1381,885 1397,869"/>
	<TextEquiv>
	<Unicode>τοῦ</Unicode></TextEquiv></Word>
	<Word id="r1069">
	<Coords points="1455,863 1455,864 1458,864 1458,865 1460,865 1460,866 1461,866 1461,868 1587,868 1587,867 1589,867 1589,866 1589,867 1592,867 1592,868 1594,868 1594,869 1623,869 1623,870 1625,870 1625,871 1629,871 1629,872 1631,872 1631,873 1632,873 1632,874 1633,874 1633,875 1634,875 1634,876 1635,876 1635,877 1636,877 1636,878 1637,878 1637,879 1638,879 1638,880 1639,880 1639,881 1640,881 1640,882 1641,882 1641,883 1642,883 1642,884 1643,884 1643,885 1644,885 1644,886 1645,886 1645,887 1646,887 1646,888 1647,888 1647,889 1648,889 1648,890 1663,890 1663,891 1677,891 1677,892 1691,892 1690,892 1690,898 1689,898 1689,901 1688,901 1688,904 1687,904 1687,907 1686,907 1686,908 1685,908 1685,909 1684,909 1684,910 1682,910 1682,911 1681,911 1681,912 1680,912 1680,913 1679,913 1679,914 1606,914 1606,915 1604,915 1604,916 1603,916 1603,917 1602,917 1602,918 1601,918 1601,919 1600,919 1600,920 1599,920 1599,921 1598,921 1598,922 1597,922 1597,923 1596,923 1596,924 1595,924 1595,925 1594,925 1594,926 1594,925 1592,925 1592,924 1591,924 1591,923 1590,923 1590,922 1589,922 1589,921 1588,921 1588,920 1587,920 1587,919 1586,919 1586,918 1585,918 1585,917 1584,917 1584,916 1583,916 1583,915 1582,915 1582,914 1543,914 1543,913 1505,913 1505,912 1467,912 1468,912 1468,910 1469,910 1469,909 1470,909 1470,908 1471,908 1471,907 1472,907 1472,906 1473,906 1473,904 1474,904 1474,903 1475,903 1475,902 1476,902 1476,901 1477,901 1477,900 1478,900 1478,897 1479,897 1479,895 1480,895 1480,893 1481,893 1481,891 1482,891 1482,888 1483,888 1483,886 1484,886 1484,882 1485,882 1485,879 1455,879 1455,876 1454,876 1454,873 1453,873 1453,866 1452,866 1453,866 1453,864 1455,864"/>
	<TextEquiv>
	<Unicode>Ἀννίβου</Unicode></TextEquiv></Word></TextLine>
	<TextLine id="r111">
	<Coords points="347,929 554,929 558,932 1012,935 1013,937 1509,940 1545,941 1665,942 1692,969 1689,971 1687,972 1686,991 1680,993 1356,996 1324,1001 1320,1003 1295,1004 1290,1001 1217,997 494,992 480,978 311,976 289,975 272,973 273,969 274,967 277,958 278,956 279,953 280,951 296,949 327,949"/>
	<Word id="r1071">
	<Coords points="348,929 351,932 352,934 353,937 355,941 357,965 360,968 359,970 354,976 310,975 288,974 286,973 272,972 273,968 274,966 277,957 278,955 279,952 287,951 296,949 327,949"/>
	<TextEquiv>
	<Unicode>καὶ</Unicode></TextEquiv></Word>
	<Word id="r1072">
	<Coords points="552,929 554,930 577,952 644,952 645,956 645,960 644,964 643,967 641,971 636,976 632,978 631,979 510,979 495,992 479,977 414,975 411,971 411,961 412,959 415,956 417,931 418,930 551,930"/>
	<TextEquiv>
	<Unicode>δεομένου</Unicode></TextEquiv></Word>
	<Word id="r1073">
	<Coords points="787,937 791,938 808,954 880,954 882,968 885,971 882,977 878,981 802,981 787,994 772,981 703,979 699,976 697,965 698,962 700,959 703,957 707,955 711,954 765,954 782,938"/>
	<TextEquiv>
	<Unicode>στῆναι</Unicode></TextEquiv></Word>
	<Word id="r1074">
	<Coords points="1010,935 1014,938 1015,939 1018,945 1019,948 1022,970 1024,974 1022,977 1021,979 1017,983 938,981 937,979 938,975 940,971 941,967 944,958 952,956 961,955 990,955"/>
	<TextEquiv>
	<Unicode>καὶ</Unicode></TextEquiv></Word>
	<Word id="r1075">
	<Coords points="1124,940 1129,941 1152,957 1160,958 1165,964 1162,967 1160,968 1159,984 1158,986 1154,988 1129,989 1128,991 1127,995 1123,996 1112,985 1085,984 1084,983 1083,978 1075,964 1076,959 1077,958 1079,957 1102,957 1117,942"/>
	<TextEquiv>
	<Unicode>τῆς</Unicode></TextEquiv></Word>
	<Word id="r1076">
	<Coords points="1286,939 1309,959 1385,959 1387,960 1390,962 1391,964 1391,967 1389,969 1387,977 1386,985 1385,987 1381,989 1378,990 1358,992 1356,995 1355,996 1328,997 1325,999 1319,1002 1217,994 1218,990 1219,988 1221,982 1222,978 1224,972 1225,970 1227,964 1228,960 1229,958 1265,958"/>
	<TextEquiv>
	<Unicode>μάχης</Unicode></TextEquiv></Word>
	<Word id="r1077">
	<Coords points="1504,940 1509,941 1544,941 1549,942 1569,962 1594,962 1598,964 1599,968 1596,972 1594,973 1593,989 1592,991 1590,992 1587,993 1582,990 1561,989 1460,986 1454,983 1454,975 1455,971 1457,968 1460,964 1463,962 1466,961 1479,961 1499,941"/>
	<TextEquiv>
	<Unicode>αὖθις</Unicode></TextEquiv></Word>
	<Word id="r1078">
	<Coords points="1662,942 1690,969 1687,970 1685,971 1684,991 1681,992 1677,989 1657,988 1650,986 1647,982 1646,980 1646,975 1647,971 1649,968 1654,962 1658,944"/>
	<TextEquiv>
	<Unicode>ἐς</Unicode></TextEquiv></Word></TextLine>
	<TextLine id="r112">
	<Coords points="496,1007 891,1009 920,1010 1577,1015 1581,1017 1648,1018 1652,1020 1655,1022 1672,1039 1692,1039 1692,1044 1691,1048 1688,1054 1681,1061 1677,1062 1675,1064 1239,1066 1229,1074 1222,1069 362,1069 347,1054 279,1053 278,1048 271,1034 272,1029 274,1027 276,1026 330,1026 347,1010 350,1009 494,1009"/>
	<Word id="r1079">
	<Coords points="352,1009 357,1011 377,1026 383,1027 413,1027 442,1028 454,1029 454,1035 453,1037 452,1040 449,1044 444,1048 441,1050 435,1053 379,1054 363,1068 347,1053 278,1052 275,1040 271,1035 271,1033 273,1028 275,1026 331,1026 348,1010"/>
	<TextEquiv>
	<Unicode>πεῖραν</Unicode></TextEquiv></Word>
	<Word id="r1080">
	<Coords points="495,1008 573,1009 619,1011 621,1012 643,1028 650,1030 651,1034 650,1038 649,1040 644,1046 643,1048 640,1050 635,1052 631,1054 588,1054 490,1052 486,1049 484,1046 483,1044 484,1038 485,1034 487,1032 491,1026"/>
	<TextEquiv>
	<Unicode>ἐλθεῖν</Unicode></TextEquiv></Word>
	<Word id="r1081">
	<Coords points="687,1009 704,1009 724,1029 749,1029 751,1044 752,1049 750,1053 745,1055 685,1055 683,1054 681,1051 679,1047 679,1044 680,1038 683,1035 685,1021 686,1010"/>
	<TextEquiv>
	<Unicode>ἔτι</Unicode></TextEquiv></Word>
	<Word id="r1082">
	<Coords points="795,1009 890,1009 919,1010 921,1011 942,1032 1040,1032 1042,1033 1062,1053 1061,1056 1059,1059 1031,1059 999,1058 811,1056 789,1055 784,1053 782,1050 781,1048 781,1041 784,1037 786,1034 794,1026 794,1010"/>
	<TextEquiv>
	<Unicode>ἐπείθοντο.</Unicode></TextEquiv></Word>
	<Word id="r1083">
	<Coords points="1124,1012 1130,1014 1324,1014 1351,1035 1358,1036 1360,1038 1361,1043 1357,1044 1356,1061 1355,1063 1353,1065 1235,1067 1230,1071 1227,1073 1215,1061 1147,1060 1109,1058 1106,1056 1106,1045 1107,1042 1121,1028"/>
	<TextEquiv>
	<Unicode>ἀπογνοὺς</Unicode></TextEquiv></Word>
	<Word id="r1084">
	<Coords points="1443,1014 1451,1016 1479,1036 1487,1037 1488,1039 1488,1042 1487,1044 1486,1047 1485,1049 1482,1054 1478,1058 1473,1061 1471,1062 1470,1063 1408,1061 1404,1059 1402,1055 1402,1045 1403,1043 1409,1037 1411,1036 1419,1036 1438,1017 1441,1015"/>
	<TextEquiv>
	<Unicode>οὖν</Unicode></TextEquiv></Word>
	<Word id="r1085">
	<Coords points="1576,1015 1580,1017 1647,1018 1653,1021 1671,1039 1691,1041 1690,1046 1689,1049 1687,1053 1678,1061 1674,1064 1532,1063 1529,1062 1528,1061 1526,1058 1525,1056 1527,1048 1528,1046 1530,1043 1543,1037 1553,1036 1574,1016"/>
	<TextEquiv>
	<Unicode>αὐτῶν</Unicode></TextEquiv></Word></TextLine>
	<TextLine id="r113">
	<Coords points="292,1078 294,1079 1149,1085 1152,1087 1602,1094 1630,1096 1647,1113 1669,1114 1669,1117 1668,1119 1667,1120 1672,1125 1691,1125 1693,1132 1675,1133 1666,1139 1631,1140 1628,1141 1622,1142 1621,1147 1620,1154 1619,1157 1617,1158 1607,1148 775,1145 771,1142 466,1140 455,1129 276,1127 274,1126 272,1122 271,1118 271,1113 272,1110 273,1108 274,1107 284,1090 285,1081 289,1079"/>
	<Word id="r1086">
	<Coords points="291,1079 294,1080 295,1111 295,1117 294,1121 292,1124 289,1126 275,1126 273,1124 271,1116 272,1112 273,1109 274,1107 278,1103 282,1102 285,1101 285,1081 287,1080"/>
	<TextEquiv>
	<Unicode>ὁ</Unicode></TextEquiv></Word>
	<Word id="r1087">
	<Coords points="327,1080 327,1081 329,1081 329,1082 331,1082 331,1084 458,1084 458,1083 460,1083 460,1082 461,1082 461,1081 461,1082 463,1082 463,1083 465,1083 465,1084 497,1084 497,1085 499,1085 499,1086 500,1086 500,1087 501,1087 501,1088 502,1088 502,1089 503,1089 503,1090 504,1090 504,1091 505,1091 505,1092 506,1092 506,1093 507,1093 507,1094 508,1094 508,1095 509,1095 509,1096 510,1096 510,1097 511,1097 511,1098 512,1098 512,1099 513,1099 513,1100 514,1100 514,1101 515,1101 515,1102 516,1102 516,1103 537,1103 537,1104 561,1104 561,1105 564,1105 564,1106 566,1106 566,1107 567,1107 567,1111 568,1111 565,1111 565,1112 564,1112 564,1128 563,1128 563,1131 560,1131 560,1132 537,1132 537,1133 515,1133 515,1134 492,1134 492,1135 470,1135 470,1136 469,1136 469,1137 468,1137 468,1138 467,1138 467,1139 466,1139 466,1140 466,1139 465,1139 465,1138 464,1138 464,1137 463,1137 463,1136 462,1136 462,1135 461,1135 461,1134 460,1134 460,1133 459,1133 459,1132 458,1132 458,1131 457,1131 457,1130 456,1130 456,1129 455,1129 455,1128 454,1128 454,1127 364,1127 364,1126 338,1126 340,1126 340,1124 341,1124 341,1123 342,1123 342,1122 343,1122 343,1121 344,1121 344,1120 345,1120 345,1119 346,1119 346,1118 347,1118 347,1117 348,1117 348,1114 349,1114 349,1112 350,1112 350,1110 351,1110 351,1107 352,1107 352,1104 353,1104 353,1101 354,1101 354,1098 355,1098 355,1096 356,1096 356,1093 330,1093 330,1092 328,1092 328,1091 326,1091 326,1090 325,1090 325,1086 324,1086 324,1082 323,1082 325,1082 325,1081 327,1081"/>
	<TextEquiv>
	<Unicode>Ἀννίβας</Unicode></TextEquiv></Word>
	<Word id="r1089">
	<Coords points="673,1084 702,1104 710,1105 712,1106 713,1107 713,1113 711,1114 710,1115 708,1132 702,1135 698,1133 609,1130 608,1129 607,1124 599,1112 598,1110 600,1106 601,1105 609,1104 652,1104"/>
	<TextEquiv>
	<Unicode>τοὺς</Unicode></TextEquiv></Word>
	<Word id="r1090">
	<Coords points="759,1083 762,1084 788,1087 798,1091 798,1094 797,1096 796,1097 795,1114 792,1116 790,1117 789,1139 787,1143 775,1145 756,1131 750,1130 747,1129 745,1126 743,1120 745,1112 756,1101 756,1084 758,1084"/>
	<TextEquiv>
	<Unicode>ἐξ</Unicode></TextEquiv></Word>
	<Word id="r1091">
	<Coords points="838,1084 843,1086 870,1086 874,1089 955,1092 958,1093 960,1094 972,1106 1057,1107 1060,1108 1063,1110 1064,1116 1060,1117 1059,1133 1058,1136 1053,1138 1047,1135 916,1133 890,1132 852,1132 852,1115 836,1094 835,1087"/>
	<TextEquiv>
	<Unicode>Ἰταλιας</Unicode></TextEquiv></Word>
	<Word id="r1092">
	<Coords points="1147,1085 1149,1086 1152,1088 1151,1091 1150,1093 1149,1127 1148,1130 1146,1132 1143,1134 1138,1135 1113,1134 1108,1132 1105,1128 1105,1118 1107,1114 1109,1111 1114,1109 1122,1108 1144,1086"/>
	<TextEquiv>
	<Unicode>οἱ</Unicode></TextEquiv></Word>
	<Word id="r1093">
	<Coords points="1371,1091 1409,1091 1430,1112 1529,1112 1535,1115 1536,1117 1552,1133 1553,1136 1552,1140 1551,1142 1549,1145 1544,1147 1530,1143 1519,1139 1260,1137 1195,1135 1192,1133 1189,1129 1188,1123 1188,1120 1192,1116 1193,1114 1195,1112 1199,1110 1203,1109 1215,1108 1302,1108 1314,1096 1366,1094 1369,1093"/>
	<TextEquiv>
	<Unicode>συνελθόντας,</Unicode></TextEquiv></Word>
	<Word id="r1094">
	<Coords points="1597,1094 1602,1095 1604,1096 1629,1096 1647,1114 1668,1114 1680,1125 1685,1126 1689,1127 1690,1130 1667,1130 1666,1138 1636,1139 1617,1157 1594,1140 1588,1139 1584,1135 1582,1132 1581,1128 1582,1124 1583,1121 1584,1119 1593,1102"/>
	<TextEquiv>
	<Unicode>ἐφε-</Unicode></TextEquiv></Word></TextLine>
	<TextLine id="r114">
	<Coords points="385,1154 389,1157 793,1158 794,1160 877,1161 880,1162 1293,1163 1296,1164 1644,1165 1646,1166 1669,1189 1691,1189 1691,1193 1690,1198 1688,1202 1686,1203 1683,1208 1679,1212 1676,1213 1674,1214 1671,1215 1655,1216 1653,1224 1651,1227 1319,1226 1287,1224 300,1219 282,1203 278,1202 273,1199 272,1196 272,1186 274,1184 276,1181 277,1158 281,1155 383,1155"/>
	<Word id="r1095">
	<Coords points="281,1155 386,1155 409,1178 535,1178 539,1180 541,1183 541,1185 539,1187 537,1195 536,1204 531,1209 313,1209 301,1219 283,1203 279,1202 274,1199 272,1196 272,1186 275,1183 277,1158"/>
	<TextEquiv>
	<Unicode>δρεύοντας</Unicode></TextEquiv></Word>
	<Word id="r1096">
	<Coords points="614,1158 637,1178 663,1178 666,1193 666,1198 664,1202 661,1204 660,1205 601,1205 597,1204 596,1203 593,1198 592,1193 593,1190 595,1186 598,1177 599,1165 605,1159"/>
	<TextEquiv>
	<Unicode>ἔτι</Unicode></TextEquiv></Word>
	<Word id="r1097">
	<Coords points="791,1158 795,1161 797,1163 799,1169 801,1172 803,1194 804,1199 800,1205 798,1206 797,1207 718,1206 718,1201 719,1199 720,1196 722,1188 723,1185 724,1183 726,1181 742,1179 770,1179"/>
	<TextEquiv>
	<Unicode>καὶ</Unicode></TextEquiv></Word>
	<Word id="r1098">
	<Coords points="874,1161 878,1162 880,1163 883,1165 1070,1165 1073,1166 1090,1183 1199,1184 1201,1185 1202,1187 1219,1205 1220,1208 1219,1212 1218,1214 1214,1218 985,1220 923,1222 908,1207 860,1206 857,1204 857,1194 858,1191 873,1176"/>
	<TextEquiv>
	<Unicode>ἀτρεμοῦντας,</Unicode></TextEquiv></Word>
	<Word id="r1099">
	<Coords points="1290,1163 1294,1164 1296,1165 1317,1185 1361,1185 1392,1186 1392,1195 1391,1198 1389,1202 1387,1203 1386,1206 1383,1207 1382,1209 1379,1211 1377,1212 1374,1213 1373,1214 1337,1214 1322,1226 1317,1224 1288,1222 1276,1208 1275,1201 1272,1191 1274,1187 1281,1174 1284,1166 1287,1164"/>
	<TextEquiv>
	<Unicode>ἦγεν</Unicode></TextEquiv></Word>
	<Word id="r1100">
	<Coords points="1525,1165 1528,1167 1529,1169 1530,1172 1531,1174 1532,1177 1533,1179 1535,1201 1538,1204 1536,1208 1534,1211 1530,1213 1527,1214 1461,1213 1457,1210 1454,1196 1456,1194 1457,1192 1466,1175 1468,1166 1523,1166"/>
	<TextEquiv>
	<Unicode>ἐπὶ</Unicode></TextEquiv></Word>
	<Word id="r1101">
	<Coords points="1643,1165 1645,1166 1668,1189 1690,1191 1689,1196 1688,1199 1687,1201 1682,1202 1680,1210 1675,1212 1673,1213 1670,1214 1654,1216 1652,1220 1651,1225 1648,1226 1637,1215 1611,1214 1609,1210 1601,1197 1600,1193 1601,1190 1603,1189 1612,1188"/>
	<TextEquiv>
	<Unicode>τὴν</Unicode></TextEquiv></Word></TextLine>
	<TextLine id="r115">
	<Coords points="339,1230 341,1231 1487,1242 1492,1244 1510,1262 1663,1263 1665,1264 1673,1272 1692,1273 1694,1278 1676,1279 1661,1290 858,1294 852,1296 347,1295 269,1293 269,1288 270,1284 271,1282 274,1273 275,1268 276,1265 278,1257 279,1255 281,1253 316,1252 336,1232"/>
	<Word id="r1102">
	<Coords points="339,1231 341,1232 362,1252 447,1253 448,1259 461,1272 462,1275 461,1279 460,1282 457,1285 455,1286 410,1286 408,1290 381,1293 347,1294 269,1291 270,1286 271,1283 272,1281 274,1275 278,1259 279,1256 280,1254 281,1253 315,1253 336,1232"/>
	<TextEquiv>
	<Unicode>μάχην,</Unicode></TextEquiv></Word>
	<Word id="r1103">
	<Coords points="508,1233 510,1234 614,1234 634,1254 707,1254 709,1255 712,1257 713,1261 712,1263 709,1264 706,1282 698,1283 663,1281 624,1280 498,1279 494,1277 492,1274 491,1272 491,1265 493,1261 494,1260 504,1242 505,1234"/>
	<TextEquiv>
	<Unicode>ἐλπίσας</Unicode></TextEquiv></Word>
	<Word id="r1104">
	<Coords points="755,1235 758,1236 949,1237 969,1257 992,1257 1017,1258 1020,1260 1022,1263 1022,1266 1018,1267 1017,1282 1016,1286 1014,1288 1012,1289 858,1291 854,1294 852,1295 837,1283 833,1282 816,1281 775,1280 769,1280 769,1264 750,1242 752,1237"/>
	<TextEquiv>
	<Unicode>Ῥωμαίοις</Unicode></TextEquiv></Word>
	<Word id="r1105">
	<Coords points="1078,1239 1099,1258 1137,1258 1140,1260 1140,1265 1139,1266 1138,1283 1136,1285 1134,1286 1130,1287 1126,1286 1125,1285 1053,1283 1051,1279 1051,1271 1053,1267 1057,1263 1060,1247 1061,1243 1062,1242 1069,1241"/>
	<TextEquiv>
	<Unicode>ἅτε</Unicode></TextEquiv></Word>
	<Word id="r1106">
	<Coords points="1175,1240 1249,1240 1269,1260 1350,1260 1407,1262 1425,1263 1440,1266 1439,1271 1438,1274 1437,1276 1430,1283 1424,1287 1421,1288 1420,1289 1363,1287 1200,1286 1175,1285 1171,1283 1169,1280 1168,1276 1168,1271 1170,1268 1172,1264 1174,1241"/>
	<TextEquiv>
	<Unicode>διώκουσιν</Unicode></TextEquiv></Word>
	<Word id="r1107">
	<Coords points="1484,1242 1488,1243 1490,1244 1510,1263 1662,1263 1664,1264 1680,1273 1688,1274 1689,1275 1689,1277 1668,1277 1667,1284 1663,1287 1660,1290 1473,1288 1469,1286 1467,1283 1467,1277 1468,1274 1471,1269 1483,1257"/>
	<TextEquiv>
	<Unicode>ἀσυντα-</Unicode></TextEquiv></Word></TextLine>
	<TextLine id="r116">
	<Coords points="420,1307 1585,1316 1589,1319 1683,1322 1686,1324 1688,1339 1689,1341 1689,1347 1687,1353 1686,1355 1682,1361 1679,1363 1675,1365 1436,1366 1423,1378 1421,1377 1345,1373 425,1370 409,1354 270,1353 269,1350 270,1348 272,1342 273,1340 274,1337 275,1333 277,1329 278,1328 280,1327 400,1327"/>
	<Word id="r1108">
	<Coords points="420,1308 442,1327 445,1328 521,1328 526,1329 529,1331 530,1333 530,1336 525,1337 524,1356 522,1358 520,1359 439,1359 426,1370 408,1353 269,1352 269,1350 270,1348 272,1342 273,1340 274,1337 275,1333 277,1329 278,1328 280,1327 400,1327"/>
	<TextEquiv>
	<Unicode>κτοτέροις</Unicode></TextEquiv></Word>
	<Word id="r1109">
	<Coords points="576,1309 581,1311 872,1311 898,1331 906,1332 927,1332 946,1351 946,1358 658,1356 632,1355 567,1354 563,1352 561,1350 560,1344 561,1338 562,1336 573,1325"/>
	<TextEquiv>
	<Unicode>ἐπιπεσεῖσθαι.</Unicode></TextEquiv></Word>
	<Word id="r1110">
	<Coords points="1033,1312 1035,1315 1034,1317 1031,1320 1030,1322 1029,1357 1004,1358 995,1358 993,1357 992,1356 990,1353 989,1349 990,1344 991,1341 992,1339 994,1336 995,1335 1000,1333 1007,1332"/>
	<TextEquiv>
	<Unicode>οἱ</Unicode></TextEquiv></Word>
	<Word id="r1111">
	<Coords points="1071,1313 1107,1313 1108,1316 1109,1318 1110,1321 1112,1329 1114,1334 1115,1335 1114,1338 1112,1359 1107,1360 1103,1359 1071,1358 1065,1354 1064,1342 1065,1340 1067,1337 1069,1315"/>
	<TextEquiv>
	<Unicode>δὲ</Unicode></TextEquiv></Word>
	<Word id="r1112">
	<Coords points="1185,1313 1188,1314 1190,1318 1192,1324 1193,1331 1194,1336 1198,1339 1199,1342 1199,1349 1195,1357 1190,1360 1154,1360 1153,1352 1145,1341 1154,1335"/>
	<TextEquiv>
	<Unicode>τὸ</Unicode></TextEquiv></Word>
	<Word id="r1113">
	<Coords points="1243,1314 1306,1314 1345,1315 1366,1336 1490,1336 1493,1352 1493,1360 1488,1362 1485,1363 1436,1364 1422,1377 1413,1375 1405,1373 1350,1373 1339,1362 1253,1361 1235,1360 1232,1358 1229,1353 1229,1346 1231,1343 1232,1341 1242,1323 1243,1315"/>
	<TextEquiv>
	<Unicode>ἐνθύμημα</Unicode></TextEquiv></Word>
	<Word id="r1114">
	<Coords points="1583,1316 1585,1317 1591,1322 1682,1322 1685,1324 1687,1339 1687,1347 1684,1356 1682,1359 1680,1361 1677,1363 1675,1364 1674,1365 1535,1364 1532,1363 1530,1360 1530,1351 1531,1348 1533,1346 1536,1341 1540,1338 1545,1337 1561,1337 1581,1317"/>
	<TextEquiv>
	<Unicode>αὐτοῦ</Unicode></TextEquiv></Word></TextLine>
	<TextLine id="r117">
	<Coords points="290,1382 775,1382 778,1386 1017,1386 1019,1387 1503,1390 1508,1393 1654,1396 1656,1397 1676,1413 1682,1414 1685,1415 1687,1416 1689,1420 1686,1422 1684,1423 1682,1441 1679,1443 1658,1445 1656,1450 1655,1452 1649,1451 661,1445 660,1443 442,1443 429,1430 312,1429 277,1428 273,1426 271,1423 271,1411 272,1406 273,1403 274,1401 276,1398 277,1394 280,1391 283,1387 286,1385 288,1384"/>
	<Word id="r1115">
	<Coords points="290,1382 436,1382 456,1402 578,1403 596,1421 599,1426 597,1433 593,1437 448,1439 442,1442 429,1429 311,1428 276,1427 272,1425 271,1423 271,1411 272,1406 273,1403 276,1397 277,1394 286,1385"/>
	<TextEquiv>
	<Unicode>θεασάμενοι,</Unicode></TextEquiv></Word>
	<Word id="r1116">
	<Coords points="772,1382 777,1386 778,1388 779,1391 780,1393 782,1399 787,1411 791,1422 790,1425 787,1428 784,1430 679,1431 663,1445 661,1441 662,1438 663,1434 666,1425 667,1423 668,1417 669,1415 670,1410 671,1407 672,1406 674,1405 748,1405"/>
	<TextEquiv>
	<Unicode>μετὰ</Unicode></TextEquiv></Word>
	<Word id="r1117">
	<Coords points="1014,1386 1017,1387 1021,1389 1024,1391 1051,1391 1056,1393 1058,1394 1076,1407 1083,1408 1086,1409 1089,1411 1089,1413 1087,1416 1085,1417 1084,1433 1083,1435 1079,1437 1056,1439 1054,1443 1053,1446 1050,1447 1038,1435 977,1433 905,1432 863,1430 861,1427 860,1417 861,1415 864,1411 870,1408 873,1407 991,1407 1011,1387"/>
	<TextEquiv>
	<Unicode>σπουδῆς</Unicode></TextEquiv></Word>
	<Word id="r1118">
	<Coords points="1178,1388 1182,1391 1297,1393 1306,1396 1308,1397 1311,1398 1313,1399 1324,1410 1417,1411 1420,1412 1423,1414 1424,1417 1424,1419 1422,1421 1420,1429 1419,1438 1418,1440 1416,1441 1290,1445 1283,1448 1271,1436 1162,1434 1159,1432 1157,1428 1157,1425 1159,1421 1160,1418 1161,1417 1174,1396 1176,1389"/>
	<TextEquiv>
	<Unicode>ἀλλήλους</Unicode></TextEquiv></Word>
	<Word id="r1119">
	<Coords points="1502,1390 1506,1392 1530,1411 1538,1412 1540,1414 1540,1416 1539,1418 1538,1425 1537,1433 1535,1436 1532,1439 1495,1438 1493,1437 1490,1435 1487,1431 1487,1423 1490,1417 1491,1416 1499,1400"/>
	<TextEquiv>
	<Unicode>ἐκ</Unicode></TextEquiv></Word>
	<Word id="r1120">
	<Coords points="1651,1396 1654,1397 1656,1398 1677,1414 1683,1415 1687,1417 1688,1419 1686,1420 1682,1421 1681,1432 1680,1441 1678,1443 1657,1444 1655,1447 1654,1450 1651,1451 1640,1440 1612,1439 1611,1435 1603,1422 1602,1418 1604,1414 1606,1413 1630,1413 1645,1398 1647,1397"/>
	<TextEquiv>
	<Unicode>τῆς</Unicode></TextEquiv></Word></TextLine>
	<TextLine id="r118">
	<Coords points="280,1454 284,1455 952,1461 953,1464 1658,1467 1660,1468 1682,1490 1686,1492 1687,1495 1685,1498 1683,1506 1682,1514 1679,1518 1677,1519 370,1517 356,1503 276,1502 271,1499 269,1496 269,1487 270,1484 272,1482 274,1479 276,1458 277,1455"/>
	<Word id="r1121">
	<Coords points="280,1455 284,1456 353,1456 378,1457 382,1460 392,1463 406,1477 480,1477 483,1479 485,1480 486,1483 484,1485 481,1486 480,1502 478,1505 475,1507 387,1510 382,1515 370,1517 355,1502 275,1501 271,1499 269,1496 269,1487 270,1484 273,1480 276,1457"/>
	<TextEquiv>
	<Unicode>διώξεως</Unicode></TextEquiv></Word>
	<Word id="r1122">
	<Coords points="554,1458 558,1459 691,1462 699,1466 703,1467 705,1468 717,1480 818,1480 820,1481 821,1485 834,1502 835,1505 834,1508 833,1510 831,1511 830,1513 827,1514 819,1507 608,1506 605,1505 538,1503 537,1502 535,1496 536,1490 540,1484 550,1466"/>
	<TextEquiv>
	<Unicode>ἀνεκάλουν,</Unicode></TextEquiv></Word>
	<Word id="r1123">
	<Coords points="950,1461 955,1465 957,1469 958,1472 959,1474 961,1496 964,1498 963,1501 961,1504 958,1506 954,1508 952,1508 878,1506 879,1502 885,1484 886,1483 924,1482 929,1482"/>
	<TextEquiv>
	<Unicode>καὶ</Unicode></TextEquiv></Word>
	<Word id="r1124">
	<Coords points="1201,1466 1222,1485 1303,1485 1359,1486 1399,1489 1402,1495 1402,1499 1401,1503 1399,1507 1394,1512 1123,1511 1059,1509 1017,1506 1014,1502 1015,1495 1016,1492 1018,1489 1021,1487 1025,1485 1028,1484 1057,1483 1182,1483"/>
	<TextEquiv>
	<Unicode>συνετάσσοντο</Unicode></TextEquiv></Word>
	<Word id="r1125">
	<Coords points="1501,1467 1550,1467 1570,1487 1591,1487 1594,1488 1596,1489 1596,1495 1595,1498 1593,1505 1592,1513 1591,1515 1589,1517 1585,1518 1581,1515 1530,1513 1459,1512 1457,1511 1455,1508 1455,1501 1456,1498 1457,1496 1472,1488 1480,1487"/>
	<TextEquiv>
	<Unicode>αὖθις</Unicode></TextEquiv></Word>
	<Word id="r1126">
	<Coords points="1656,1467 1658,1468 1682,1491 1684,1492 1686,1494 1684,1497 1681,1498 1679,1515 1676,1518 1671,1515 1651,1514 1644,1512 1642,1509 1641,1506 1641,1500 1644,1494 1646,1492 1654,1476"/>
	<TextEquiv>
	<Unicode>ἐς</Unicode></TextEquiv></Word></TextLine>
	<TextLine id="r119">
	<Coords points="712,1532 716,1533 1628,1542 1650,1564 1684,1564 1686,1565 1686,1569 1685,1570 1684,1589 1682,1590 1676,1592 1346,1592 1332,1604 1327,1600 343,1596 340,1594 267,1592 267,1588 268,1585 269,1583 270,1580 271,1575 273,1567 276,1558 278,1555 293,1553 295,1552 312,1552 333,1531"/>
	<Word id="r1127">
	<Coords points="335,1532 355,1550 442,1553 444,1554 445,1557 458,1572 459,1575 458,1578 457,1580 409,1582 406,1587 404,1591 403,1592 376,1593 373,1595 341,1594 267,1590 269,1584 270,1582 271,1578 272,1573 273,1569 277,1557 278,1555 293,1554 295,1552 313,1552"/>
	<TextEquiv>
	<Unicode>μάχην.</Unicode></TextEquiv></Word>
	<Word id="r1128">
	<Coords points="577,1532 601,1554 637,1554 639,1558 638,1562 637,1578 636,1580 634,1581 629,1582 624,1581 622,1580 529,1578 527,1577 525,1574 524,1572 524,1566 525,1562 533,1554 544,1554 568,1535"/>
	<TextEquiv>
	<Unicode>οὔτε</Unicode></TextEquiv></Word>
	<Word id="r1129">
	<Coords points="711,1532 715,1533 743,1534 744,1536 745,1539 748,1545 749,1551 750,1556 753,1559 751,1562 750,1580 746,1582 743,1582 739,1581 709,1580 706,1579 703,1577 701,1571 701,1565 703,1561 706,1558 708,1535 709,1533"/>
	<TextEquiv>
	<Unicode>δὲ</Unicode></TextEquiv></Word>
	<Word id="r1130">
	<Coords points="821,1535 839,1535 861,1557 915,1557 990,1559 990,1568 989,1570 989,1572 980,1580 972,1584 969,1585 967,1584 842,1582 821,1581 819,1580 818,1578 817,1546 817,1540 818,1538"/>
	<TextEquiv>
	<Unicode>ἵππων</Unicode></TextEquiv></Word>
	<Word id="r1131">
	<Coords points="1138,1538 1162,1560 1192,1560 1194,1561 1196,1575 1199,1577 1196,1583 1192,1587 1106,1587 1092,1599 1076,1585 1047,1584 1043,1582 1041,1570 1042,1568 1048,1562 1050,1561 1054,1560 1083,1560 1100,1543 1132,1543"/>
	<TextEquiv>
	<Unicode>σφίσι</Unicode></TextEquiv></Word>
	<Word id="r1132">
	<Coords points="1384,1540 1409,1562 1487,1562 1522,1565 1523,1569 1522,1571 1521,1574 1517,1580 1514,1583 1510,1586 1506,1588 1502,1589 1345,1590 1331,1603 1316,1588 1262,1587 1260,1582 1254,1568 1255,1564 1257,1562 1259,1561 1361,1560"/>
	<TextEquiv>
	<Unicode>παρόντων</Unicode></TextEquiv></Word>
	<Word id="r1133">
	<Coords points="1626,1542 1649,1564 1683,1564 1685,1567 1683,1569 1682,1589 1678,1591 1608,1590 1582,1589 1578,1588 1575,1586 1573,1583 1572,1578 1573,1575 1574,1571 1578,1566 1580,1565 1583,1563 1593,1563 1616,1545"/>
	<TextEquiv>
	<Unicode>οὔτε</Unicode></TextEquiv></Word></TextLine>
	<TextLine id="r120">
	<Coords points="445,1606 447,1607 1581,1620 1585,1622 1602,1639 1649,1639 1679,1640 1682,1642 1684,1645 1684,1654 1683,1656 1682,1659 1680,1661 1674,1665 1672,1666 1538,1666 1522,1678 1514,1683 1483,1682 1481,1678 860,1672 859,1669 858,1665 812,1665 804,1657 681,1656 657,1655 274,1653 272,1652 271,1641 272,1638 286,1624 286,1608 288,1607 444,1607"/>
	<Word id="r1134">
	<Coords points="288,1607 446,1607 448,1608 468,1628 517,1628 519,1629 519,1635 517,1637 516,1642 508,1650 504,1653 273,1652 271,1651 271,1641 272,1638 286,1624 286,1608"/>
	<TextEquiv>
	<Unicode>ἀκοντίων</Unicode></TextEquiv></Word>
	<Word id="r1135">
	<Coords points="555,1609 572,1609 592,1629 618,1634 623,1645 622,1647 620,1650 618,1652 614,1654 551,1653 549,1650 548,1648 548,1639 551,1635 553,1620 554,1611"/>
	<TextEquiv>
	<Unicode>ἔτι</Unicode></TextEquiv></Word>
	<Word id="r1136">
	<Coords points="674,1610 696,1629 770,1629 772,1630 808,1631 809,1638 821,1650 822,1655 821,1660 819,1663 812,1664 804,1656 680,1655 656,1654 652,1653 650,1649 650,1639 654,1633 658,1611 671,1611"/>
	<TextEquiv>
	<Unicode>ὄντων,</Unicode></TextEquiv></Word>
	<Word id="r1137">
	<Coords points="868,1612 870,1613 905,1614 933,1616 950,1633 1059,1634 1059,1639 1058,1643 1057,1645 1055,1648 1052,1653 1048,1656 1045,1657 1039,1660 932,1661 921,1672 859,1671 857,1660 855,1657 855,1650 857,1646 859,1633 860,1630 861,1617 863,1614 866,1613"/>
	<TextEquiv>
	<Unicode>ξίφεσιν</Unicode></TextEquiv></Word>
	<Word id="r1138">
	<Coords points="1102,1615 1125,1634 1128,1635 1132,1638 1133,1639 1133,1642 1128,1643 1127,1659 1126,1663 1123,1664 1119,1664 1117,1663 1093,1661 1091,1660 1088,1658 1086,1655 1085,1651 1085,1647 1086,1644 1087,1642 1088,1641 1098,1623"/>
	<TextEquiv>
	<Unicode>ἐς</Unicode></TextEquiv></Word>
	<Word id="r1139">
	<Coords points="1184,1616 1189,1617 1308,1619 1316,1622 1319,1624 1323,1626 1334,1637 1425,1637 1428,1638 1430,1639 1429,1645 1426,1653 1423,1664 1422,1666 1307,1666 1294,1676 1278,1662 1172,1661 1169,1660 1167,1659 1166,1658 1165,1653 1166,1648 1167,1645 1169,1642 1181,1630"/>
	<TextEquiv>
	<Unicode>ἀλλήλους</Unicode></TextEquiv></Word>
	<Word id="r1140">
	<Coords points="1477,1619 1482,1620 1580,1620 1584,1622 1601,1639 1648,1639 1678,1640 1681,1642 1682,1654 1681,1656 1680,1660 1674,1664 1535,1665 1523,1675 1515,1681 1514,1682 1483,1681 1462,1658 1461,1656 1460,1651 1461,1646 1462,1644 1473,1633"/>
	<TextEquiv>
	<Unicode>ἐχρῶντο</Unicode></TextEquiv></Word></TextLine>
	<TextLine id="r121">
	<Coords points="341,1673 342,1674 1207,1682 1209,1683 1648,1686 1652,1688 1676,1708 1682,1709 1684,1710 1684,1712 1683,1714 1682,1733 1678,1734 1214,1736 1206,1744 890,1737 887,1727 284,1722 268,1721 267,1718 269,1712 270,1710 271,1707 272,1703 273,1700 275,1696 276,1695 319,1695"/>
	<Word id="r1141">
	<Coords points="340,1674 343,1675 344,1676 345,1679 348,1685 349,1688 352,1710 353,1714 350,1719 283,1721 267,1720 267,1717 269,1711 270,1709 271,1706 272,1702 273,1699 274,1697 275,1696 277,1695 319,1695"/>
	<TextEquiv>
	<Unicode>καὶ</Unicode></TextEquiv></Word>
	<Word id="r1142">
	<Coords points="642,1677 671,1698 678,1699 757,1699 791,1700 795,1702 810,1717 812,1718 813,1719 813,1725 649,1724 628,1723 423,1722 421,1721 418,1719 416,1711 417,1708 419,1704 425,1699 428,1698 436,1697 443,1696 573,1696 586,1683 633,1683"/>
	<TextEquiv>
	<Unicode>συνεπλέκοντο.</Unicode></TextEquiv></Word>
	<Word id="r1143">
	<Coords points="942,1680 966,1702 1027,1702 1030,1704 1032,1705 1034,1709 1030,1712 1028,1713 1026,1731 1021,1733 896,1735 891,1734 881,1720 880,1718 879,1714 880,1710 881,1707 883,1704 899,1687 900,1684 936,1684"/>
	<TextEquiv>
	<Unicode>φόνος</Unicode></TextEquiv></Word>
	<Word id="r1144">
	<Coords points="1131,1703 1136,1704 1137,1705 1137,1710 1135,1728 1131,1730 1123,1730 1093,1729 1093,1721 1085,1710 1086,1705 1087,1704 1127,1704"/>
	<TextEquiv>
	<Unicode>τε</Unicode></TextEquiv></Word>
	<Word id="r1145">
	<Coords points="1204,1682 1207,1683 1209,1684 1230,1704 1247,1705 1248,1708 1246,1714 1244,1718 1238,1724 1236,1725 1232,1728 1228,1730 1219,1731 1210,1734 1208,1740 1203,1743 1189,1722 1185,1711 1186,1708 1195,1693 1196,1686 1198,1684 1200,1683"/>
	<TextEquiv>
	<Unicode>ἦν</Unicode></TextEquiv></Word>
	<Word id="r1146">
	<Coords points="1419,1685 1447,1706 1455,1707 1459,1709 1460,1712 1458,1714 1455,1715 1454,1732 1452,1733 1445,1733 1413,1732 1303,1731 1302,1726 1296,1715 1295,1713 1296,1710 1300,1705 1355,1705 1368,1692 1370,1691 1411,1691"/>
	<TextEquiv>
	<Unicode>πολὺς</Unicode></TextEquiv></Word>
	<Word id="r1147">
	<Coords points="1524,1686 1647,1686 1653,1689 1677,1709 1682,1710 1682,1713 1679,1733 1677,1734 1642,1733 1516,1732 1514,1731 1511,1729 1509,1725 1509,1717 1510,1715 1512,1712 1514,1710 1522,1695"/>
	<TextEquiv>
	<Unicode>ἐνθάδε</Unicode></TextEquiv></Word></TextLine>
	<TextLine id="r122">
	<Coords points="335,1742 338,1744 1336,1752 1337,1754 1549,1754 1571,1776 1631,1776 1683,1777 1683,1785 1682,1788 1680,1791 1677,1795 1674,1797 1673,1799 1670,1801 1664,1804 1216,1805 1213,1806 979,1811 265,1805 265,1799 268,1790 270,1782 272,1776 273,1772 274,1769 276,1765 278,1764 312,1764 333,1743"/>
	<Word id="r1148">
	<Coords points="334,1743 346,1750 350,1751 353,1752 366,1764 501,1765 504,1781 505,1785 502,1789 481,1792 281,1793 267,1805 265,1799 268,1790 270,1782 272,1776 273,1772 274,1769 276,1765 278,1764 312,1764"/>
	<TextEquiv>
	<Unicode>μάλιστα</Unicode></TextEquiv></Word>
	<Word id="r1149">
	<Coords points="619,1747 623,1748 626,1754 627,1758 628,1761 629,1780 632,1783 631,1786 630,1788 625,1793 545,1791 545,1788 546,1785 547,1783 548,1779 549,1776 550,1772 551,1769 552,1767 554,1766 591,1765 599,1765"/>
	<TextEquiv>
	<Unicode>καὶ</Unicode></TextEquiv></Word>
	<Word id="r1150">
	<Coords points="795,1748 818,1768 855,1768 892,1769 939,1776 942,1786 940,1793 934,1796 818,1797 804,1809 800,1807 703,1807 686,1794 680,1793 680,1786 671,1773 675,1768 678,1767 773,1767"/>
	<TextEquiv>
	<Unicode>τραύματα</Unicode></TextEquiv></Word>
	<Word id="r1151">
	<Coords points="1039,1750 1063,1771 1200,1772 1220,1796 1219,1801 1216,1804 1212,1806 1064,1807 983,1809 979,1809 981,1803 982,1799 985,1790 987,1785 988,1780 989,1776 990,1773 991,1772 1007,1771 1015,1771"/>
	<TextEquiv>
	<Unicode>μέγιστα,</Unicode></TextEquiv></Word>
	<Word id="r1152">
	<Coords points="1334,1752 1340,1755 1342,1759 1343,1763 1345,1767 1347,1787 1349,1790 1348,1793 1346,1797 1344,1799 1342,1800 1341,1801 1317,1800 1262,1799 1262,1797 1263,1795 1268,1780 1269,1776 1270,1774 1286,1773 1313,1773"/>
	<TextEquiv>
	<Unicode>καὶ</Unicode></TextEquiv></Word>
	<Word id="r1153">
	<Coords points="1547,1754 1570,1776 1611,1776 1682,1781 1681,1787 1679,1790 1676,1794 1673,1796 1671,1799 1668,1801 1662,1804 1660,1803 1397,1800 1395,1796 1389,1785 1388,1781 1389,1777 1392,1775 1394,1774 1440,1773 1527,1773"/>
	<TextEquiv>
	<Unicode>πιπτόντων</Unicode></TextEquiv></Word></TextLine>
	<TextLine id="r123">
	<Coords points="358,1809 362,1812 1674,1824 1675,1826 1677,1831 1678,1834 1679,1845 1681,1846 1681,1850 1680,1851 1679,1870 1677,1871 1492,1872 1474,1885 1467,1886 1465,1887 1261,1886 1259,1885 1236,1883 734,1879 719,1864 275,1858 271,1857 269,1856 267,1853 266,1844 268,1842 271,1838 274,1835 277,1834 281,1833 333,1833 356,1810"/>
	<Word id="r1154">
	<Coords points="357,1810 382,1833 441,1833 447,1836 446,1842 443,1843 442,1859 274,1857 270,1856 268,1855 267,1853 266,1844 269,1841 272,1837 274,1835 277,1834 281,1833 333,1833"/>
	<TextEquiv>
	<Unicode>στόνος</Unicode></TextEquiv></Word>
	<Word id="r1155">
	<Coords points="562,1814 566,1817 568,1823 570,1827 573,1848 574,1854 572,1857 569,1860 525,1860 486,1859 486,1855 487,1853 489,1847 490,1845 491,1842 494,1836 496,1834 540,1834"/>
	<TextEquiv>
	<Unicode>καὶ</Unicode></TextEquiv></Word>
	<Word id="r1156">
	<Coords points="632,1815 637,1817 823,1817 844,1838 920,1838 958,1840 958,1846 956,1852 954,1856 950,1859 946,1861 943,1863 941,1864 938,1865 747,1866 734,1879 718,1863 617,1860 615,1859 613,1856 613,1851 615,1846 616,1844 628,1832 628,1816"/>
	<TextEquiv>
	<Unicode>ἀναιρούντων</Unicode></TextEquiv></Word>
	<Word id="r1157">
	<Coords points="1292,1821 1320,1841 1325,1845 1343,1864 1344,1867 1343,1870 1341,1874 1337,1876 1277,1877 1268,1885 1264,1886 1259,1885 1257,1883 1236,1882 994,1880 994,1876 995,1873 996,1869 998,1863 999,1859 1002,1850 1003,1845 1005,1841 1007,1840 1050,1839 1118,1839 1131,1826 1283,1826"/>
	<TextEquiv>
	<Unicode>μεγαλαυχία,</Unicode></TextEquiv></Word>
	<Word id="r1158">
	<Coords points="1431,1822 1453,1841 1472,1841 1474,1842 1520,1843 1523,1856 1525,1859 1525,1862 1523,1865 1518,1870 1482,1870 1481,1875 1480,1879 1466,1886 1433,1883 1371,1880 1371,1878 1372,1874 1373,1872 1374,1868 1375,1863 1376,1861 1378,1855 1380,1847 1382,1843 1409,1842"/>
	<TextEquiv>
	<Unicode>μέχρι</Unicode></TextEquiv></Word>
	<Word id="r1159">
	<Coords points="1671,1824 1674,1825 1675,1827 1677,1833 1678,1840 1679,1846 1679,1849 1678,1850 1677,1870 1676,1871 1562,1870 1559,1858 1556,1854 1556,1851 1558,1846 1561,1844 1650,1844"/>
	<TextEquiv>
	<Unicode>ποτὲ</Unicode></TextEquiv></Word></TextLine>
	<TextLine id="r124">
	<Coords points="342,1879 344,1880 545,1880 549,1882 1493,1889 1515,1911 1574,1911 1649,1913 1681,1915 1681,1921 1679,1925 1678,1928 1676,1930 1674,1931 1672,1935 1668,1937 1665,1939 1661,1941 1525,1941 1512,1953 1511,1954 1408,1951 1407,1948 682,1947 666,1931 571,1930 568,1929 304,1927 267,1926 267,1920 269,1916 272,1907 274,1903 289,1901 319,1901 340,1880"/>
	<Word id="r1160">
	<Coords points="342,1880 345,1882 346,1885 347,1887 348,1890 349,1892 351,1916 354,1919 352,1923 349,1927 303,1926 267,1923 268,1919 270,1915 273,1906 281,1903 290,1901 319,1901"/>
	<TextEquiv>
	<Unicode>καὶ</Unicode></TextEquiv></Word>
	<Word id="r1161">
	<Coords points="543,1880 549,1883 575,1903 582,1904 583,1905 583,1909 581,1928 578,1929 570,1929 567,1928 436,1927 405,1923 397,1908 399,1903 401,1902 462,1902 482,1882 484,1881 542,1881"/>
	<TextEquiv>
	<Unicode>τούσδε</Unicode></TextEquiv></Word>
	<Word id="r1162">
	<Coords points="642,1883 644,1884 738,1886 768,1888 770,1889 787,1906 854,1906 909,1907 913,1910 915,1913 915,1921 913,1925 912,1928 910,1930 908,1931 905,1932 903,1933 775,1933 761,1947 682,1947 665,1930 633,1929 629,1927 627,1924 626,1922 626,1916 627,1912 629,1910 630,1908 639,1891 640,1884"/>
	<TextEquiv>
	<Unicode>ἐτρέψαντο</Unicode></TextEquiv></Word>
	<Word id="r1163">
	<Coords points="999,1886 1001,1892 999,1900 998,1927 996,1931 994,1933 992,1934 962,1934 959,1933 956,1927 955,1923 956,1919 962,1910 964,1909 974,1908"/>
	<TextEquiv>
	<Unicode>οἱ</Unicode></TextEquiv></Word>
	<Word id="r1164">
	<Coords points="1042,1886 1046,1887 1223,1887 1227,1888 1228,1891 1230,1895 1232,1901 1233,1903 1234,1924 1236,1927 1235,1930 1229,1936 1056,1934 1056,1915 1041,1896 1039,1889 1040,1887"/>
	<TextEquiv>
	<Unicode>Ἰταλοὶ</Unicode></TextEquiv></Word>
	<Word id="r1165">
	<Coords points="1341,1889 1344,1890 1346,1894 1348,1900 1350,1904 1351,1924 1354,1927 1353,1930 1352,1932 1347,1937 1270,1935 1270,1931 1272,1927 1275,1918 1276,1916 1277,1913 1279,1911 1318,1909 1320,1909"/>
	<TextEquiv>
	<Unicode>καὶ</Unicode></TextEquiv></Word>
	<Word id="r1166">
	<Coords points="1491,1889 1514,1911 1573,1911 1592,1912 1648,1913 1650,1914 1680,1918 1679,1922 1678,1924 1677,1927 1672,1932 1671,1934 1667,1936 1665,1938 1662,1939 1524,1940 1510,1953 1507,1951 1409,1946 1400,1931 1399,1929 1398,1924 1399,1919 1400,1917 1418,1898 1419,1896 1421,1894 1486,1894"/>
	<TextEquiv>
	<Unicode>φεύγουσιν</Unicode></TextEquiv></Word></TextLine>
	<TextLine id="r125">
	<Coords points="315,1946 319,1949 1373,1956 1375,1957 1397,1979 1432,1979 1475,1980 1476,1983 1491,2001 1490,2004 1488,2007 1393,2007 1379,2020 1377,2019 953,2017 950,2015 554,2013 545,2004 478,2000 366,1996 276,1995 271,1993 267,1987 267,1980 268,1977 271,1973 275,1971 299,1948 308,1947"/>
	<Word id="r1167">
	<Coords points="315,1947 345,1969 354,1970 412,1970 469,1971 471,1972 488,1989 491,1994 490,1999 484,1998 428,1996 275,1994 272,1993 270,1992 269,1990 267,1987 267,1980 268,1977 274,1971 276,1971 306,1948"/>
	<TextEquiv>
	<Unicode>εἵποντο,</Unicode></TextEquiv></Word>
	<Word id="r1168">
	<Coords points="600,1951 624,1972 679,1972 682,1973 685,1975 685,1980 682,1981 681,1996 679,2000 675,2002 566,2003 555,2013 538,1998 528,1997 520,1995 521,1993 522,1990 523,1988 528,1973 529,1972 544,1971 577,1971"/>
	<TextEquiv>
	<Unicode>κρίσις</Unicode></TextEquiv></Word>
	<Word id="r1169">
	<Coords points="717,1974 766,1974 766,1980 765,1998 761,2000 756,2000 723,1999 723,1992 714,1980 715,1976"/>
	<TextEquiv>
	<Unicode>τε</Unicode></TextEquiv></Word>
	<Word id="r1170">
	<Coords points="811,1953 814,1954 816,1955 843,1974 852,1975 853,1977 853,1981 852,1984 851,1986 850,1989 847,1990 844,1994 840,1998 836,1999 834,2000 817,2001 815,2007 814,2012 811,2012 798,1996 799,1994 801,1974 804,1958 807,1955 810,1954"/>
	<TextEquiv>
	<Unicode>ἦν</Unicode></TextEquiv></Word>
	<Word id="r1171">
	<Coords points="1081,1955 1084,1956 1088,1964 1089,1967 1093,1975 1096,1990 1099,1994 1098,1997 1092,2003 1051,2003 1038,2016 953,2017 931,2002 923,2001 881,2000 880,1963 880,1961 1072,1961"/>
	<TextEquiv>
	<Unicode>λαμπρὰ</Unicode></TextEquiv></Word>
	<Word id="r1172">
	<Coords points="1204,1960 1208,1961 1210,1962 1213,1964 1214,1972 1215,1979 1216,1984 1215,1989 1212,1995 1210,1998 1209,2000 1207,2001 1206,2003 1202,2005 1137,2004 1136,2000 1128,1988 1127,1984 1128,1980 1131,1978 1182,1978 1200,1961"/>
	<TextEquiv>
	<Unicode>τοῦ</Unicode></TextEquiv></Word>
	<Word id="r1173">
	<Coords points="1372,1957 1396,1979 1431,1979 1474,1980 1475,1985 1490,2000 1489,2003 1487,2006 1392,2006 1378,2019 1365,2006 1249,2005 1246,1992 1244,1981 1247,1979 1298,1978 1304,1978 1317,1965 1363,1965"/>
	<TextEquiv>
	<Unicode>πολέμου.</Unicode></TextEquiv></Word></TextLine>
	<TextLine id="r126">
	<Coords points="631,2017 690,2017 1000,2024 1003,2026 1530,2027 1551,2048 1609,2048 1623,2049 1673,2050 1677,2053 1678,2058 1674,2060 1672,2077 1668,2079 1548,2080 1537,2090 1117,2088 1109,2080 829,2080 819,2070 751,2068 619,2067 617,2066 346,2063 342,2060 336,2050 337,2046 340,2042 342,2039 343,2037 347,2032 351,2021 377,2027 380,2024 383,2023 455,2022 456,2020 630,2018"/>
	<Word id="r1174">
	<Coords points="352,2023 389,2023 392,2025 393,2027 394,2046 424,2067 408,2069 393,2057 391,2061 345,2062 344,2060 336,2050 337,2047 340,2042 342,2039 343,2037 347,2032 351,2024"/>
	<TextEquiv>
	<Unicode>46.</Unicode></TextEquiv></Word>
	<Word id="r1175">
	<Coords points="548,2019 551,2021 554,2027 555,2030 557,2034 559,2054 560,2059 558,2062 556,2063 556,2065 526,2064 455,2063 456,2020 545,2020"/>
	<TextEquiv>
	<Unicode>Καὶ</Unicode></TextEquiv></Word>
	<Word id="r1176">
	<Coords points="631,2017 633,2018 634,2047 634,2057 633,2061 630,2065 618,2066 614,2064 612,2060 612,2051 614,2048 617,2044 620,2041 623,2040 624,2022 625,2019 629,2019"/>
	<TextEquiv>
	<Unicode>ὁ</Unicode></TextEquiv></Word>
	<Word id="r1177">
	<Coords points="689,2018 689,2020 690,2020 690,2021 691,2021 691,2022 692,2022 692,2023 828,2023 828,2022 828,2023 830,2023 830,2024 862,2024 862,2025 864,2025 864,2026 865,2026 865,2027 866,2027 866,2028 867,2028 867,2029 868,2029 868,2030 869,2030 869,2031 870,2031 870,2032 871,2032 871,2033 872,2033 872,2034 873,2034 873,2035 874,2035 874,2036 875,2036 875,2037 876,2037 876,2038 877,2038 877,2039 878,2039 878,2040 879,2040 879,2041 880,2041 880,2042 881,2042 881,2043 882,2043 882,2044 901,2044 901,2045 926,2045 926,2046 928,2046 928,2047 929,2047 929,2052 930,2052 927,2052 927,2053 926,2053 926,2070 925,2070 925,2072 924,2072 924,2073 894,2073 894,2074 864,2074 864,2075 834,2075 834,2076 832,2076 832,2077 830,2077 830,2078 829,2078 829,2079 829,2078 828,2078 828,2077 827,2077 827,2076 826,2076 826,2075 825,2075 825,2074 824,2074 824,2073 823,2073 823,2072 822,2072 822,2071 821,2071 821,2070 820,2070 820,2069 819,2069 819,2068 779,2068 779,2067 739,2067 739,2066 700,2066 701,2066 701,2065 702,2065 702,2063 703,2063 703,2062 704,2062 704,2061 705,2061 705,2060 706,2060 706,2059 707,2059 707,2058 708,2058 708,2057 709,2057 709,2056 710,2056 710,2055 711,2055 711,2054 712,2054 712,2051 713,2051 713,2048 714,2048 714,2046 715,2046 715,2043 716,2043 716,2041 717,2041 717,2038 718,2038 718,2034 689,2034 689,2030 688,2030 688,2027 687,2027 687,2024 686,2024 686,2020 685,2020 687,2020 687,2019 689,2019"/>
	<TextEquiv>
	<Unicode>Ἀννίβας</Unicode></TextEquiv></Word>
	<Word id="r1179">
	<Coords points="997,2024 1000,2025 1003,2027 1025,2044 1031,2045 1031,2053 1030,2058 1027,2062 1024,2065 1018,2069 1014,2071 1010,2072 1007,2071 988,2070 985,2068 983,2065 982,2063 982,2056 983,2053 995,2041 995,2025"/>
	<TextEquiv>
	<Unicode>ἐν</Unicode></TextEquiv></Word>
	<Word id="r1180">
	<Coords points="1131,2028 1135,2029 1137,2030 1140,2032 1140,2048 1141,2050 1141,2056 1140,2061 1136,2073 1135,2075 1133,2081 1132,2083 1123,2084 1122,2087 1117,2088 1097,2073 1091,2067 1083,2055 1082,2052 1085,2047 1087,2046 1110,2046 1127,2029"/>
	<TextEquiv>
	<Unicode>τῇ</Unicode></TextEquiv></Word>
	<Word id="r1181">
	<Coords points="1313,2029 1316,2030 1318,2031 1320,2033 1321,2035 1322,2049 1323,2052 1323,2059 1321,2065 1320,2069 1317,2075 1316,2081 1315,2084 1305,2085 1304,2087 1197,2082 1189,2067 1188,2065 1187,2060 1188,2055 1190,2051 1207,2033 1208,2031 1209,2030 1311,2030"/>
	<TextEquiv>
	<Unicode>φυγῇ</Unicode></TextEquiv></Word>
	<Word id="r1182">
	<Coords points="1528,2027 1550,2048 1608,2048 1622,2049 1672,2050 1675,2052 1675,2058 1672,2063 1671,2073 1669,2077 1548,2078 1535,2089 1520,2075 1404,2074 1373,2073 1369,2072 1368,2071 1367,2069 1366,2064 1367,2057 1368,2052 1371,2043 1373,2039 1377,2034 1380,2032 1384,2029 1527,2028"/>
	<TextEquiv>
	<Unicode>θεασάμενος</Unicode></TextEquiv></Word></TextLine>
	<TextLine id="r127">
	<Coords points="278,2083 282,2084 644,2087 665,2088 669,2090 1628,2095 1630,2096 1653,2119 1679,2123 1678,2129 1677,2131 1675,2134 1673,2135 1672,2137 1667,2141 1664,2143 1662,2144 1659,2145 1658,2146 1590,2146 1576,2159 1575,2160 1375,2159 1367,2151 575,2150 558,2136 555,2135 335,2133 266,2131 264,2128 264,2124 265,2120 266,2118 267,2113 268,2110 269,2108 271,2106 272,2089 274,2085"/>
	<Word id="r1183">
	<Coords points="278,2084 282,2085 395,2085 423,2107 430,2108 464,2108 464,2114 463,2117 461,2121 458,2126 453,2130 450,2131 446,2133 335,2132 265,2130 264,2128 264,2124 265,2120 266,2118 267,2113 268,2110 269,2108 271,2106 272,2088 273,2086 274,2085"/>
	<TextEquiv>
	<Unicode>ἱππέων</Unicode></TextEquiv></Word>
	<Word id="r1184">
	<Coords points="643,2087 664,2088 670,2091 688,2109 711,2109 748,2110 749,2114 748,2118 746,2122 743,2126 739,2130 736,2132 734,2133 731,2135 727,2137 591,2137 576,2150 559,2136 556,2135 554,2134 495,2133 494,2091 494,2089 642,2088"/>
	<TextEquiv>
	<Unicode>Νομάδων</Unicode></TextEquiv></Word>
	<Word id="r1185">
	<Coords points="913,2092 938,2113 974,2115 976,2119 973,2122 971,2123 970,2139 968,2143 967,2144 879,2147 871,2150 859,2138 782,2137 781,2132 775,2121 774,2119 775,2115 778,2111 803,2111 818,2096 906,2094 908,2093"/>
	<TextEquiv>
	<Unicode>πλῆθος</Unicode></TextEquiv></Word>
	<Word id="r1186">
	<Coords points="1243,2093 1268,2115 1271,2116 1275,2118 1276,2119 1293,2139 1291,2145 1285,2149 1281,2147 1261,2144 1023,2139 1020,2138 1017,2136 1016,2133 1016,2125 1017,2123 1019,2120 1021,2118 1025,2116 1028,2115 1030,2114 1060,2113 1222,2113"/>
	<TextEquiv>
	<Unicode>συνεστώς,</Unicode></TextEquiv></Word>
	<Word id="r1187">
	<Coords points="1484,2095 1627,2095 1629,2096 1656,2120 1662,2121 1666,2122 1673,2123 1677,2126 1676,2130 1674,2133 1670,2137 1665,2141 1662,2143 1658,2145 1589,2145 1575,2159 1375,2159 1359,2143 1339,2142 1336,2131 1332,2126 1332,2121 1333,2119 1334,2118 1338,2116 1463,2116"/>
	<TextEquiv>
	<Unicode>προσδραμὼν</Unicode></TextEquiv></Word></TextLine>
	<TextLine id="r128">
	<Coords points="281,2152 499,2155 501,2158 1264,2162 1411,2166 1650,2168 1653,2169 1655,2170 1673,2187 1675,2188 1678,2190 1679,2193 1677,2194 1674,2195 1672,2213 1671,2216 1518,2216 1507,2226 1505,2227 1503,2226 1502,2225 1470,2221 309,2213 279,2211 279,2210 267,2192 263,2181 280,2158"/>
	<Word id="r1188">
	<Coords points="281,2153 349,2153 370,2174 409,2175 409,2179 408,2185 406,2189 402,2195 396,2199 393,2200 338,2201 328,2202 317,2212 312,2213 306,2212 303,2211 279,2208 269,2195 268,2191 263,2182 266,2177 281,2162"/>
	<TextEquiv>
	<Unicode>ἠξίου</Unicode></TextEquiv></Word>
	<Word id="r1189">
	<Coords points="496,2155 500,2157 503,2162 506,2171 514,2186 513,2193 511,2199 510,2203 509,2206 508,2208 507,2211 506,2213 500,2213 446,2211 452,2193 455,2181 456,2178 457,2176 474,2176"/>
	<TextEquiv>
	<Unicode>μὴ</Unicode></TextEquiv></Word>
	<Word id="r1190">
	<Coords points="796,2161 801,2162 825,2179 832,2183 831,2188 830,2190 827,2194 825,2197 823,2198 822,2201 818,2203 814,2204 811,2205 608,2206 598,2214 596,2214 586,2204 560,2203 557,2190 555,2179 559,2177 645,2177 659,2163 791,2162"/>
	<TextEquiv>
	<Unicode>προλιπεῖν</Unicode></TextEquiv></Word>
	<Word id="r1191">
	<Coords points="910,2161 984,2161 1010,2182 1016,2183 1017,2187 1031,2201 1032,2205 1031,2209 1030,2211 1027,2214 1023,2216 1015,2208 867,2206 865,2205 864,2204 863,2197 864,2191 866,2187 871,2182 875,2180 891,2180"/>
	<TextEquiv>
	<Unicode>αὐτόν,</Unicode></TextEquiv></Word>
	<Word id="r1192">
	<Coords points="1135,2162 1138,2164 1140,2170 1142,2174 1145,2197 1146,2201 1143,2207 1140,2208 1138,2209 1099,2209 1077,2208 1060,2206 1061,2203 1062,2201 1063,2198 1064,2196 1066,2190 1067,2188 1068,2185 1077,2183 1086,2182 1113,2182"/>
	<TextEquiv>
	<Unicode>καὶ</Unicode></TextEquiv></Word>
	<Word id="r1193">
	<Coords points="1260,2162 1285,2184 1355,2184 1361,2187 1362,2191 1360,2193 1358,2200 1357,2210 1351,2215 1345,2211 1179,2210 1176,2197 1173,2190 1174,2188 1178,2184 1236,2184"/>
	<TextEquiv>
	<Unicode>πείσας</Unicode></TextEquiv></Word>
	<Word id="r1194">
	<Coords points="1406,2166 1412,2168 1477,2168 1481,2170 1496,2185 1549,2186 1549,2191 1548,2194 1547,2204 1544,2212 1543,2213 1512,2213 1511,2215 1510,2219 1508,2224 1501,2224 1477,2221 1474,2221 1465,2212 1420,2211 1396,2210 1393,2209 1391,2206 1390,2204 1389,2200 1390,2197 1391,2193 1393,2190 1402,2181"/>
	<TextEquiv>
	<Unicode>ἐπῆγε</Unicode></TextEquiv></Word>
	<Word id="r1195">
	<Coords points="1647,2168 1651,2169 1653,2170 1671,2187 1675,2189 1678,2192 1676,2193 1671,2194 1670,2213 1668,2215 1664,2213 1585,2212 1584,2205 1576,2195 1575,2191 1577,2188 1579,2186 1626,2186 1642,2170 1644,2169"/>
	<TextEquiv>
	<Unicode>τοῖς</Unicode></TextEquiv></Word></TextLine>
	<TextLine id="r129">
	<Coords points="275,2219 281,2221 283,2222 1536,2230 1540,2233 1603,2237 1612,2240 1614,2241 1628,2255 1659,2255 1660,2262 1673,2277 1671,2280 1669,2281 1639,2281 1607,2284 1604,2291 1602,2294 1598,2295 1592,2296 1589,2295 1585,2291 859,2291 847,2279 540,2275 494,2271 299,2269 296,2268 274,2267 268,2265 266,2264 264,2260 264,2253 266,2250 268,2246 270,2223"/>
	<Word id="r1196">
	<Coords points="275,2220 279,2221 283,2223 346,2223 366,2243 429,2243 538,2245 539,2252 553,2268 552,2272 551,2274 546,2273 493,2270 298,2268 295,2267 273,2266 267,2264 266,2263 265,2261 264,2257 265,2252 267,2248 270,2245 270,2223"/>
	<TextEquiv>
	<Unicode>διώκουσιν,</Unicode></TextEquiv></Word>
	<Word id="r1197">
	<Coords points="598,2225 706,2225 728,2247 802,2247 806,2249 807,2255 803,2256 802,2273 800,2275 798,2276 792,2275 591,2271 585,2268 583,2265 583,2256 585,2253 595,2243 595,2226 597,2226"/>
	<TextEquiv>
	<Unicode>ἐλπίσας</Unicode></TextEquiv></Word>
	<Word id="r1198">
	<Coords points="851,2227 854,2228 1154,2229 1154,2232 1153,2234 1152,2269 1151,2271 1149,2276 1143,2278 917,2279 907,2289 862,2289 858,2290 838,2269 836,2265 837,2259 838,2255 848,2245 848,2229"/>
	<TextEquiv>
	<Unicode>ἐργάσεσθαί</Unicode></TextEquiv></Word>
	<Word id="r1199">
	<Coords points="1187,2252 1226,2252 1291,2260 1294,2270 1294,2274 1293,2277 1290,2278 1191,2278 1190,2274 1182,2262 1181,2258 1182,2254 1183,2253 1186,2253"/>
	<TextEquiv>
	<Unicode>τινα</Unicode></TextEquiv></Word>
	<Word id="r1200">
	<Coords points="1535,2230 1540,2234 1602,2238 1611,2240 1613,2241 1627,2255 1658,2255 1659,2262 1659,2264 1657,2267 1677,2266 1684,2281 1664,2286 1648,2286 1638,2280 1620,2281 1606,2283 1604,2286 1603,2288 1602,2292 1599,2294 1593,2295 1569,2282 1562,2281 1329,2278 1322,2257 1326,2253 1389,2253 1403,2239 1495,2236 1499,2233 1532,2232 1534,2231"/>
	<TextEquiv>
	<Unicode>παλινδίωξιν.</Unicode></TextEquiv></Word></TextLine>
	<TextLine id="r130">
	<Coords points="368,2289 371,2291 545,2291 573,2292 896,2293 900,2296 1199,2298 1201,2299 1665,2301 1667,2305 1670,2309 1672,2315 1674,2339 1675,2343 1673,2347 1669,2349 1540,2350 1538,2353 1535,2355 1533,2356 1436,2360 1431,2364 1429,2365 1143,2365 1130,2352 306,2352 291,2337 270,2336 269,2331 264,2321 263,2318 264,2315 266,2312 268,2311 321,2310 347,2310"/>
	<Word id="r1201">
	<Coords points="368,2290 391,2312 477,2312 480,2313 484,2315 485,2318 482,2321 480,2329 479,2338 478,2340 476,2342 316,2343 306,2351 290,2336 270,2332 264,2321 263,2318 266,2312 267,2311 321,2310 347,2310"/>
	<TextEquiv>
	<Unicode>πρώτοις</Unicode></TextEquiv></Word>
	<Word id="r1202">
	<Coords points="544,2291 572,2292 574,2293 578,2301 580,2307 582,2314 583,2317 582,2319 581,2320 580,2339 577,2340 571,2340 569,2339 540,2338 538,2337 536,2334 534,2328 535,2322 536,2320 539,2317 539,2295 540,2293"/>
	<TextEquiv>
	<Unicode>δὲ</Unicode></TextEquiv></Word>
	<Word id="r1203">
	<Coords points="895,2294 921,2318 967,2318 970,2319 973,2321 974,2323 974,2327 970,2328 969,2342 967,2346 964,2348 957,2346 644,2340 635,2340 634,2296 635,2295 893,2295"/>
	<TextEquiv>
	<Unicode>Μασσυλίοις</Unicode></TextEquiv></Word>
	<Word id="r1204">
	<Coords points="1039,2298 1042,2299 1200,2299 1222,2321 1251,2321 1251,2330 1250,2332 1249,2335 1247,2338 1239,2344 1233,2346 1231,2347 1191,2348 1175,2364 1143,2364 1125,2346 1033,2345 1029,2344 1026,2342 1024,2339 1024,2330 1025,2326 1036,2315 1036,2299"/>
	<TextEquiv>
	<Unicode>ἐντυχὼν</Unicode></TextEquiv></Word>
	<Word id="r1205">
	<Coords points="1394,2300 1415,2320 1439,2321 1519,2322 1521,2323 1541,2343 1542,2345 1541,2348 1538,2350 1536,2353 1533,2355 1532,2356 1438,2357 1435,2359 1432,2362 1398,2362 1325,2360 1312,2348 1306,2346 1303,2342 1302,2337 1303,2331 1305,2327 1314,2310 1315,2301 1392,2301"/>
	<TextEquiv>
	<Unicode>ἐμάχετο,</Unicode></TextEquiv></Word>
	<Word id="r1206">
	<Coords points="1664,2301 1665,2303 1669,2309 1671,2315 1672,2341 1674,2342 1672,2346 1668,2348 1591,2348 1591,2345 1592,2341 1594,2338 1595,2334 1596,2332 1597,2329 1599,2324 1616,2322 1643,2322"/>
	<TextEquiv>
	<Unicode>καὶ</Unicode></TextEquiv></Word></TextLine>
	<TextLine id="r131">
	<Coords points="319,2356 324,2360 583,2359 898,2363 899,2365 1664,2370 1665,2372 1668,2377 1670,2383 1670,2385 1669,2400 1668,2403 1667,2407 1666,2413 1665,2417 1648,2417 1629,2418 1007,2419 996,2428 987,2420 258,2419 258,2413 259,2411 260,2405 262,2399 263,2395 265,2391 268,2382 269,2380 270,2379 295,2379 317,2357"/>
	<Word id="r1207">
	<Coords points="318,2357 343,2380 373,2380 402,2381 405,2382 408,2384 408,2388 404,2389 402,2408 272,2410 260,2419 258,2413 259,2411 260,2405 262,2399 263,2395 265,2391 268,2382 269,2380 270,2379 295,2379"/>
	<TextEquiv>
	<Unicode>μόνος</Unicode></TextEquiv></Word>
	<Word id="r1208">
	<Coords points="478,2361 484,2362 511,2381 519,2382 519,2390 518,2393 512,2401 509,2404 506,2405 504,2406 500,2407 498,2408 483,2410 481,2415 480,2418 476,2417 464,2404 463,2387 462,2384 464,2382 469,2372 470,2365 472,2362"/>
	<TextEquiv>
	<Unicode>ἦν</Unicode></TextEquiv></Word>
	<Word id="r1209">
	<Coords points="587,2360 610,2382 635,2382 637,2398 639,2400 637,2404 634,2407 630,2409 627,2410 625,2409 571,2408 569,2407 568,2406 565,2401 564,2397 565,2392 570,2385 571,2384 571,2363 583,2363"/>
	<TextEquiv>
	<Unicode>ἔτι</Unicode></TextEquiv></Word>
	<Word id="r1210">
	<Coords points="727,2362 734,2365 754,2384 820,2384 823,2385 825,2386 826,2388 825,2393 823,2394 822,2410 821,2414 817,2415 810,2413 687,2409 685,2408 683,2405 682,2402 682,2395 683,2392 684,2390 686,2387 689,2385 692,2384 700,2384 722,2363"/>
	<TextEquiv>
	<Unicode>οὗτος</Unicode></TextEquiv></Word>
	<Word id="r1211">
	<Coords points="895,2363 898,2364 898,2390 900,2394 900,2397 897,2409 895,2410 894,2412 889,2413 884,2412 880,2410 877,2406 876,2403 878,2395 885,2387 888,2386 890,2385 890,2366 891,2365"/>
	<TextEquiv>
	<Unicode>ὁ</Unicode></TextEquiv></Word>
	<Word id="r1212">
	<Coords points="964,2366 1035,2366 1057,2388 1085,2388 1086,2393 1086,2396 1085,2398 1081,2404 1077,2408 1073,2411 1068,2414 1066,2415 1008,2415 995,2427 980,2413 951,2412 948,2410 946,2407 946,2402 947,2399 949,2395 950,2394 962,2375"/>
	<TextEquiv>
	<Unicode>ἀγὼν</Unicode></TextEquiv></Word>
	<Word id="r1213">
	<Coords points="1397,2369 1419,2390 1539,2390 1540,2393 1540,2395 1539,2400 1538,2402 1537,2406 1535,2408 1533,2412 1525,2416 1191,2415 1169,2414 1128,2414 1128,2370 1396,2370"/>
	<TextEquiv>
	<Unicode>Μασσανάσσου</Unicode></TextEquiv></Word>
	<Word id="r1214">
	<Coords points="1663,2370 1665,2373 1667,2377 1668,2380 1668,2385 1667,2400 1666,2403 1665,2407 1664,2413 1664,2416 1647,2416 1628,2417 1588,2415 1589,2410 1590,2408 1591,2405 1592,2403 1595,2394 1598,2391 1642,2391"/>
	<TextEquiv>
	<Unicode>καὶ</Unicode></TextEquiv></Word></TextLine>
	<TextLine id="r132">
	<Coords points="300,2458 309,2461 316,2462 336,2462 345,2464 349,2467 351,2471 351,2481 350,2484 348,2487 345,2488 343,2489 317,2490 313,2502 303,2503 300,2502 274,2500 269,2489 262,2488 263,2483 266,2479 271,2473 277,2459 284,2459"/>
	<Word id="r1215">
	<Coords points="299,2459 304,2461 318,2463 340,2463 344,2464 347,2466 349,2469 349,2481 348,2485 346,2487 343,2488 342,2489 318,2489 302,2502 298,2500 280,2500 265,2488 263,2485 266,2479 271,2473 277,2465 278,2463 280,2461 296,2461"/>
	<TextEquiv>
	<Unicode>470</Unicode></TextEquiv></Word></TextLine></TextRegion></Page></PcGts>
