1747 2693
155 264 265 298 CAP.

169 305 228 332 VII

339 124 632 165 APPIAN'S
672 125 907 165 ROMAN
947 126 1255 179 HISTORY,
1290 127 1468 170 BOOK
1506 128 1623 168 VIII

276 244 519 302 Ἀννίβου
561 247 917 295 συνεστώτων.
968 248 1258 310 φερομένων
1298 249 1349 297 δὲ
1396 250 1482 298 καὶ
1533 250 1687 298 τῶνδε

273 314 351 359 ἐπ᾽
380 314 643 375 ἀλλήλους
677 315 772 362 ὑπὸ
802 316 1105 376 προθυμίας,
1145 317 1192 368 ἐς
1229 316 1320 378 μὲν
1357 317 1448 379 τὴν
1487 317 1684 366 ἀσπίδα

275 380 298 428 ὁ
329 383 741 443 Μασσανάσσης
782 384 1022 443 ἠκόντισε
1060 386 1260 441 βαλών,
1290 386 1312 433 ὁ
1354 387 1405 433 δὲ
1443 387 1683 443 Ἀννίβας

271 451 356 497 καὶ
393 451 508 497 τότε
544 451 698 516 ἔτυχε
738 455 827 500 τοῦ
869 453 1046 501 ἵππου.
1086 454 1170 501 καὶ
1211 454 1233 501 ὁ
1276 455 1685 515 Μασσανάσσης

272 518 506 565 ἐκπεσὼν
550 520 701 579 πεζὸς
747 520 832 568 ἐπὶ
872 521 956 568 τὸν
1001 521 1248 580 Ἀννίβαν
1293 522 1453 584 ὥρμα,
1502 522 1589 571 τόν
1634 545 1684 572 τε

271 587 624 634 ἐπελαύνοντά
674 587 720 634 οἱ
770 587 871 652 πρὸ
922 592 1024 638 τῶν
1067 590 1246 638 ἄλλων
1297 591 1456 639 ἱππέα
1502 591 1685 649 βαλὼν

271 656 583 704 ἀπέκτεινεν.
629 657 716 704 καὶ
757 660 857 704 τῶν
906 662 1106 706 λοιπῶν
1145 658 1207 706 τὰ
1253 659 1464 708 ἀκόντια
1508 662 1556 710 ἐς
1599 659 1686 710 τὸν

270 725 650 788 ἐλεφαντιστὴν
690 726 1035 789 ἐκδεχόμενος,
1076 727 1126 775 ἓν
1169 730 1270 775 τῶν
1313 728 1684 791 ἐμπεπηγότων

269 793 450 845 ἐξεῖλε,
486 793 573 841 καὶ
607 793 886 846 ἀκοντίσας
927 796 973 845 ἐς
1012 794 1098 843 τὸν
1133 793 1382 846 Ἀννίβαν
1408 797 1554 848 αὖθις
1581 798 1682 845 οὐδ᾽

271 862 334 911 ὣς
374 862 740 925 ἐπετύγχανεν,
782 863 924 910 ἀλλὰ
965 864 1050 911 τὸν
1089 864 1239 926 ἐγγὺς
1277 864 1440 913 ἱππέα
1480 865 1566 915 καὶ
1603 865 1683 915 ὅδε

270 929 581 978 ἀπέκτεινεν.
634 932 806 995 ἕτερον
850 932 889 978 δ᾽
936 932 1157 995 ἐξέλκων
1202 934 1249 985 ἐς
1294 933 1381 983 τὸν
1422 932 1682 999 βραχίονα

268 998 480 1062 ἐτρώθη,
508 999 591 1047 καὶ
624 999 959 1063 ὑπεχώρησεν
987 1001 1041 1049 ἐκ
1070 1006 1157 1064 τῆς
1183 1003 1355 1064 μάχης
1385 1002 1461 1051 ἐπ᾽
1490 1002 1680 1065 ὀλίγον.

269 1063 498 1116 Σκιπίων
549 1067 603 1116 δὲ
646 1068 931 1132 πυθόμενος
973 1070 1137 1119 ἔδεισε
1181 1072 1295 1134 περὶ
1339 1075 1407 1135 τῷ
1453 1074 1681 1119 Μασσα-

267 1136 455 1201 νάσσῃ,
503 1137 587 1184 καὶ
631 1138 679 1190 ἐς
723 1137 781 1186 τὸ
821 1138 968 1201 ἔργον
1013 1138 1268 1201 ἠπείγετο·
1317 1141 1400 1188 καὶ
1438 1140 1557 1203 ηὗρε
1597 1139 1681 1190 τὸν

269 1207 684 1265 Μασσανάσσην
728 1207 775 1259 ἐς
822 1207 912 1265 τὴν
963 1208 1137 1269 μάχην
1186 1208 1333 1260 αὖθις
1383 1208 1469 1257 ἐπὶ
1520 1208 1681 1258 ἵππου

267 1273 544 1336 φερόμενον
586 1274 773 1336 ἑτέρου,
820 1275 877 1323 τὸ
919 1279 1119 1336 τραῦμα
1171 1277 1508 1336 ἐπιδήσαντα.
1558 1278 1585 1327 ὅ
1628 1300 1679 1327 τε

268 1342 406 1402 ἀγὼν
450 1344 509 1402 ἦν
551 1344 660 1394 ἴσος
707 1344 851 1394 αὖθις
893 1344 1064 1395 αὐτοῖς
1110 1344 1195 1392 καὶ
1240 1345 1376 1392 πάνυ
1421 1344 1678 1405 καρτερός,

265 1411 575 1470 αἰδουμένων
630 1411 746 1464 τοὺς
806 1412 1133 1473 στρατηγοὺς
1194 1413 1461 1477 ἑκατέρων,
1514 1415 1603 1466 ἕως
1656 1413 1677 1462 ὁ

263 1476 509 1538 Ἀννίβας
540 1480 624 1528 ἐπί
650 1501 783 1532 τινος
809 1481 977 1541 λόφου
1006 1482 1321 1543 θεασάμενος
1351 1483 1568 1547 Ἴβηρας
1595 1483 1676 1532 καὶ

268 1548 498 1597 Κελτοὺς
550 1552 879 1600 συνεστῶτας
929 1549 1242 1611 ἐξίππευσεν
1293 1552 1355 1603 ὡς
1417 1549 1676 1601 κἀκείνους

266 1616 487 1678 ἐπάξων.
532 1616 646 1664 τότε
685 1617 784 1680 γὰρ
830 1617 878 1666 οἱ
917 1617 1220 1682 μαχόμενοι,
1261 1623 1349 1680 τῆς
1383 1619 1474 1682 μὲν
1512 1618 1676 1673 αἰτίας

265 1685 322 1731 οὐ
368 1685 639 1738 συνιέντες,
689 1686 780 1741 τὴν
830 1685 871 1733 δ᾽
917 1686 1259 1751 ἀποχώρησιν
1303 1688 1461 1736 αὐτοῦ
1509 1686 1678 1751 φυγὴν

264 1753 626 1811 ὑπολαβόντες
669 1753 814 1810 εἶναι,
860 1754 949 1802 τὸν
992 1755 1168 1815 ἀγῶνα
1211 1757 1439 1817 μεθῆκαν
1484 1755 1676 1809 ἑκόντες

262 1821 349 1867 καὶ
378 1821 568 1887 ἔφυγον
605 1822 862 1885 ἀκόσμως,
902 1824 1000 1888 οὐχ
1038 1824 1168 1887 ᾗπερ
1205 1825 1371 1885 ἑώρων
1411 1826 1675 1882 Ἀννίβαν,

263 1890 385 1937 ἀλλ᾽
412 1891 513 1952 ὅπῃ
546 1891 752 1955 τύχοιεν
781 1893 1006 1940 ἕκαστοι.
1047 1893 1135 1941 καὶ
1162 1893 1208 1941 οἱ
1232 1894 1323 1953 μὲν
1348 1894 1480 1941 οὕτω
1510 1894 1673 1942 διελύ-

264 1959 446 2018 θησαν,
485 1960 729 2019 Ῥωμαῖοι
768 1962 806 2007 δ᾽
835 1962 1036 2016 αὐτούς,
1078 1964 1141 2013 ὡς
1181 1966 1548 2023 τετελεσμένης
1587 1967 1675 2023 τῆς

259 2027 449 2090 μάχης,
479 2027 686 2075 ἐδίωκον
712 2028 964 2083 ἀτάκτως,
993 2029 1095 2076 οὐδ᾽
1122 2030 1269 2078 αὐτοὶ
1304 2035 1393 2091 τῆς
1434 2031 1673 2090 Ἀννίβου

260 2095 608 2157 προαιρέσεως
635 2096 904 2148 συνιέντες.

444 2164 507 2210 Ὁ
531 2165 567 2210 δ᾽
588 2165 796 2229 ἐπανῄει
819 2167 1175 2229 πεφραγμένος
1197 2167 1409 2228 Ἴβηρσι
1425 2168 1510 2215 καὶ
1540 2170 1670 2215 Κελ-
326 2166 410 2219 47.

259 2236 366 2281 τοῖς
400 2233 504 2280 ἀπὸ
544 2254 632 2280 του
670 2234 868 2297 λόφου.
894 2233 979 2281 καὶ
1016 2235 1037 2281 ὁ
1078 2233 1304 2284 Σκιπίων
1330 2236 1476 2288 αὖθις
1503 2237 1557 2284 ἐκ
1583 2242 1671 2297 τῆς

259 2299 475 2360 διώξεως
501 2302 617 2352 τοὺς
654 2302 937 2362 Ῥωμαίους
976 2303 1215 2352 ἀνεκάλει
1251 2304 1382 2365 μετὰ
1421 2303 1668 2365 σπουδῆς,

258 2368 342 2415 καὶ
394 2368 698 2432 παρέτασσε
747 2372 887 2418 πολὺ
947 2372 1194 2421 πλείονας
1256 2376 1356 2420 τῶν
1416 2373 1521 2420 ἀπὸ
1581 2377 1669 2420 τοῦ

256 2471 342 2510 472
