1747 2693
302 133 595 175 APPIAN'S
636 132 870 174 ROMAN
910 130 1220 185 HISTORY,
1254 130 1433 173 BOOK
1472 130 1587 171 VIII

233 260 400 321 λόφου
427 258 894 315 καταβεβηκότων·
934 256 1050 303 ὅθεν
1089 256 1258 302 αὐτῶν
1296 254 1355 302 οὐ
1392 254 1653 320 δυσχερῶς

233 326 602 389 περιεγίγνετο.
649 323 898 382 Ἀννίβας
941 323 991 372 δὲ
1033 323 1120 371 καὶ
1155 323 1312 383 τῆσδε
1350 327 1441 384 τῆς
1478 323 1652 387 πείρας

234 393 537 445 τελευταίας
561 393 832 454 γενομένης
868 391 1167 456 ἀποτυχών,
1197 392 1410 454 ἔφευγεν
1434 391 1531 451 ἤδη
1560 413 1651 440 σα-

235 467 342 527 φῶς
369 463 628 525 ἀπογνοὺς
656 463 878 509 ἅπαντα.
918 461 1005 509 καὶ
1042 460 1198 508 αὐτὸν
1238 459 1444 508 ἐδίωκον
1482 463 1654 510 ἱππεῖς

235 533 390 578 ἄλλοι
426 551 482 580 τε
520 532 714 579 πολλοὶ
753 531 840 577 καὶ
881 530 1308 583 Μασσανάσσης,
1345 528 1655 591 περιώδυνος

237 600 304 647 ὢν
355 601 410 647 ἐκ
459 603 550 648 τοῦ
601 597 906 662 τραύματος,
959 597 1039 646 ἀεί
1092 618 1147 645 τε
1195 597 1519 656 πλησιάζων,
1571 597 1656 645 καὶ

234 671 367 730 μέγα
404 670 706 731 ποιούμενος
757 668 1100 731 αἰχμάλωτον
1147 665 1397 723 Ἀννίβαν
1442 666 1655 728 ἀγαγεῖν

235 737 502 787 Σκιπίωνι.
545 736 632 785 τὸν
670 736 721 785 δὲ
758 736 850 799 νὺξ
887 735 1159 799 ἐρρύσατο,
1199 734 1285 783 καὶ
1316 733 1524 788 σκότιος
1549 732 1654 798 μετ᾽

234 808 432 854 εἴκοσιν
469 807 688 857 ἱππέων,
728 807 829 854 τῶν
867 803 1183 856 δυνηθέντων
1211 803 1305 851 σὺν
1333 803 1474 865 αὐτῷ
1501 823 1654 850 συνα-

236 874 389 923 νύσαι
435 874 522 924 τὸν
563 873 765 936 δρόμον,
811 873 860 926 ἐς
902 872 1060 921 πόλιν
1099 871 1389 935 κατέφυγεν
1427 871 1459 933 ᾗ
1499 871 1656 933 ὄνομα

238 946 371 996 Θῶν,
416 945 538 992 ἔνθα
590 941 848 1008 Βρεττίων
891 942 1017 1004 ἔγνω
1063 940 1149 988 καὶ
1198 939 1420 1004 Ἰβήρων
1464 939 1656 990 ἱππέας

235 1011 470 1062 πολλοὺς
489 1011 593 1060 ἀπὸ
615 1016 704 1073 τῆς
724 1011 879 1073 ἥττης
901 1008 1353 1073 συμπεφευγότας.
1378 1008 1551 1059 δείσας
1572 1008 1658 1056 οὖν

236 1081 352 1145 περὶ
392 1081 482 1144 μὲν
520 1084 621 1129 τῶν
663 1081 883 1143 Ἰβήρων
921 1081 985 1132 ὡς
1020 1078 1309 1141 βαρβάρων
1337 1077 1655 1141 ταχυέργων,

235 1150 353 1215 περὶ
381 1150 432 1198 δὲ
461 1149 718 1212 Βρεττίων
757 1152 820 1200 ὡς
859 1148 1079 1196 Ἰταλῶν
1107 1145 1362 1206 ὁμοεθνῶν
1389 1145 1658 1202 Σκιπίωνι,

235 1219 303 1280 μὴ
332 1220 379 1272 ἐς
408 1218 719 1280 συγγνώμην
757 1217 824 1265 ὧν
863 1216 1151 1277 ἐξήμαρτον
1189 1216 1238 1268 ἐς
1275 1214 1368 1275 τὴν
1406 1212 1654 1270 Ἰταλίαν,

236 1289 654 1352 προσαγάγωσιν
675 1286 832 1334 αὐτὸν
854 1290 924 1350 τῷ
955 1282 1224 1338 Σκιπίωνι,
1245 1282 1422 1331 λαθὼν
1445 1284 1658 1345 ἐξέφυγε

236 1355 343 1417 μεθ᾽
375 1356 480 1408 ἑνὸς
518 1354 731 1411 ἱππέως,
773 1354 810 1419 ᾧ
847 1351 1063 1418 μάλιστ᾽
1092 1351 1377 1401 ἐπίστευεν.
1418 1350 1657 1402 σταδίους

238 1424 279 1472 δ᾽
305 1425 503 1474 ἀνύσας
540 1425 587 1476 ἐς
627 1422 953 1487 τρισχιλίους
988 1421 1074 1470 δύο
1102 1419 1213 1483 νυξί
1239 1441 1294 1469 τε
1320 1419 1405 1468 καὶ
1431 1419 1657 1481 ἡμέραις,

236 1495 356 1556 ἧκεν
383 1495 431 1546 ἐς
455 1494 613 1542 πόλιν
641 1493 725 1540 ἐπὶ
753 1492 1035 1552 θαλάσσης
1072 1488 1408 1552 Ἀδρυμητόν,
1448 1488 1573 1537 ἔνθα
1612 1509 1656 1536 τι

236 1565 386 1625 μέρος
436 1562 496 1623 ἦν
545 1562 683 1624 αὐτῷ
736 1564 987 1624 στρατιᾶς
1044 1561 1453 1623 σιτοφυλακοῦν.
1516 1577 1656 1622 περι-

237 1631 457 1693 πέμπων
498 1630 537 1678 δ᾽
567 1632 615 1682 ἐς
651 1628 713 1677 τὰ
747 1628 991 1690 πλησίον,
1029 1627 1115 1675 καὶ
1144 1626 1263 1679 τοὺς
1288 1627 1342 1673 ἐκ
1370 1630 1461 1687 τῆς
1486 1626 1656 1689 μάχης

239 1697 586 1764 διαφυγόντας
608 1698 1015 1762 ἀναλαμβάνων,
1036 1696 1180 1744 ὅπλα
1201 1695 1287 1743 καὶ
1306 1694 1660 1761 μηχανήματα

238 1770 514 1833 εἰργάζετο.

235 2154 326 2218 μὲν
364 2154 610 2218 ἄχρηστα
647 2157 735 2215 τῆς
771 2152 915 2204 λείας
953 2152 1238 2213 ἐνεπιμπρη
1285 2149 1658 2212 διαζωσάμενος

236 2229 404 2284 αὐτός,
455 2229 631 2290 ὥσπερ
684 2226 899 2275 εἰώθασι
946 2223 1212 2289 Ῥωμαίων
1261 2223 1307 2274 οἱ
1356 2242 1657 2288 στρατηγοι,

235 2303 455 2369 χρυσίου
485 2303 523 2350 δ᾽
551 2304 599 2355 ἐς
634 2302 837 2364 Ῥώμην
874 2302 1112 2349 τάλαντα
1150 2299 1273 2347 δέκα
1298 2298 1384 2346 καὶ
1417 2299 1658 2363 ἀργυριου

237 2379 473 2443 δισχίλια
517 2378 604 2425 καὶ
642 2374 966 2424 πεντακόσια
1009 2374 1096 2422 καὶ
1144 2374 1408 2436 ἐλέφαντα
1451 2372 1656 2435 εἰργασ-

237 2484 326 2523 474

889 1941 1003 1983 VIII

307 2084 386 2125 48.
426 2077 655 2126 Σκιπιων
705 2075 756 2124 δε
805 2077 948 2134 νίκην
998 2075 1216 2137 ἀριστην
1267 2082 1552 2131 νενικηκως,
1596 2072 1655 2119 τὰ

122 2130 198 2158 VIII

116 2089 226 2124 CAP.

112 271 224 305 CAP.

125 312 186 340 VII
