1747 2693
129 250 235 282 CAP.

134 291 212 318 VIII

315 111 609 151 APPIAN'S
648 111 883 152 ROMAN
924 112 1230 163 HISTORY,
1265 113 1444 155 BOOK
1484 114 1599 156 VIII

247 233 395 295 μένον
421 232 507 281 καὶ
534 232 650 284 τοὺς
670 234 931 297 ἐπιφανεῖς
954 236 1051 281 τῶν
1079 232 1430 298 αἰχμαλώτων
1451 237 1662 299 ἔπεμπε,

248 302 333 350 καὶ
384 302 603 349 Λαίλιον
652 303 1034 362 ἐξαγγελοῦντα
1083 305 1202 365 περὶ
1251 307 1340 364 τῆς
1389 306 1539 363 νίκης,
1581 307 1663 355 ἐπὶ

565 370 630 419 τὰ
680 370 731 417 δὲ
779 371 943 418 λοιπὰ
1006 372 1317 431 ἀποδόμενος
1366 374 1457 433 τὴν
1517 375 1664 436 τιμὴν
248 373 370 418 νεῶν
411 409 420 419 .
463 409 472 419 .
514 410 524 426 ,

248 439 492 486 ἐπιδιεῖλε
520 442 588 502 τῷ
618 442 844 502 στρατῷ,
873 438 957 486 καὶ
997 438 1133 503 δῶρα
1160 443 1263 492 τοῖς
1290 441 1664 504 ἀριστεύσασιν

247 507 425 562 ἐδίδου,
470 508 553 555 καὶ
606 508 1021 567 Μασσανάσσην
1070 509 1357 573 ἐστεφάνου
1407 510 1493 558 καὶ
1534 510 1661 559 τότε.

247 576 334 623 καὶ
361 576 450 625 τὰς
476 576 653 626 πόλεις
680 576 835 623 ἐπιὼν
866 578 1141 641 ἐχειροῦτο.
1199 579 1255 626 τὸ
1294 579 1383 639 μὲν
1421 579 1479 639 δὴ
1520 579 1662 632 τέλος

248 649 337 706 τῆς
373 644 620 703 Ἀννίβου
647 665 700 693 τε
735 645 820 693 καὶ
859 645 1140 698 Σκιπίωνος
1181 646 1231 694 ἐν
1266 645 1439 707 Λιβύῃ
1477 648 1662 711 μάχης,

249 713 363 760 τότε
400 716 605 778 πρῶτον
644 714 897 775 ἀλλήλοις
936 716 983 765 ἐς
1020 717 1196 779 χεῖρας
1229 717 1498 771 ἐλθόντων,
1527 719 1676 765 τοῦτ᾽

246 782 323 841 ἦν,
382 782 641 831 ἀπέθανον
699 782 749 830 δὲ
805 782 1072 844 Ῥωμαίων
1128 782 1217 845 μὲν
1270 782 1523 848 δισχίλιοι
1578 787 1662 833 καὶ

247 850 597 900 πεντακόσιοι,
638 853 1053 898 Μασσανάσσου
1098 854 1136 899 δ᾽
1176 854 1248 901 ἔτι
1286 855 1536 907 πλείονες,
1579 856 1662 902 καὶ

247 922 348 965 τῶν
416 918 677 982 πολεμίων
751 919 1006 982 δισμύριοι
1079 920 1164 967 καὶ
1224 920 1660 987 πεντακισχίλιοι.

246 987 577 1053 αἰχμάλωτοι
646 987 684 1035 δ᾽
753 989 1062 1051 ἐλήφθησαν
1128 990 1513 1054 ὀκτακισχίλιοι
1578 993 1662 1040 καὶ

243 1056 595 1104 πεντακόσιοι.
682 1057 766 1105 καὶ
822 1057 1028 1119 Ἴβηρες
1099 1059 1469 1119 ηὐτομόλησαν
1536 1060 1661 1125 πρὸς

246 1121 512 1174 Σκιπίωνα
561 1127 863 1191 τριακόσιοι,
916 1128 1003 1174 καὶ
1054 1128 1288 1189 Νομάδες
1333 1130 1457 1190 πρὸς
1504 1130 1656 1177 Μασ-

245 1194 524 1254 σανάσσην
563 1193 876 1241 ὀκτακόσιοι.

314 1268 393 1308 49.
435 1263 599 1308 Οὔπω
663 1263 714 1309 δὲ
769 1263 884 1309 οὔτε
941 1264 1287 1328 Καρχηδόνιοι
1337 1264 1492 1313 τῶνδε
1548 1266 1660 1313 οὔτε

239 1329 484 1394 Ῥωμαῖοι
524 1332 816 1394 πυθόμενοι,
862 1333 908 1379 οἱ
941 1333 1031 1394 μὲν
1057 1333 1379 1381 ἐπέστελλον
1423 1334 1681 1396 Μάγωνι,

244 1401 598 1460 ξενολογοῦντι
672 1401 745 1449 ἔτι
820 1400 1064 1456 Κελτούς,
1128 1402 1378 1460 ἐσβαλεῖν
1449 1403 1497 1455 ἐς
1570 1403 1659 1463 τὴν

241 1468 489 1519 Ἰταλίαν,
540 1468 582 1517 εἰ
633 1468 852 1524 δύναιτο,
916 1469 944 1530 ἢ
998 1470 1045 1522 ἐς
1107 1470 1311 1530 Λιβύην
1371 1470 1499 1533 μετὰ
1561 1475 1659 1520 τῶν

240 1536 575 1600 μισθοφόρων
635 1541 1016 1592 καταπλεῦσαι,
1087 1539 1135 1586 οἱ
1205 1539 1271 1593 δέ,
1345 1539 1501 1588 τῶνδε
1560 1543 1659 1589 τῶν

239 1605 556 1669 γραμμάτων
591 1605 822 1655 ἁλόντων
853 1606 939 1654 καὶ
977 1607 1024 1657 ἐς
1060 1605 1261 1669 Ῥώμην
1293 1608 1655 1669 κομισθέντων,

240 1674 493 1738 στρατιὰν
544 1675 713 1735 ἄλλην
753 1676 839 1724 καὶ
889 1676 1079 1728 ἵππους
1123 1677 1208 1722 καὶ
1253 1679 1371 1728 ναῦς
1408 1678 1494 1725 καὶ
1532 1679 1655 1741 χρή-

237 1764 380 1805 ματα
418 1743 649 1805 ἔπεμπον
687 1748 756 1806 τῷ
796 1743 1059 1794 Σκιπίωνι.
1135 1744 1158 1791 ὁ
1200 1744 1249 1792 δὲ
1285 1744 1381 1806 ἤδη
1420 1749 1480 1809 τῇ
1521 1749 1656 1811 Καρ-

239 1811 417 1875 χηδόνι
445 1812 579 1859 κατὰ
616 1812 706 1873 μὲν
744 1812 835 1873 τὴν
873 1817 968 1872 γῆν
1006 1812 1297 1872 ἐπέπεμπεν
1335 1812 1655 1870 Ὀκτάουιον,

239 1883 351 1929 ταῖς
380 1881 430 1927 δὲ
459 1881 641 1929 ναυσὶν
672 1881 825 1930 αὐτὸς
853 1881 1080 1929 ἐπέπλει.
1132 1882 1217 1929 καὶ
1245 1882 1288 1930 οἱ
1312 1882 1655 1947 Καρχηδόνιοι

239 1948 331 2010 τὴν
391 1949 565 2009 ἧσσαν
614 1949 857 2009 Ἀννίβου
920 1951 1212 2012 πυθόμενοι,
1264 1952 1513 2012 πρέσβεις
1575 1953 1656 2000 ἐπὶ

240 2017 480 2078 κελητίου
520 2018 893 2079 προσέπεμπον
930 2022 998 2080 τῷ
1041 2020 1303 2075 Σκιπίωνι,
1333 2022 1401 2067 ὧν
1438 2023 1654 2081 ἡγοῦντο

229 2086 429 2133 Ἄννων
468 2107 522 2133 τε
559 2086 582 2134 ὁ
621 2087 778 2149 μέγας
828 2087 1098 2149 λεγόμενος
1138 2088 1225 2135 καὶ
1265 2088 1593 2150 Ἀσδρούβας
1631 2089 1651 2136 ὁ

237 2154 424 2218 ἔριφος·
466 2155 513 2202 οἳ
540 2155 595 2204 τὸ
631 2155 897 2218 κηρύκειον
933 2156 1142 2219 ὑψηλὸν
1178 2157 1409 2217 ἔστησαν
1447 2158 1531 2204 ἐπὶ
1569 2163 1655 2220 τῆς

236 2223 461 2287 πρᾴρας,
491 2223 577 2272 καὶ
616 2224 705 2277 τὰς
744 2228 918 2286 χεῖρας
958 2225 1147 2286 ὤρεγον
1186 2225 1234 2275 ἐς
1271 2226 1358 2272 τὸν
1393 2226 1652 2275 Σκιπίωνα

235 2291 415 2337 ἱκετῶν
465 2293 672 2356 τρόπον.
748 2293 770 2341 ὁ
812 2294 862 2340 δὲ
901 2294 1088 2344 αὐτοὺς
1126 2295 1395 2341 ἐκέλευσεν
1431 2296 1569 2348 ἥκειν
1607 2296 1653 2345 ἐς

235 2359 290 2406 τὸ
319 2360 675 2425 στρατόπεδον
702 2361 789 2409 καὶ
815 2361 1056 2408 ἐλθοῦσιν
1086 2360 1162 2425 ἐφ᾽
1187 2362 1398 2426 ὑψηλοῦ
1426 2364 1651 2427 προκαθ-

233 2452 323 2502 476
