1747 2693
106 255 217 290 CAP.

116 296 193 322 VIII

290 115 584 157 APPIAN'S
624 113 859 156 ROMAN
901 113 1207 165 HISTORY,
1245 113 1421 155 BOOK
1463 113 1578 156 VIII

228 239 405 301 ήμενος
433 237 788 303 ἐχρημάτιζεν.
863 236 909 284 οἱ
949 236 998 284 δὲ
1033 235 1140 299 μετ᾽
1181 238 1401 299 οἰμωγῆς
1441 238 1644 291 ἑαυτοὺς

227 316 498 379 ἐρρίπτουν
543 314 590 366 ἐς
629 313 684 360 τὸ
726 312 928 376 ἔδαφος,
973 313 1059 360 καὶ
1097 315 1197 360 τῶν
1237 313 1499 376 ὑπηρετῶν
1543 316 1645 363 ἀνι-

227 390 464 437 στάντων
524 389 610 435 καὶ
669 388 839 447 λέγειν
899 385 1213 435 κελευόντων
1261 387 1286 434 ὅ
1336 409 1383 435 τι
1435 387 1644 445 θέλοιεν,

224 462 557 526 Ἀσδρούβας
585 461 608 510 ὁ
637 462 807 526 ἔριφος
833 462 990 511 εἶπεν·
1066 467 1145 511 50.
1187 462 1346 524 “ἐμοὶ
1372 462 1460 523 μὲν
1487 464 1643 523 ἔστιν,

227 538 265 587 ὦ
300 538 560 590 Ῥωμαῖοι,
602 538 685 586 καὶ
720 537 936 584 Ἄννωνι
975 537 1117 597 τῷδε,
1156 537 1244 585 καὶ
1282 538 1395 587 ὅσοι
1435 542 1644 604 Καρχη-

226 612 404 662 δονίων
466 613 725 676 ἔμφρονες,
776 613 1078 676 καθαρεύειν
1137 614 1518 676 ἁμαρτημάτων
1579 615 1645 665 ὧν

224 689 343 750 ἡμῖν
404 689 720 736 ἐπικαλεῖτε·
767 687 884 739 τοὺς
944 687 1041 748 γὰρ
1091 688 1342 749 πρέσβεις
1398 690 1549 749 ὑμῶν,
1599 692 1644 742 ἐς

225 765 309 815 οὓς
337 765 622 826 ἐξήμαρτεν
660 764 689 824 ἡ
731 762 917 825 πατρὶς
945 762 1146 811 ἄκουσα
1177 764 1274 811 ὑπὸ
1310 768 1479 827 λιμοῦ,
1506 786 1644 829 περι-

224 838 478 900 εσώζομεν
505 836 590 885 καὶ
618 836 744 900 πρὸς
774 837 901 899 ὑμᾶς
936 837 1244 900 ἐπέμπομεν.
1319 839 1420 902 χρὴ
1449 839 1490 886 δ᾽
1521 842 1643 902 ὑμᾶς

222 913 349 975 μηδὲ
401 911 774 976 Καρχηδονίων
811 912 1262 973 καταγιγνώσκειν
1299 914 1560 968 ἁπάντων,
1602 918 1646 964 οἵ

224 1003 282 1043 γε
309 981 401 1041 τὴν
428 981 627 1042 εἰρήνην
654 981 741 1028 καὶ
766 979 1016 1041 πρότερον
1049 981 1248 1039 ᾔτησαν
1276 983 1363 1029 καὶ
1389 983 1641 1037 λαβόντες

223 1049 500 1114 προθύμως
553 1049 763 1112 ὤμνυον.
839 1048 939 1096 εἰσὶ
991 1049 1029 1095 δ᾽
1094 1050 1148 1096 αἱ
1197 1051 1378 1101 πόλεις
1439 1052 1522 1100 ἐπὶ
1587 1053 1643 1101 τὸ

223 1123 398 1184 χεῖρον
460 1116 875 1181 εὐεπίστρεπτοι,
928 1117 1013 1165 καὶ
1078 1116 1135 1166 τὸ
1185 1119 1313 1183 πρὸς
1360 1120 1515 1183 χάριν
1566 1122 1642 1170 ἀεὶ

225 1187 369 1251 παρὰ
431 1191 536 1238 τοῖς
596 1187 857 1248 πλήθεσιν
918 1187 1202 1246 ἐπικρατεῖ.
1277 1187 1307 1234 ἃ
1369 1188 1454 1236 καὶ
1505 1191 1643 1249 ἡμεῖς

225 1257 498 1318 ἐπάθομεν,
550 1256 666 1303 οὔτε
727 1258 908 1302 πεῖσαι
971 1253 1268 1313 δυνηθέντες
1330 1256 1387 1304 τὸ
1440 1259 1639 1319 πλῆθος

226 1323 329 1371 οὔτ᾽
382 1325 623 1388 ἐπισχεῖν
673 1322 753 1371 διὰ
804 1322 919 1375 τοὺς
971 1324 1073 1371 ἐκεῖ
1109 1323 1200 1382 μὲν
1250 1324 1640 1381 διαβάλλοντας

225 1395 368 1451 ἡμᾶς,
397 1393 543 1455 παρὰ
571 1391 622 1439 δὲ
663 1392 780 1450 ὑμῖν
806 1391 898 1451 τὴν
937 1392 1237 1452 παρρησίαν
1276 1394 1654 1457 ἀφῃρημένους.

224 1462 291 1520 μὴ
321 1460 380 1520 δὴ
408 1460 511 1509 ἀπὸ
552 1465 639 1520 τῆς
680 1459 922 1520 ὑμετέρας
954 1460 1240 1511 εὐπειθείας
1278 1462 1308 1520 ἢ
1347 1462 1646 1520 εὐβουλίας,

225 1529 263 1578 ὦ
289 1529 551 1587 Ῥωμαῖοι,
580 1529 644 1576 τὰ
684 1529 808 1590 παρ᾽
836 1529 953 1588 ἡμῖν
984 1530 1195 1587 κρίνετε,
1226 1530 1348 1577 ἀλλ᾽
1375 1532 1423 1580 εἴ
1447 1553 1516 1596 τῳ
1555 1534 1641 1579 καὶ

224 1598 282 1646 τὸ
332 1599 611 1659 πεισθῆναι
672 1600 776 1649 τοῖς
826 1595 1187 1659 ἐπιτρίβουσιν
1236 1597 1463 1659 ἀδίκημα
1512 1600 1641 1648 εἶναι

225 1667 377 1718 δοκεῖ,
430 1666 516 1714 τὸν
567 1663 719 1725 λιμὸν
769 1663 1022 1721 ἐπίδεσθε,
1069 1667 1154 1714 καὶ
1207 1667 1297 1728 τὴν
1337 1668 1567 1729 ἀνάγκην
1612 1670 1636 1728 ἣ

222 1734 431 1797 γέγονεν
472 1735 589 1797 ἡμῖν
630 1733 728 1783 ὑπὸ
778 1737 868 1782 τοῦ
908 1733 1122 1784 πάθους.
1199 1736 1256 1784 οὐ
1299 1737 1397 1797 γὰρ
1437 1737 1495 1796 δὴ
1544 1743 1641 1786 τῶν

223 1804 393 1851 αὐτῶν
434 1804 582 1867 ἔργον
627 1802 861 1850 ἑκούσιον
909 1802 969 1862 ἦν
1009 1803 1125 1867 ἄρτι
1165 1804 1255 1864 μὲν
1294 1805 1408 1869 περὶ
1448 1805 1640 1869 εἰρήνης

222 1876 570 1934 παρακαλεῖν,
612 1873 698 1918 καὶ
742 1870 992 1934 χρήματα
1030 1875 1263 1919 τοσαῦτα
1304 1874 1514 1929 διδόναι,
1555 1876 1639 1924 καὶ

223 1943 325 1988 τῶν
353 1943 472 1989 νεῶν
500 1943 598 1987 τῶν
629 1941 841 2002 μακρῶν
878 1940 1019 1999 πλὴν
1059 1939 1249 2001 ὀλίγων
1289 1939 1638 2000 ἀφίστασθαι,

223 2009 310 2054 καὶ
354 2007 410 2054 τὸ
449 2008 588 2057 πολὺ
626 2012 714 2069 τῆς
752 2008 918 2071 ἀρχῆς
958 2007 1071 2070 ὑμῖν
1109 2007 1366 2072 παριέναι,
1399 2011 1487 2057 καὶ
1526 2013 1640 2075 περὶ

223 2076 380 2125 τῶνδε
408 2076 620 2137 ὀμνύναι
659 2096 713 2124 τε
752 2076 838 2123 καὶ
877 2075 1057 2138 ὁρκοῦν
1096 2078 1415 2141 πέμψαντας
1448 2080 1495 2129 ἐς
1519 2079 1636 2127 Ῥω-

222 2167 337 2205 μην,
383 2146 457 2192 ἔτι
503 2144 541 2192 δ᾽
576 2145 736 2193 ὄντων
777 2147 875 2192 τῶν
909 2145 1165 2207 ἡμετέρων
1203 2146 1478 2209 πρέσβεων
1515 2149 1639 2212 παρ᾽

225 2215 341 2276 ὑμῖν
368 2212 576 2265 ἑκόντας
603 2213 864 2276 ἁμαρτεῖν.
940 2215 1083 2260 ἀλλὰ
1120 2216 1358 2273 μάλιστα
1395 2218 1485 2277 μὲν
1513 2218 1640 2264 θεῶν

224 2302 300 2331 τις
327 2282 562 2340 ἔβλαψε,
590 2281 678 2329 καὶ
717 2279 740 2328 ὁ
767 2280 961 2344 χειμὼν
1000 2279 1022 2329 ὁ
1065 2281 1156 2341 τὴν
1193 2281 1386 2340 ἀγορὰν
1421 2284 1557 2338 ὑμῶν
1594 2287 1641 2337 ἐς

226 2352 543 2415 Καρχηδόνα
597 2350 926 2413 καταγαγών·
990 2349 1074 2398 ἐπὶ
1125 2350 1175 2398 δὲ
1230 2355 1300 2416 τῷ
1352 2355 1565 2415 χειμῶνι
1615 2353 1638 2401 ὁ

222 2443 311 2493 478
