1747 2693
95 264 200 298 CAP.

95 304 180 331 VIII

282 127 575 168 APPIAN'S
616 128 852 168 ROMAN
891 129 1199 181 HISTORY,
1235 130 1412 170 BOOK
1453 130 1566 169 VIII

217 249 365 314 λιμὸς
392 251 524 313 ἡμᾶς
564 249 807 314 ἀφείλετο
845 249 915 311 μὴ
954 253 1128 302 καλῶς
1168 252 1296 314 ὑπὲρ
1335 255 1433 299 τῶν
1472 254 1630 300 ἀλλο-

219 318 371 382 τρίων
432 323 709 378 φρονῆσαι,
761 321 970 366 πάντων
1019 318 1198 371 ἐνδεεῖς
1247 322 1412 371 ὄντας.
1522 323 1632 370 οὐδὲ

216 387 474 450 λογισμὸν
511 387 672 435 αἰτεῖν
697 388 839 450 ἄξιον
865 389 1010 450 παρὰ
1046 389 1278 449 πλήθους
1305 390 1633 438 ἀσυντάκτου

217 457 305 501 καὶ
343 457 674 521 ἀτυχοῦντος.

287 530 362 570 51.
404 526 470 571 Εἰ
519 524 569 573 δὲ
618 524 706 572 καὶ
749 524 807 573 ὣς
850 524 1042 574 ἀδικεῖν
1082 526 1198 586 ὑμῖν
1238 524 1498 586 δοκοῦμεν,
1543 528 1630 574 οὐκ

216 593 444 658 ἀτυχεῖν,
474 591 840 655 ὁμολογοῦμεν,
869 594 956 641 καὶ
996 594 1057 641 δι᾽
1099 594 1226 643 αὐτὸ
1265 594 1354 642 καὶ
1394 616 1631 658 παρακα-

215 665 422 724 λοῦμεν.
530 661 642 710 ἔστι
694 661 745 709 δὲ
799 664 898 709 τῶν
946 661 1036 724 μὲν
1097 661 1240 711 οὐδὲν
1301 663 1632 725 ἁμαρτόντων

216 728 563 792 δικαιολογία,
626 733 724 778 τῶν
786 730 825 776 δ᾽
887 731 1221 793 ἁμαρτόντων
1280 731 1631 795 παράκλησις.

213 799 289 862 ἐφ᾽
333 799 363 861 ᾗ
403 797 687 862 ταχύτερός
718 799 860 846 ἐστιν
898 798 921 846 ὁ
962 802 1061 847 τῶν
1087 800 1441 863 εὐτυχούντων
1476 800 1630 857 ἔλεος,

214 866 277 913 τὰ
323 866 616 930 ἀνθρώπεια
670 866 1021 930 ὑφορωμένων,
1060 867 1185 917 ὅταν
1223 869 1511 917 αἴσθωνται
1551 870 1630 917 διὰ

214 935 304 983 τὰς
355 935 638 998 αἰφνιδίους
687 936 992 997 μεταβολὰς
1031 941 1475 999 παρακαλοῦντας
1516 939 1630 988 τοὺς

213 1004 363 1069 ἐχθὲς
391 1004 583 1052 ἀδικεῖν
609 1003 928 1065 δυναμένους.
977 1005 1060 1052 οἷα
1088 1005 1176 1054 καὶ
1202 1007 1230 1066 ἡ
1262 1005 1632 1070 Καρχηδονίων

212 1075 383 1126 πόλις,
435 1073 462 1130 ἡ
510 1076 599 1133 τῆς
649 1073 850 1132 Λιβύης
899 1073 1120 1133 μεγίστη
1172 1074 1259 1122 καὶ
1298 1074 1629 1134 δυνατωτάτη

214 1142 367 1189 ναυσὶ
430 1141 515 1189 καὶ
584 1141 853 1206 χρήμασιν
926 1140 1052 1202 ὁμοῦ
1111 1143 1200 1190 καὶ
1261 1143 1484 1207 ἐλέφασι
1546 1144 1627 1191 καὶ

213 1214 424 1274 στρατῷ
498 1210 632 1273 πεζῷ
696 1231 751 1257 τε
811 1210 899 1258 καὶ
961 1210 1174 1275 ἱππικῷ,
1239 1211 1326 1259 καὶ
1388 1211 1629 1272 ὑπηκόοις

212 1283 450 1332 πολλοῖς,
531 1277 862 1329 ἑπτακοσίοις
942 1278 1111 1326 ἔτεσιν
1186 1280 1483 1337 ἀνθήσασα,
1546 1281 1629 1329 καὶ

212 1346 414 1406 Λιβύης
459 1347 635 1406 πάσης
676 1348 762 1394 καὶ
802 1348 980 1395 ἄλλων
1018 1349 1173 1395 ἐθνῶν
1213 1349 1298 1396 καὶ
1339 1350 1509 1410 νήσων
1546 1350 1630 1398 καὶ

211 1415 491 1476 θαλάσσης
536 1415 761 1476 τοσῆσδε
805 1415 1032 1477 ἄρξασα,
1077 1418 1166 1465 καὶ
1208 1418 1323 1478 ὑμῖν
1368 1419 1542 1469 αὐτοῖς
1583 1420 1628 1470 ἐς

211 1483 542 1547 ἀμφήριστον
592 1485 677 1533 ἐπὶ
720 1488 976 1532 πλεῖστον
1027 1487 1272 1540 ἐλθοῦσα,
1314 1489 1400 1533 νῦν
1453 1488 1543 1535 οὐκ
1582 1488 1629 1535 ἐν

210 1557 273 1616 τῇ
301 1554 554 1616 θαλάσσῃ
580 1552 667 1600 καὶ
706 1556 817 1605 ταῖς
845 1552 1041 1607 ναυσίν,
1070 1552 1172 1601 οὐδ᾽
1201 1554 1252 1602 ἐν
1278 1559 1383 1606 τοῖς
1409 1557 1628 1620 ἐλέφασι

212 1620 298 1669 καὶ
326 1620 519 1676 ἵπποις,
548 1620 648 1669 οὐδ᾽
676 1623 728 1670 ἐν
752 1624 856 1673 τοῖς
896 1620 1155 1678 ὑπηκόοις,
1185 1623 1251 1671 ὧν
1278 1625 1488 1671 πάντων
1516 1626 1629 1686 ὑμῖν

210 1688 522 1753 ἀφίσταται,
564 1688 655 1751 τὴν
705 1688 893 1737 ἐλπίδα
943 1694 1031 1750 τῆς
1082 1690 1356 1750 σωτηρίας,
1409 1690 1528 1739 ἀλλ᾽
1581 1693 1628 1740 ἀλλ᾽

211 1759 385 1807 αὐτοῖς
437 1759 550 1821 ὑμῖν
601 1758 708 1822 ἔχει
747 1762 851 1812 τοῖς
896 1759 1291 1822 προπεπονθόσι
1340 1763 1524 1812 κακῶς.
1597 1762 1627 1808 ἃ

210 1826 310 1891 χρὴ
341 1827 655 1890 θεωροῦντας
685 1828 827 1890 ὑμᾶς,
856 1826 941 1875 καὶ
982 1826 1073 1888 τὴν
1111 1826 1187 1875 ἐπ᾽
1217 1829 1391 1881 αὐτοῖς
1428 1828 1627 1890 νέμεσιν

211 1895 657 1955 φυλασσομένους,
707 1896 1067 1959 μετριοπαθῶς
1114 1898 1349 1959 χρῆσθαι
1399 1901 1510 1949 ταῖς
1553 1900 1627 1946 εὐ-

208 1964 466 2026 πραξίαις,
511 1964 596 2013 καὶ
637 1969 726 2025 τῆς
767 1963 1021 2027 σφετέρας
1061 1966 1246 2022 αὐτῶν,
1289 1965 1325 2013 ὦ
1368 1965 1625 2028 Ῥωμαῖοι,

206 2032 672 2094 μεγαλοφροσύνης
743 2033 829 2080 καὶ
901 2036 991 2093 τῆς
1054 2033 1427 2097 Καρχηδονίων
1499 2035 1624 2082 ποτὲ

208 2101 370 2165 ποτὲ
398 2101 518 2163 ἄξια
544 2101 821 2163 πράσσειν,
850 2101 941 2153 τάς
980 2121 1036 2149 τε
1069 2105 1159 2150 τοῦ
1186 2101 1446 2164 δαιμονίου
1472 2124 1625 2165 μετα-

207 2169 377 2224 βολὰς
417 2170 772 2234 ἀνεπιφθόνως
810 2171 860 2217 ἐν
899 2174 1012 2220 ταῖς
1038 2173 1304 2234 ἡμετέραις
1335 2175 1624 2234 συμφοραῖς

208 2237 555 2293 διατίθεσθαι,
586 2237 665 2285 ἵνα
693 2238 779 2287 καὶ
806 2237 934 2301 πρὸς
973 2239 1089 2291 τοὺς
1117 2237 1259 2289 θεοὺς
1286 2240 1624 2301 ἀναμάρτητα

208 2305 238 2367 ᾖ
276 2305 339 2353 τὰ
392 2307 607 2369 ὑμέτερα
659 2307 790 2369 ὑμῖν,
828 2306 915 2356 καὶ
965 2306 1091 2371 πρὸς
1140 2306 1440 2371 ἀνθρώπους
1490 2310 1621 2370 ἀξιέ-

208 2394 368 2421 παινα
408 2375 623 2426 πάντας.

209 2465 297 2515 480
