<?xml version="1.0" encoding="UTF-8"?>
<PcGts xmlns="http://schema.primaresearch.org/PAGE/gts/pagecontent/2013-07-15" xmlns:xsi="http://www.w3.org/2001/XMLSchema-instance" xsi:schemaLocation="http://schema.primaresearch.org/PAGE/gts/pagecontent/2013-07-15 http://schema.primaresearch.org/PAGE/gts/pagecontent/2013-07-15/pagecontent.xsd">
	<Metadata>
	<Creator></Creator>
	<Created>2014-06-03T04:03:47</Created>
	<LastChange>2014-06-09T22:31:34</LastChange></Metadata>
	<Page imageFilename="0498.jpg" imageWidth="1747" imageHeight="2693">
	<TextRegion id="r1" type="paragraph">
	<Coords points="105,250 217,252 213,352 106,350 105,305"/>
	<TextLine id="r37">
	<Coords points="128,260 128,261 193,261 193,262 195,262 195,263 196,263 196,264 198,264 198,267 199,267 199,283 207,283 207,284 208,284 208,285 209,285 209,287 208,287 208,288 207,288 207,289 206,289 206,290 205,290 205,291 124,291 124,290 121,290 121,289 119,289 119,288 118,288 118,287 117,287 117,286 116,286 116,284 115,284 115,282 114,282 114,279 113,279 113,272 114,272 114,269 115,269 115,267 116,267 116,265 117,265 117,264 118,264 118,263 119,263 119,262 121,262 121,261 126,261 126,260"/>
	<Word id="r1000">
	<Coords points="126,260 128,261 192,261 195,263 197,265 198,269 217,287 201,294 194,275 190,276 188,282 187,289 123,289 120,288 117,286 115,283 114,281 113,278 113,271 114,268 115,266 117,263 120,261 125,261"/>
	<TextEquiv>
	<Unicode>CAP.</Unicode></TextEquiv></Word></TextLine>
	<TextLine id="r38">
	<Coords points="143,300 143,301 199,301 199,326 200,326 200,327 201,327 201,328 174,328 174,329 131,329 131,327 130,327 130,325 129,325 129,322 128,322 128,319 127,319 127,317 126,317 126,314 125,314 125,311 124,311 124,309 123,309 123,306 122,306 122,305 121,305 121,304 120,304 120,300"/>
	<Word id="r1001">
	<Coords points="120,300 142,300 198,301 199,326 173,327 131,327 129,323 127,317 126,315 124,309 123,307 120,303"/>
	<TextEquiv>
	<Unicode>VIII</Unicode></TextEquiv></Word></TextLine></TextRegion>
	<TextRegion id="r2" type="paragraph">
	<Coords points="316,108 228,300 217,2535 1687,2525 1690,107 1505,100"/>
	<TextLine id="r101">
	<Coords points="442,123 1589,128 1587,139 1585,158 1590,170 1582,170 1575,169 1220,171 1219,173 1216,177 1210,180 1198,169 580,167 564,166 301,164 300,162 304,158 307,153 309,151 310,147 311,144 313,142 314,138 315,136 316,133 317,131 319,125 362,124 441,124"/>
	<Word id="r1002">
	<Coords points="362,124 592,124 593,148 593,159 591,163 588,166 579,166 564,165 300,163 303,158 307,153 309,151 310,147 311,144 313,142 314,138 315,136 316,133 317,131 319,125 361,125"/>
	<TextEquiv>
	<Unicode>APPIAN'S</Unicode></TextEquiv></Word>
	<Word id="r1003">
	<Coords points="641,124 874,125 874,128 871,129 870,139 869,166 694,166 641,165 640,165 640,125"/>
	<TextEquiv>
	<Unicode>ROMAN</Unicode></TextEquiv></Word>
	<Word id="r1004">
	<Coords points="916,126 1063,126 1063,127 1098,127 1098,128 1132,128 1132,129 1166,129 1166,130 1200,130 1199,130 1199,132 1198,132 1198,133 1197,133 1197,134 1196,134 1196,135 1195,135 1195,137 1194,137 1194,140 1193,140 1193,160 1217,160 1217,161 1219,161 1219,162 1220,162 1220,163 1221,163 1221,167 1222,167 1221,167 1221,169 1220,169 1220,170 1219,170 1219,171 1218,171 1218,172 1217,172 1217,174 1216,174 1216,175 1215,175 1215,176 1213,176 1213,177 1211,177 1211,178 1209,178 1210,178 1210,176 1211,176 1211,172 1212,172 1212,168 1193,168 1193,167 1053,167 1053,166 914,166 915,166 915,164 916,164"/>
	<TextEquiv>
	<Unicode>HISTORY,</Unicode></TextEquiv></Word>
	<Word id="r1006">
	<Coords points="1258,127 1430,128 1432,164 1434,168 1433,169 1313,169 1263,168 1257,167"/>
	<TextEquiv>
	<Unicode>BOOK</Unicode></TextEquiv></Word>
	<Word id="r1007">
	<Coords points="1476,128 1588,128 1588,167 1589,169 1489,168 1487,164 1486,161 1485,159 1484,154 1483,151 1482,147 1479,138 1478,136 1476,130"/>
	<TextEquiv>
	<Unicode>VIII</Unicode></TextEquiv></Word></TextLine>
	<TextLine id="r102">
	<Coords points="594,245 596,246 599,248 1025,248 1054,249 1653,250 1655,251 1656,254 1652,258 1651,292 1648,298 1294,300 1280,313 1279,312 617,311 615,310 559,309 557,308 556,296 312,293 308,291 307,289 307,280 309,260 311,257 320,253 328,252 434,251 438,249 442,248 593,246"/>
	<Word id="r1008">
	<Coords points="328,252 357,253 359,254 362,256 364,259 365,262 366,274 381,290 380,293 311,292 309,291 308,290 307,285 309,279 309,260 310,258 316,255 326,253"/>
	<TextEquiv>
	<Unicode>52.</Unicode></TextEquiv></Word>
	<Word id="r1009">
	<Coords points="443,248 495,248 497,257 503,274 502,280 500,286 499,288 493,294 486,295 480,294 439,293 435,292 433,291 429,288 427,285 424,279 424,264 425,262 427,259 429,255 433,252 436,250 438,249 442,249"/>
	<TextEquiv>
	<Unicode>Οὐ</Unicode></TextEquiv></Word>
	<Word id="r1010">
	<Coords points="594,246 596,247 619,269 639,269 641,270 643,273 644,278 644,280 643,287 640,291 635,294 623,295 621,299 620,308 618,311 615,309 558,308 557,301 546,282 545,278 547,272 549,270 551,269 570,269"/>
	<TextEquiv>
	<Unicode>γὰρ</Unicode></TextEquiv></Word>
	<Word id="r1011">
	<Coords points="695,248 730,249 732,252 733,255 734,257 735,262 736,266 745,278 744,284 739,299 738,303 737,306 736,308 733,311 717,296 694,295 690,293 688,291 687,284 689,277 692,274 692,252 693,249"/>
	<TextEquiv>
	<Unicode>δὴ</Unicode></TextEquiv></Word>
	<Word id="r1012">
	<Coords points="840,248 842,249 844,253 847,262 851,269 855,274 856,276 856,285 855,287 853,293 852,297 851,299 849,305 848,309 848,311 787,310 787,306 789,300 790,296 791,293 792,289 794,283 795,279 796,277 798,271 815,271"/>
	<TextEquiv>
	<Unicode>μὴ</Unicode></TextEquiv></Word>
	<Word id="r1013">
	<Coords points="1024,249 1027,250 1057,250 1077,270 1215,270 1218,283 1222,286 1221,288 1220,291 1215,297 1214,298 910,299 898,310 896,306 897,304 898,301 899,297 902,288 903,286 905,276 906,273 907,271 908,270 1001,270 1021,250"/>
	<TextEquiv>
	<Unicode>μετάθωνται</Unicode></TextEquiv></Word>
	<Word id="r1014">
	<Coords points="1317,270 1322,272 1322,277 1321,278 1320,297 1317,298 1293,299 1279,312 1277,311 1276,308 1276,299 1266,288 1264,282 1265,276 1267,273 1271,271 1314,271"/>
	<TextEquiv>
	<Unicode>γε</Unicode></TextEquiv></Word>
	<Word id="r1015">
	<Coords points="1435,250 1439,254 1442,260 1443,263 1445,266 1447,285 1448,289 1444,297 1442,299 1362,298 1362,296 1363,293 1364,291 1365,287 1369,275 1370,273 1406,272 1412,272"/>
	<TextEquiv>
	<Unicode>καὶ</Unicode></TextEquiv></Word>
	<Word id="r1016">
	<Coords points="1532,255 1536,256 1553,272 1573,273 1573,277 1572,281 1568,289 1562,295 1558,297 1557,298 1486,298 1487,274 1491,272 1511,272 1526,257 1528,256"/>
	<TextEquiv>
	<Unicode>νῦν</Unicode></TextEquiv></Word>
	<Word id="r1017">
	<Coords points="1651,251 1655,253 1650,261 1649,271 1648,278 1647,296 1647,298 1615,297 1614,296 1613,294 1612,291 1611,287 1612,282 1613,279 1615,276 1618,274 1620,273 1623,272 1628,272"/>
	<TextEquiv>
	<Unicode>οἱ</Unicode></TextEquiv></Word></TextLine>
	<TextLine id="r103">
	<Coords points="484,320 487,321 1506,326 1527,347 1619,347 1622,349 1655,353 1654,357 1653,359 1650,363 1648,366 1644,368 1641,370 1637,374 1392,375 1383,384 358,386 327,385 312,370 280,369 264,369 237,370 239,323 252,323 264,324 266,323 480,322"/>
	<Word id="r1018">
	<Coords points="484,321 508,343 584,343 586,350 590,360 588,364 585,368 583,369 431,371 419,382 418,383 394,384 327,385 311,369 239,368 238,367 239,366 240,324 265,323 481,322"/>
	<TextEquiv>
	<Unicode>Καρχηδόνιοι</Unicode></TextEquiv></Word>
	<Word id="r1019">
	<Coords points="650,322 690,322 713,345 740,345 746,348 747,352 743,354 742,368 741,371 740,373 738,374 735,375 733,375 729,371 649,370 643,367 642,365 641,362 641,355 645,349 647,325 648,323"/>
	<TextEquiv>
	<Unicode>δέος</Unicode></TextEquiv></Word>
	<Word id="r1020">
	<Coords points="832,323 856,345 917,345 951,346 952,350 966,366 967,369 966,372 964,376 961,379 958,380 950,373 816,372 812,369 809,365 809,356 811,352 813,349 815,327 816,325 828,325"/>
	<TextEquiv>
	<Unicode>ἔστιν,</Unicode></TextEquiv></Word>
	<Word id="r1021">
	<Coords points="1058,324 1060,325 1064,333 1065,336 1064,343 1062,344 1061,365 1058,369 1023,371 1021,368 1020,366 1019,361 1019,359 1021,355 1022,352 1024,349 1027,347 1033,347"/>
	<TextEquiv>
	<Unicode>οἳ</Unicode></TextEquiv></Word>
	<Word id="r1022">
	<Coords points="1242,325 1293,325 1301,329 1323,346 1330,347 1332,350 1330,355 1328,372 1248,374 1235,384 1221,373 1124,372 1123,367 1115,354 1116,350 1117,348 1120,347 1122,346 1221,346"/>
	<TextEquiv>
	<Unicode>τοσήνδε</Unicode></TextEquiv></Word>
	<Word id="r1023">
	<Coords points="1505,326 1526,347 1618,347 1621,349 1664,348 1663,359 1662,372 1647,373 1636,374 1392,374 1381,384 1379,382 1381,376 1382,372 1383,369 1384,365 1386,359 1388,351 1389,348 1390,347 1433,346 1485,346"/>
	<TextEquiv>
	<Unicode>μετάνοιαν</Unicode></TextEquiv></Word></TextLine>
	<TextLine id="r104">
	<Coords points="308,397 1414,399 1437,422 1632,422 1634,423 1635,425 1652,443 1652,445 1651,447 1651,449 1381,450 1365,465 1362,463 473,458 460,445 236,444 236,439 237,437 238,434 241,428 242,423 244,420 260,418 287,418"/>
	<Word id="r1024">
	<Coords points="309,398 312,399 313,402 314,404 315,408 316,410 319,432 322,435 319,440 316,444 236,442 237,438 238,436 239,433 241,429 242,426 243,422 244,420 258,419 260,418 287,418"/>
	<TextEquiv>
	<Unicode>καὶ</Unicode></TextEquiv></Word>
	<Word id="r1025">
	<Coords points="383,398 389,399 420,399 439,418 516,419 516,423 515,427 512,433 507,438 504,440 502,442 498,444 489,445 481,447 480,449 479,453 478,456 475,458 459,444 376,443 373,441 372,439 372,429 376,423 377,399"/>
	<TextEquiv>
	<Unicode>δίκην</Unicode></TextEquiv></Word>
	<Word id="r1026">
	<Coords points="615,402 620,403 643,419 650,420 654,425 652,428 649,429 648,445 647,447 645,448 642,449 621,450 620,455 619,457 614,458 601,445 574,441 566,429 565,426 566,422 571,420 575,419 596,419"/>
	<TextEquiv>
	<Unicode>τῆς</Unicode></TextEquiv></Word>
	<Word id="r1027">
	<Coords points="783,398 815,421 824,424 823,429 822,432 821,434 814,441 808,445 806,446 805,447 762,447 748,459 733,446 711,441 705,430 704,428 705,425 707,422 709,421 758,421"/>
	<TextEquiv>
	<Unicode>πρὶν</Unicode></TextEquiv></Word>
	<Word id="r1028">
	<Coords points="906,399 908,400 1165,400 1186,421 1226,421 1250,422 1254,424 1255,426 1254,431 1252,432 1251,448 1250,451 1245,452 1223,453 1222,455 1221,459 1219,460 933,460 920,447 891,446 889,445 887,442 887,434 889,430 891,427 892,426 902,409 903,400 904,400"/>
	<TextEquiv>
	<Unicode>ἀγνωμοσύνης</Unicode></TextEquiv></Word>
	<Word id="r1029">
	<Coords points="1411,399 1436,422 1633,423 1653,438 1658,444 1649,451 1636,445 1633,449 1380,449 1364,464 1346,447 1328,446 1326,445 1325,442 1324,425 1324,423 1332,410 1333,403 1335,401 1408,401"/>
	<TextEquiv>
	<Unicode>ὑφίστανται.</Unicode></TextEquiv></Word></TextLine>
	<TextLine id="r105">
	<Coords points="441,470 444,471 446,472 1351,475 1353,476 1649,477 1651,499 1652,501 1652,511 1651,515 1650,518 1649,523 1648,527 1647,529 1645,535 1410,538 1377,539 1373,538 613,536 599,522 242,520 239,518 236,513 236,503 239,499 242,485 244,474 256,472 439,471"/>
	<Word id="r1030">
	<Coords points="258,472 281,494 345,494 346,502 348,512 346,518 343,519 241,519 238,517 236,513 236,503 239,499 243,485 249,474"/>
	<TextEquiv>
	<Unicode>ἔστι</Unicode></TextEquiv></Word>
	<Word id="r1031">
	<Coords points="441,471 444,472 446,473 447,475 447,479 446,483 444,485 434,487 433,511 432,514 430,517 427,518 425,519 416,519 413,518 411,515 409,511 409,508 410,502 412,499 414,474 415,472 438,472"/>
	<TextEquiv>
	<Unicode>δ᾽</Unicode></TextEquiv></Word>
	<Word id="r1032">
	<Coords points="531,473 535,474 841,474 863,496 898,496 901,497 904,499 905,501 905,505 901,506 900,521 899,523 898,526 780,527 772,535 613,536 598,521 516,519 514,518 513,517 511,511 513,505 515,503 516,501 527,490 527,474"/>
	<TextEquiv>
	<Unicode>ἀναμαρτησίας</Unicode></TextEquiv></Word>
	<Word id="r1033">
	<Coords points="1040,478 1044,479 1046,480 1063,496 1067,497 1070,499 1071,500 1071,504 1067,505 1066,522 1065,525 1062,526 1056,525 1034,522 977,520 977,512 969,503 968,501 970,499 971,497 973,496 1019,496 1034,481"/>
	<TextEquiv>
	<Unicode>τοῖς</Unicode></TextEquiv></Word>
	<Word id="r1034">
	<Coords points="1181,475 1204,496 1222,497 1222,501 1221,504 1219,508 1219,510 1210,518 1206,520 1204,522 1186,522 1149,523 1134,536 1132,535 1133,533 1135,527 1136,523 1137,520 1139,512 1140,509 1141,507 1144,498 1151,497"/>
	<TextEquiv>
	<Unicode>μὲν</Unicode></TextEquiv></Word>
	<Word id="r1035">
	<Coords points="1350,476 1356,480 1389,480 1406,497 1553,497 1554,500 1554,503 1553,506 1550,512 1543,519 1537,523 1534,524 1533,525 1422,525 1409,538 1375,538 1360,523 1292,522 1289,521 1286,519 1284,514 1284,510 1285,508 1289,503 1293,499 1298,498 1327,498"/>
	<TextEquiv>
	<Unicode>σώφροσιν</Unicode></TextEquiv></Word>
	<Word id="r1036">
	<Coords points="1646,477 1649,478 1650,499 1650,511 1649,515 1648,518 1647,523 1646,527 1645,529 1644,532 1642,535 1641,533 1630,517 1625,506 1626,504 1630,499 1640,497 1640,481"/>
	<TextEquiv>
	<Unicode>ἡ</Unicode></TextEquiv></Word></TextLine>
	<TextLine id="r106">
	<Coords points="448,545 452,547 991,548 1015,549 1455,550 1457,551 1459,554 1462,560 1463,563 1465,573 1623,573 1626,574 1630,576 1632,580 1632,585 1641,582 1657,582 1657,588 1638,588 1627,597 1623,599 1582,600 1581,603 1580,607 1579,612 1579,615 545,611 544,605 293,605 278,596 271,595 245,594 239,591 236,585 236,580 237,577 238,575 240,572 244,570 247,568 250,567 255,567 274,548 276,547 446,547"/>
	<Word id="r1037">
	<Coords points="448,546 450,547 476,568 482,575 485,586 479,593 477,594 304,595 293,604 277,595 270,594 244,593 238,590 237,588 236,585 236,580 237,577 238,575 240,572 243,570 247,568 250,567 255,567 274,548 276,547 446,547"/>
	<TextEquiv>
	<Unicode>εὐβουλία</Unicode></TextEquiv></Word>
	<Word id="r1038">
	<Coords points="748,548 751,575 765,590 765,593 764,597 763,599 762,602 743,603 742,609 550,610 545,604 536,587 535,585 534,581 535,577 536,575 555,554 556,552 558,551 743,551"/>
	<TextEquiv>
	<Unicode>φυλακή,</Unicode></TextEquiv></Word>
	<Word id="r1039">
	<Coords points="893,555 915,570 920,571 925,576 922,580 920,588 919,597 913,601 908,598 827,596 827,589 818,577 819,573 823,571 827,570 874,570 888,556"/>
	<TextEquiv>
	<Unicode>τοῖς</Unicode></TextEquiv></Word>
	<Word id="r1040">
	<Coords points="990,548 1014,549 1018,551 1019,554 1019,556 1018,559 1016,562 1005,564 1004,588 1002,591 998,595 988,596 984,594 981,590 980,588 980,583 981,581 982,578 984,576 985,552 987,550 989,549"/>
	<TextEquiv>
	<Unicode>δ᾽</Unicode></TextEquiv></Word>
	<Word id="r1041">
	<Coords points="1093,551 1098,554 1297,554 1299,555 1316,572 1359,572 1361,573 1363,587 1365,590 1363,594 1357,600 1199,600 1184,613 1179,610 1108,610 1096,598 1075,597 1072,596 1071,586 1072,583 1073,581 1074,580 1087,561 1088,553 1090,552"/>
	<TextEquiv>
	<Unicode>ἁμαρτοῦσι</Unicode></TextEquiv></Word>
	<Word id="r1042">
	<Coords points="1454,551 1458,553 1461,559 1462,562 1464,574 1466,575 1470,578 1471,582 1470,588 1468,593 1463,598 1461,599 1458,600 1455,599 1424,598 1424,588 1416,578 1417,574 1426,573 1431,573"/>
	<TextEquiv>
	<Unicode>τὸ</Unicode></TextEquiv></Word>
	<Word id="r1043">
	<Coords points="1590,573 1622,573 1625,574 1627,575 1632,579 1653,583 1654,584 1654,587 1636,587 1625,597 1623,598 1622,599 1593,599 1577,614 1562,600 1540,599 1537,587 1534,577 1535,576 1539,574 1589,574"/>
	<TextEquiv>
	<Unicode>προ-</Unicode></TextEquiv></Word></TextLine>
	<TextLine id="r107">
	<Coords points="1621,625 1647,651 1651,653 1651,659 1646,659 1645,674 1644,677 1640,679 1271,680 1262,688 1259,685 592,685 578,671 241,670 238,657 235,653 235,647 239,643 315,643 333,625 337,623"/>
	<Word id="r1044">
	<Coords points="338,624 343,625 389,625 393,627 415,644 421,648 420,653 419,655 417,658 410,665 406,668 404,669 403,670 241,665 236,654 235,650 236,646 238,644 240,643 315,643 333,625"/>
	<TextEquiv>
	<Unicode>παθεῖν</Unicode></TextEquiv></Word>
	<Word id="r1045">
	<Coords points="536,624 539,625 542,631 543,634 544,636 547,657 548,662 547,665 544,668 463,667 464,663 465,660 466,658 470,646 471,645 473,644 513,644"/>
	<TextEquiv>
	<Unicode>καὶ</Unicode></TextEquiv></Word>
	<Word id="r1046">
	<Coords points="810,627 833,645 855,645 908,646 925,663 927,664 928,667 927,670 925,671 868,673 751,674 741,684 591,683 592,679 596,667 597,663 599,657 601,649 602,646 603,645 647,644 789,644"/>
	<TextEquiv>
	<Unicode>μεταγνῶναι.</Unicode></TextEquiv></Word>
	<Word id="r1047">
	<Coords points="1256,625 1279,646 1331,646 1370,648 1375,650 1375,657 1373,665 1370,676 1367,677 1271,678 1261,687 1258,684 1003,683 1002,680 1003,676 1005,670 1007,662 1008,660 1015,639 1018,633 1020,630 1021,629 1023,628 1026,627 1254,626"/>
	<TextEquiv>
	<Unicode>βεβαιοτέρους</Unicode></TextEquiv></Word>
	<Word id="r1048">
	<Coords points="1430,647 1476,648 1476,653 1475,670 1474,672 1472,673 1468,674 1463,674 1433,673 1432,671 1432,663 1424,654 1425,651 1428,648"/>
	<TextEquiv>
	<Unicode>τε</Unicode></TextEquiv></Word>
	<Word id="r1049">
	<Coords points="1618,625 1647,652 1649,653 1647,658 1644,666 1643,676 1639,678 1634,677 1529,674 1526,673 1524,672 1522,669 1521,659 1523,655 1526,652 1530,649 1532,649 1555,626 1616,626"/>
	<TextEquiv>
	<Unicode>εἰκός</Unicode></TextEquiv></Word></TextLine>
	<TextLine id="r108">
	<Coords points="463,695 466,697 1532,702 1553,723 1600,723 1637,725 1638,728 1652,743 1653,745 1652,747 1650,750 1483,751 1469,763 1467,762 814,760 797,759 788,750 488,748 458,745 244,744 240,742 238,740 237,738 236,733 237,727 240,722 248,707 249,698 250,697 462,696"/>
	<Word id="r1050">
	<Coords points="252,697 276,718 344,724 349,735 346,741 343,744 243,743 241,742 238,740 236,736 236,732 239,723 240,722 249,705"/>
	<TextEquiv>
	<Unicode>ἐστι</Unicode></TextEquiv></Word>
	<Word id="r1051">
	<Coords points="463,696 490,718 497,719 500,720 502,721 503,722 503,727 499,728 498,744 497,747 487,746 457,744 397,743 396,738 388,724 389,720 390,719 394,718 439,718 460,697"/>
	<TextEquiv>
	<Unicode>τοὺς</Unicode></TextEquiv></Word>
	<Word id="r1052">
	<Coords points="710,699 876,699 897,720 985,720 989,721 992,723 993,725 993,729 989,730 987,749 827,751 816,760 814,759 797,759 784,746 581,745 544,744 547,720 552,719 687,719 700,706 706,701"/>
	<TextEquiv>
	<Unicode>νενουθετημένους</Unicode></TextEquiv></Word>
	<Word id="r1053">
	<Coords points="1070,700 1096,720 1125,720 1159,721 1161,735 1164,738 1163,740 1161,743 1157,747 1044,748 1040,747 1037,744 1036,742 1035,735 1036,729 1038,726 1062,701 1063,701"/>
	<TextEquiv>
	<Unicode>εἶναι</Unicode></TextEquiv></Word>
	<Word id="r1054">
	<Coords points="1255,703 1259,704 1278,722 1300,722 1300,730 1298,734 1298,736 1288,745 1282,748 1281,749 1211,748 1210,744 1201,728 1202,724 1203,723 1205,722 1233,722 1252,704"/>
	<TextEquiv>
	<Unicode>τῶν</Unicode></TextEquiv></Word>
	<Word id="r1055">
	<Coords points="1360,702 1531,702 1552,723 1599,723 1602,724 1636,725 1637,728 1651,742 1652,744 1651,746 1649,749 1481,750 1468,762 1455,750 1385,749 1346,747 1344,744 1345,735 1347,731 1349,728 1359,711 1360,703"/>
	<TextEquiv>
	<Unicode>ἀπειράτων.</Unicode></TextEquiv></Word></TextLine>
	<TextLine id="r109">
	<Coords points="427,770 430,772 1645,778 1650,785 1651,788 1653,792 1654,813 1657,816 1656,819 1655,821 1650,826 1440,827 1430,837 737,838 702,836 441,834 427,820 271,819 241,818 238,816 236,813 235,811 235,807 236,802 237,799 239,796 243,794 245,792 258,792 278,772 328,771 426,771"/>
	<Word id="r1056">
	<Coords points="331,771 335,773 336,778 335,782 334,784 328,786 322,787 321,807 317,815 270,818 240,817 238,816 236,813 235,811 235,807 236,802 237,799 239,796 243,794 245,792 258,792 278,772 328,772"/>
	<TextEquiv>
	<Unicode>οὐδ᾽</Unicode></TextEquiv></Word>
	<Word id="r1057">
	<Coords points="427,771 431,774 454,777 463,780 476,793 478,794 542,795 542,800 541,803 540,805 539,808 532,815 529,817 527,819 523,820 520,821 463,822 446,834 426,819 401,817 399,806 400,803 402,800 407,794 411,773 424,773"/>
	<TextEquiv>
	<Unicode>ἄξιον</Unicode></TextEquiv></Word>
	<Word id="r1058">
	<Coords points="825,774 831,775 920,775 940,795 983,795 988,796 992,798 993,804 989,805 988,823 986,825 984,826 801,830 771,835 735,836 703,836 688,821 617,820 616,819 617,818 617,776 619,775 820,775"/>
	<TextEquiv>
	<Unicode>Καρχηδονίοις</Unicode></TextEquiv></Word>
	<Word id="r1059">
	<Coords points="1084,776 1089,778 1157,778 1161,779 1183,796 1191,797 1194,798 1196,800 1197,803 1194,806 1192,823 1187,828 1112,828 1101,837 1081,823 1074,821 1072,818 1071,809 1069,800"/>
	<TextEquiv>
	<Unicode>ὑμᾶς</Unicode></TextEquiv></Word>
	<Word id="r1060">
	<Coords points="1285,777 1370,777 1390,797 1433,797 1505,799 1508,813 1509,817 1505,823 1503,824 1441,825 1429,837 1308,837 1295,824 1273,823 1271,822 1269,818 1268,814 1269,808 1270,805 1284,784"/>
	<TextEquiv>
	<Unicode>ὠμότητα</Unicode></TextEquiv></Word>
	<Word id="r1061">
	<Coords points="1643,778 1647,781 1649,784 1650,787 1653,793 1654,815 1655,816 1654,819 1651,823 1570,825 1569,823 1570,820 1571,818 1572,814 1574,810 1575,807 1576,802 1577,800 1593,799 1618,798 1622,798"/>
	<TextEquiv>
	<Unicode>καὶ</Unicode></TextEquiv></Word></TextLine>
	<TextLine id="r110">
	<Coords points="427,846 431,848 1399,852 1403,854 1624,856 1628,857 1630,858 1647,874 1650,875 1655,881 1653,884 1651,885 1650,900 1648,903 1643,905 1260,906 1250,914 1247,912 272,908 259,895 239,894 236,890 235,886 236,882 238,878 251,858 252,851 256,848 260,847 425,847"/>
	<Word id="r1062">
	<Coords points="260,847 428,847 430,848 455,869 460,870 492,870 493,875 492,879 490,883 480,893 474,896 473,897 361,897 350,908 272,908 258,894 237,892 235,889 235,885 236,881 237,879 239,877 240,875 252,857 254,849 259,848"/>
	<TextEquiv>
	<Unicode>ἁμαρτίαν</Unicode></TextEquiv></Word>
	<Word id="r1063">
	<Coords points="560,849 568,853 790,853 792,854 809,871 917,872 919,873 922,875 922,879 919,880 918,896 916,900 911,902 906,900 575,896 552,895 550,894 546,891 544,888 544,881 545,878 547,876 548,874 557,865"/>
	<TextEquiv>
	<Unicode>ἐπικαλοῦντας</Unicode></TextEquiv></Word>
	<Word id="r1064">
	<Coords points="1057,854 1062,855 1080,872 1135,878 1139,888 1138,892 1136,896 1133,897 1131,898 1007,898 981,897 981,888 973,877 974,873 975,872 1035,872 1051,856"/>
	<TextEquiv>
	<Unicode>ταῦτα</Unicode></TextEquiv></Word>
	<Word id="r1065">
	<Coords points="1397,852 1401,854 1421,873 1460,873 1462,874 1477,875 1479,877 1480,880 1479,882 1477,884 1471,885 1465,890 1458,900 1457,901 1263,901 1253,910 1249,913 1246,911 1188,910 1188,907 1192,895 1193,891 1194,889 1196,883 1198,875 1200,873 1304,872 1321,856 1323,855 1391,854 1393,853 1396,853"/>
	<TextEquiv>
	<Unicode>μιμεῖσθαι·</Unicode></TextEquiv></Word>
	<Word id="r1066">
	<Coords points="1623,857 1628,858 1630,859 1648,875 1654,880 1652,883 1649,884 1648,901 1646,903 1643,904 1641,905 1638,903 1619,902 1561,901 1560,897 1551,882 1553,876 1559,874 1602,874 1618,858"/>
	<TextEquiv>
	<Unicode>τοῖς</Unicode></TextEquiv></Word></TextLine>
	<TextLine id="r111">
	<Coords points="283,921 285,922 1433,927 1435,928 1455,948 1507,948 1527,949 1621,950 1656,952 1656,957 1655,959 1654,963 1651,966 1649,969 1647,970 1646,972 1640,976 1636,978 1518,978 1501,994 1500,995 1437,991 603,989 577,988 235,985 233,984 233,981 235,975 237,967 238,964 239,960 240,957 241,953 242,951 243,947 244,945 252,944"/>
	<Word id="r1067">
	<Coords points="283,922 285,923 308,945 324,945 324,952 322,958 320,961 315,966 309,969 306,970 253,971 237,985 233,984 233,981 235,975 237,967 238,964 239,960 240,957 241,953 242,951 243,947 244,945 259,945"/>
	<TextEquiv>
	<Unicode>μὲν</Unicode></TextEquiv></Word>
	<Word id="r1068">
	<Coords points="401,923 424,944 443,944 447,947 449,950 450,952 450,956 449,960 447,966 444,967 443,969 441,970 434,971 428,972 426,982 425,985 363,985 363,972 352,960 351,954 352,948 354,946 356,945 377,945"/>
	<TextEquiv>
	<Unicode>γὰρ</Unicode></TextEquiv></Word>
	<Word id="r1069">
	<Coords points="497,925 502,927 667,927 670,928 672,929 689,946 767,949 766,955 765,957 761,963 757,967 751,971 748,972 747,973 627,973 611,988 606,989 602,988 578,988 562,972 480,970 478,966 479,959 480,956 482,954 483,952 493,942 493,926"/>
	<TextEquiv>
	<Unicode>ἀτυχοῦσιν</Unicode></TextEquiv></Word>
	<Word id="r1070">
	<Coords points="808,925 873,925 894,946 897,947 899,948 974,952 972,958 970,962 962,970 959,972 956,973 952,974 892,975 877,989 874,988 860,974 802,973 798,971 794,965 794,958 796,954 800,949 803,930 805,928 806,926"/>
	<TextEquiv>
	<Unicode>ἑτέρων</Unicode></TextEquiv></Word>
	<Word id="r1071">
	<Coords points="1024,926 1027,927 1278,927 1305,948 1312,949 1383,949 1383,954 1382,958 1381,960 1379,965 1375,967 1374,970 1371,972 1368,973 1364,975 1224,976 1210,990 1037,989 1013,972 1004,971 1002,967 1002,965 1003,959 1005,956 1006,954 1018,936 1019,929 1020,928"/>
	<TextEquiv>
	<Unicode>ἁμαρτημάτων</Unicode></TextEquiv></Word>
	<Word id="r1072">
	<Coords points="1431,927 1433,928 1454,948 1506,948 1526,949 1620,950 1638,951 1655,954 1654,958 1653,961 1648,968 1644,972 1638,976 1637,977 1517,977 1497,994 1493,993 1438,991 1424,977 1406,975 1404,972 1403,968 1404,965 1405,961 1406,958 1409,954 1415,945 1416,936 1422,930"/>
	<TextEquiv>
	<Unicode>ἄρχουσιν</Unicode></TextEquiv></Word></TextLine>
	<TextLine id="r112">
	<Coords points="322,997 326,999 1116,999 1118,1000 1341,1001 1343,1002 1588,1003 1592,1004 1588,1026 1602,1027 1630,1027 1654,1040 1651,1045 1629,1045 1616,1049 1613,1051 1612,1052 1570,1052 1545,1053 1527,1069 1525,1068 970,1065 919,1063 426,1060 413,1047 275,1046 249,1045 244,1044 242,1043 240,1041 239,1024 238,1021 248,1006 251,998 319,998"/>
	<Word id="r1073">
	<Coords points="251,998 323,998 326,999 327,1002 328,1004 329,1007 330,1009 332,1016 335,1024 337,1025 338,1031 337,1036 334,1042 330,1046 274,1045 248,1044 243,1043 241,1042 239,1024 238,1021 248,1009 249,1004 251,1000"/>
	<TextEquiv>
	<Unicode>ὑπὸ</Unicode></TextEquiv></Word>
	<Word id="r1074">
	<Coords points="424,1003 428,1004 432,1006 453,1020 460,1021 464,1023 465,1024 465,1027 464,1029 461,1030 460,1047 458,1049 455,1050 431,1051 429,1058 426,1060 412,1046 385,1045 385,1039 377,1030 376,1026 377,1023 378,1021 381,1020 405,1020 421,1004"/>
	<TextEquiv>
	<Unicode>τῆς</Unicode></TextEquiv></Word>
	<Word id="r1075">
	<Coords points="522,999 525,1000 665,1000 685,1020 717,1020 721,1022 723,1025 724,1028 723,1030 719,1032 718,1048 717,1050 713,1052 623,1053 612,1061 597,1048 508,1046 505,1044 504,1033 506,1031 509,1026 515,1019 519,1001 520,1000"/>
	<TextEquiv>
	<Unicode>ἀπορίας</Unicode></TextEquiv></Word>
	<Word id="r1076">
	<Coords points="813,1000 816,1001 816,1003 815,1006 813,1040 810,1046 809,1047 805,1049 802,1048 771,1047 767,1046 765,1045 764,1042 764,1035 767,1029 771,1024 775,1021 789,1021"/>
	<TextEquiv>
	<Unicode>αἱ</Unicode></TextEquiv></Word>
	<Word id="r1077">
	<Coords points="1115,999 1118,1001 1119,1034 1128,1042 1131,1044 1132,1047 1131,1051 1130,1053 1126,1057 1124,1058 1123,1059 970,1064 920,1063 906,1049 859,1048 855,1046 852,1042 852,1039 853,1032 861,1024 864,1023 870,1022 966,1022 982,1006 984,1005 1110,1002 1114,1000"/>
	<TextEquiv>
	<Unicode>συμφοραί,</Unicode></TextEquiv></Word>
	<Word id="r1078">
	<Coords points="1234,1006 1238,1007 1240,1008 1257,1023 1260,1024 1266,1027 1266,1029 1265,1032 1262,1033 1261,1048 1259,1052 1253,1054 1250,1053 1228,1050 1173,1048 1173,1042 1163,1029 1165,1025 1207,1023 1213,1023 1228,1008 1230,1007"/>
	<TextEquiv>
	<Unicode>τοῖς</Unicode></TextEquiv></Word>
	<Word id="r1079">
	<Coords points="1339,1001 1343,1003 1344,1004 1345,1007 1345,1009 1344,1013 1338,1016 1332,1017 1331,1039 1330,1042 1329,1044 1328,1047 1325,1048 1321,1050 1316,1050 1311,1049 1307,1043 1308,1035 1309,1031 1311,1029 1312,1006 1313,1004 1314,1003 1336,1003"/>
	<TextEquiv>
	<Unicode>δ᾽</Unicode></TextEquiv></Word>
	<Word id="r1080">
	<Coords points="1433,1003 1436,1004 1438,1005 1440,1007 1441,1010 1443,1025 1444,1027 1444,1033 1442,1039 1441,1041 1440,1044 1437,1048 1431,1051 1401,1051 1395,1048 1392,1043 1392,1036 1393,1033 1397,1027 1400,1026 1403,1024 1407,1024 1426,1005 1429,1004"/>
	<TextEquiv>
	<Unicode>εὖ</Unicode></TextEquiv></Word>
	<Word id="r1081">
	<Coords points="1586,1003 1589,1004 1613,1027 1629,1027 1645,1039 1651,1041 1650,1043 1619,1045 1617,1047 1615,1048 1613,1050 1544,1052 1542,1053 1526,1068 1511,1053 1491,1052 1488,1041 1484,1036 1486,1030 1488,1028 1540,1026 1543,1025 1564,1025"/>
	<TextEquiv>
	<Unicode>πράσ-</Unicode></TextEquiv></Word></TextLine>
	<TextLine id="r113">
	<Coords points="726,1073 729,1074 1653,1079 1654,1088 1653,1094 1640,1094 1639,1118 1636,1124 1632,1126 1629,1127 1125,1128 1112,1141 750,1142 748,1143 744,1143 740,1140 586,1136 584,1136 567,1124 562,1123 243,1121 239,1119 238,1117 237,1106 239,1104 241,1100 244,1098 247,1097 253,1096 285,1095 474,1093 476,1074 723,1074"/>
	<Word id="r1082">
	<Coords points="286,1095 422,1096 422,1102 421,1105 419,1109 416,1114 411,1117 405,1121 242,1120 240,1119 239,1118 237,1111 238,1105 240,1102 243,1099 246,1098 254,1096 285,1096"/>
	<TextEquiv>
	<Unicode>σουσιν</Unicode></TextEquiv></Word>
	<Word id="r1083">
	<Coords points="479,1074 509,1098 514,1101 513,1104 511,1105 510,1109 507,1113 499,1116 498,1120 496,1122 473,1121 470,1120 466,1117 464,1114 464,1105 465,1103 467,1101 468,1099 476,1091 476,1075"/>
	<TextEquiv>
	<Unicode>ἐν</Unicode></TextEquiv></Word>
	<Word id="r1084">
	<Coords points="725,1074 729,1075 756,1097 762,1104 765,1115 764,1117 761,1119 759,1122 752,1123 751,1140 749,1141 739,1139 585,1135 583,1135 566,1123 559,1122 554,1117 553,1112 554,1107 557,1102 566,1093 566,1077 568,1076 592,1075 722,1075"/>
	<TextEquiv>
	<Unicode>ἐξουσίᾳ</Unicode></TextEquiv></Word>
	<Word id="r1085">
	<Coords points="842,1075 846,1077 847,1080 849,1083 850,1086 851,1088 852,1094 854,1100 857,1102 858,1106 857,1112 856,1116 855,1119 853,1121 850,1123 846,1124 841,1124 810,1123 810,1114 802,1104 803,1100 804,1098 811,1097 818,1097"/>
	<TextEquiv>
	<Unicode>τὸ</Unicode></TextEquiv></Word>
	<Word id="r1086">
	<Coords points="1040,1077 1252,1077 1278,1099 1284,1103 1283,1107 1282,1110 1281,1112 1272,1121 1269,1123 1266,1124 1264,1125 1263,1126 1125,1127 1111,1141 919,1140 919,1128 910,1118 909,1111 910,1104 928,1085 929,1082 930,1081 1036,1079 1039,1078"/>
	<TextEquiv>
	<Unicode>φιλάνθρωπόν</Unicode></TextEquiv></Word>
	<Word id="r1087">
	<Coords points="1339,1078 1341,1079 1363,1100 1462,1100 1464,1102 1465,1105 1478,1120 1479,1123 1478,1126 1331,1125 1328,1124 1325,1122 1323,1118 1323,1110 1325,1106 1335,1096 1335,1079 1337,1079"/>
	<TextEquiv>
	<Unicode>ἐστιν.</Unicode></TextEquiv></Word>
	<Word id="r1088">
	<Coords points="1626,1079 1651,1081 1652,1088 1651,1092 1638,1093 1637,1118 1634,1124 1628,1127 1555,1125 1553,1122 1553,1113 1555,1108 1557,1104 1560,1102 1562,1101 1565,1100 1577,1100 1596,1081 1598,1080 1625,1080"/>
	<TextEquiv>
	<Unicode>οὐδ᾽</Unicode></TextEquiv></Word></TextLine>
	<TextLine id="r114">
	<Coords points="410,1148 412,1149 1085,1151 1087,1152 1644,1155 1649,1162 1652,1168 1653,1191 1654,1193 1654,1196 1651,1200 1648,1202 1621,1203 1424,1204 1411,1217 1269,1217 1267,1218 1237,1218 1204,1216 831,1215 774,1213 720,1208 443,1204 424,1201 249,1198 243,1197 240,1195 237,1191 237,1182 238,1179 246,1171 251,1170 256,1170 275,1151 407,1151"/>
	<Word id="r1089">
	<Coords points="410,1149 434,1172 436,1173 439,1176 453,1195 452,1200 446,1204 436,1202 427,1201 423,1199 401,1198 248,1197 242,1196 239,1194 237,1191 237,1182 238,1179 246,1171 251,1170 256,1170 275,1151 407,1151"/>
	<TextEquiv>
	<Unicode>εὐκλεές,</Unicode></TextEquiv></Word>
	<Word id="r1090">
	<Coords points="540,1150 599,1150 604,1160 605,1163 606,1168 609,1175 607,1177 606,1198 604,1199 601,1200 599,1199 505,1197 500,1194 497,1182 498,1179 500,1176 504,1174 506,1172 518,1172"/>
	<TextEquiv>
	<Unicode>οὐδὲ</Unicode></TextEquiv></Word>
	<Word id="r1091">
	<Coords points="826,1152 850,1173 854,1174 916,1174 917,1176 917,1180 915,1186 911,1191 906,1196 903,1198 897,1199 895,1200 848,1201 832,1215 829,1213 723,1208 715,1200 663,1199 659,1198 656,1196 654,1193 654,1184 655,1182 658,1178 662,1175 665,1174 669,1173 699,1172 771,1172 787,1156 822,1154 825,1153"/>
	<TextEquiv>
	<Unicode>συμφέρον</Unicode></TextEquiv></Word>
	<Word id="r1092">
	<Coords points="971,1153 975,1154 997,1174 1001,1176 1002,1177 1002,1181 1001,1183 999,1191 998,1199 997,1201 995,1203 991,1204 985,1200 964,1199 959,1197 956,1191 956,1185 957,1182 959,1180 960,1178 969,1161"/>
	<TextEquiv>
	<Unicode>ἐς</Unicode></TextEquiv></Word>
	<Word id="r1093">
	<Coords points="1085,1152 1087,1153 1109,1174 1132,1175 1132,1177 1131,1181 1130,1184 1129,1186 1125,1191 1119,1196 1116,1198 1114,1199 1111,1200 1096,1201 1095,1204 1094,1209 1092,1213 1090,1214 1077,1201 1051,1200 1050,1199 1049,1195 1042,1184 1041,1181 1042,1177 1044,1175 1046,1174 1062,1174"/>
	<TextEquiv>
	<Unicode>τὴν</Unicode></TextEquiv></Word>
	<Word id="r1094">
	<Coords points="1188,1154 1292,1154 1314,1176 1337,1176 1337,1182 1336,1186 1332,1191 1329,1195 1327,1196 1323,1197 1322,1200 1316,1201 1300,1202 1299,1207 1298,1210 1297,1214 1296,1215 1271,1215 1268,1216 1204,1216 1182,1201 1174,1200 1171,1198 1170,1195 1170,1190 1171,1186 1172,1185 1186,1163"/>
	<TextEquiv>
	<Unicode>ἀρχὴν</Unicode></TextEquiv></Word>
	<Word id="r1095">
	<Coords points="1394,1155 1400,1159 1460,1159 1463,1160 1485,1176 1494,1180 1493,1185 1492,1187 1490,1190 1487,1194 1485,1196 1481,1199 1475,1202 1474,1203 1424,1203 1409,1216 1388,1201 1381,1197 1379,1179 1388,1164 1389,1157 1390,1156"/>
	<TextEquiv>
	<Unicode>ὑμῖν</Unicode></TextEquiv></Word>
	<Word id="r1096">
	<Coords points="1558,1155 1644,1156 1647,1160 1651,1168 1652,1192 1651,1197 1649,1200 1647,1202 1550,1202 1546,1200 1545,1198 1544,1195 1544,1189 1545,1185 1547,1183 1548,1181 1556,1173 1556,1157"/>
	<TextEquiv>
	<Unicode>ἐστὶ</Unicode></TextEquiv></Word></TextLine>
	<TextLine id="r115">
	<Coords points="299,1223 302,1224 565,1224 614,1225 618,1227 1527,1231 1554,1235 1566,1238 1580,1252 1603,1252 1637,1254 1653,1273 1652,1277 1650,1278 1566,1279 1555,1289 1549,1292 554,1287 541,1274 243,1273 240,1262 236,1257 236,1250 237,1248 239,1247 274,1247"/>
	<Word id="r1097">
	<Coords points="300,1224 313,1233 317,1234 320,1236 332,1247 391,1247 393,1251 392,1256 391,1258 388,1262 381,1269 375,1272 243,1269 237,1258 236,1254 237,1249 238,1248 240,1247 275,1247"/>
	<TextEquiv>
	<Unicode>πόλιν</Unicode></TextEquiv></Word>
	<Word id="r1098">
	<Coords points="563,1224 565,1225 613,1225 617,1227 620,1229 622,1230 643,1246 651,1248 651,1252 649,1254 648,1272 644,1273 569,1274 555,1287 540,1273 446,1272 445,1263 437,1253 438,1249 439,1248 441,1247 480,1246 540,1246 561,1225"/>
	<TextEquiv>
	<Unicode>τοσήνδε</Unicode></TextEquiv></Word>
	<Word id="r1099">
	<Coords points="788,1228 792,1229 796,1232 926,1232 929,1233 931,1234 953,1249 961,1252 960,1257 958,1261 956,1264 950,1270 944,1274 941,1275 939,1276 872,1276 858,1288 842,1276 840,1275 695,1272 696,1268 699,1259 701,1254 702,1251 711,1248 720,1247 765,1247 781,1231 784,1229"/>
	<TextEquiv>
	<Unicode>καθαιρεῖν</Unicode></TextEquiv></Word>
	<Word id="r1100">
	<Coords points="1066,1231 1072,1234 1127,1234 1129,1235 1132,1236 1134,1237 1146,1249 1213,1249 1214,1252 1214,1256 1212,1260 1211,1263 1207,1267 1203,1270 1197,1274 1195,1275 1025,1276 1010,1289 1009,1283 1010,1281 1011,1277 1012,1274 1013,1269 1015,1263 1016,1258 1018,1252 1019,1250 1021,1249 1044,1249 1063,1232"/>
	<TextEquiv>
	<Unicode>μᾶλλον</Unicode></TextEquiv></Word>
	<Word id="r1101">
	<Coords points="1280,1230 1283,1232 1287,1242 1288,1247 1291,1254 1292,1257 1291,1262 1289,1270 1286,1279 1285,1283 1283,1289 1278,1289 1265,1268 1262,1257 1272,1241 1278,1232"/>
	<TextEquiv>
	<Unicode>ἢ</Unicode></TextEquiv></Word>
	<Word id="r1102">
	<Coords points="1524,1231 1530,1235 1554,1236 1565,1238 1579,1252 1602,1252 1636,1254 1637,1257 1652,1272 1651,1275 1649,1277 1565,1278 1553,1289 1551,1290 1550,1291 1401,1291 1388,1279 1385,1278 1383,1277 1341,1276 1338,1264 1335,1258 1335,1255 1336,1252 1338,1251 1359,1250 1503,1250"/>
	<TextEquiv>
	<Unicode>περισώζειν.</Unicode></TextEquiv></Word></TextLine>
	<TextLine id="r116">
	<Coords points="340,1300 838,1301 840,1302 1384,1303 1386,1304 1407,1325 1409,1326 1592,1327 1628,1328 1635,1335 1656,1335 1656,1342 1638,1342 1633,1348 1632,1350 1630,1352 1628,1353 1627,1354 1606,1355 1604,1357 1602,1365 1601,1368 525,1363 512,1350 269,1348 241,1347 238,1345 235,1340 235,1332 237,1328 238,1327 248,1309 249,1301 339,1301"/>
	<Word id="r1103">
	<Coords points="249,1301 343,1301 344,1303 345,1306 348,1312 349,1322 351,1323 351,1327 350,1347 268,1347 240,1346 237,1344 235,1340 235,1332 237,1328 249,1316"/>
	<TextEquiv>
	<Unicode>ἐστὲ</Unicode></TextEquiv></Word>
	<Word id="r1104">
	<Coords points="402,1301 436,1301 441,1311 442,1314 444,1322 445,1328 443,1347 440,1348 402,1348 396,1345 395,1343 395,1332 396,1329 399,1326 401,1302"/>
	<TextEquiv>
	<Unicode>δὲ</Unicode></TextEquiv></Word>
	<Word id="r1105">
	<Coords points="509,1301 511,1302 612,1302 632,1322 719,1323 741,1324 744,1325 747,1327 747,1333 743,1334 742,1351 738,1353 538,1354 527,1363 503,1348 494,1347 492,1344 491,1340 492,1336 493,1333 494,1331 507,1310"/>
	<TextEquiv>
	<Unicode>ἀμείνονες</Unicode></TextEquiv></Word>
	<Word id="r1106">
	<Coords points="838,1302 840,1303 862,1324 878,1324 878,1331 876,1337 873,1340 871,1343 867,1346 863,1348 860,1351 803,1351 789,1363 787,1361 787,1359 789,1353 790,1349 791,1347 794,1338 795,1333 797,1327 798,1325 807,1324"/>
	<TextEquiv>
	<Unicode>μὲν</Unicode></TextEquiv></Word>
	<Word id="r1107">
	<Coords points="931,1304 937,1307 1023,1307 1025,1308 1028,1309 1044,1325 1047,1326 1051,1328 1052,1329 1053,1331 1053,1333 1051,1335 1049,1343 1047,1353 1045,1355 1042,1356 951,1360 944,1364 927,1351 921,1350 918,1346 916,1328 917,1326 925,1312 927,1305"/>
	<TextEquiv>
	<Unicode>ὑμεῖς</Unicode></TextEquiv></Word>
	<Word id="r1108">
	<Coords points="1150,1307 1155,1308 1158,1310 1174,1325 1196,1325 1196,1336 1194,1339 1189,1344 1184,1348 1178,1351 1175,1352 1107,1352 1106,1343 1098,1334 1097,1332 1098,1329 1100,1326 1127,1326 1145,1308"/>
	<TextEquiv>
	<Unicode>τῶν</Unicode></TextEquiv></Word>
	<Word id="r1109">
	<Coords points="1383,1303 1385,1304 1407,1326 1409,1327 1487,1327 1488,1332 1487,1336 1485,1340 1476,1349 1470,1353 1468,1354 1404,1354 1389,1367 1386,1366 1266,1366 1247,1351 1241,1350 1239,1346 1238,1330 1237,1328 1247,1313 1248,1307 1250,1305 1382,1304"/>
	<TextEquiv>
	<Unicode>ὑμετέρων</Unicode></TextEquiv></Word>
	<Word id="r1110">
	<Coords points="1571,1327 1591,1327 1627,1328 1635,1336 1654,1337 1654,1339 1646,1341 1628,1352 1619,1354 1598,1367 1580,1355 1574,1354 1534,1353 1532,1352 1529,1348 1528,1340 1531,1335 1534,1332 1536,1331 1544,1329 1568,1328 1570,1328"/>
	<TextEquiv>
	<Unicode>συμ-</Unicode></TextEquiv></Word></TextLine>
	<TextLine id="r117">
	<Coords points="692,1374 695,1375 1481,1383 1483,1384 1501,1402 1604,1402 1619,1403 1623,1404 1625,1405 1627,1411 1626,1416 1627,1416 1653,1415 1652,1421 1629,1422 1618,1427 1568,1427 1565,1428 1267,1429 1257,1439 244,1441 243,1434 234,1417 233,1415 232,1410 233,1404 235,1401 254,1381 255,1380 350,1377 691,1375"/>
	<Word id="r1111">
	<Coords points="353,1377 376,1397 408,1397 455,1398 492,1402 491,1407 489,1411 484,1417 482,1419 479,1420 477,1421 475,1423 471,1424 320,1425 305,1440 243,1433 234,1417 233,1415 232,1412 233,1406 235,1401 254,1381 255,1380 348,1380"/>
	<TextEquiv>
	<Unicode>φερόντων</Unicode></TextEquiv></Word>
	<Word id="r1112">
	<Coords points="692,1375 695,1376 695,1407 706,1417 709,1422 707,1428 706,1430 704,1431 565,1432 554,1440 536,1425 519,1424 519,1420 520,1417 521,1415 526,1400 528,1399 667,1398 689,1376"/>
	<TextEquiv>
	<Unicode>κριταί,</Unicode></TextEquiv></Word>
	<Word id="r1113">
	<Coords points="758,1378 764,1381 851,1381 855,1383 872,1399 876,1400 881,1405 878,1409 876,1425 875,1427 873,1429 871,1430 870,1431 783,1431 773,1439 770,1438 753,1437 753,1435 741,1417 738,1407 740,1403 752,1387 753,1382 754,1379 755,1379"/>
	<TextEquiv>
	<Unicode>ἡμεῖς</Unicode></TextEquiv></Word>
	<Word id="r1114">
	<Coords points="916,1378 948,1378 949,1383 944,1391 939,1392 935,1393 934,1415 933,1417 932,1420 930,1422 927,1424 922,1425 917,1425 911,1421 909,1416 909,1412 910,1408 913,1405 915,1379"/>
	<TextEquiv>
	<Unicode>δ᾽</Unicode></TextEquiv></Word>
	<Word id="r1115">
	<Coords points="1006,1379 1009,1380 1012,1382 1074,1382 1076,1383 1098,1400 1106,1403 1105,1406 1104,1410 1103,1412 1100,1416 1095,1421 1093,1422 1091,1424 1085,1426 1034,1427 1020,1439 1001,1426 995,1425 993,1422 992,1421 991,1404 991,1402 999,1390 1000,1384 1001,1381 1002,1380"/>
	<TextEquiv>
	<Unicode>ὑμῖν</Unicode></TextEquiv></Word>
	<Word id="r1116">
	<Coords points="1148,1380 1172,1401 1176,1403 1179,1407 1176,1410 1174,1411 1173,1427 1172,1429 1169,1431 1167,1432 1162,1428 1142,1427 1138,1426 1136,1425 1134,1423 1133,1421 1131,1415 1132,1410 1133,1408 1144,1397 1144,1381"/>
	<TextEquiv>
	<Unicode>ἐς</Unicode></TextEquiv></Word>
	<Word id="r1117">
	<Coords points="1251,1381 1273,1401 1297,1401 1298,1403 1298,1405 1297,1410 1296,1413 1294,1415 1293,1418 1288,1422 1283,1425 1279,1427 1262,1429 1260,1431 1258,1437 1255,1439 1244,1428 1216,1427 1215,1418 1207,1407 1208,1403 1209,1402 1211,1401 1230,1401"/>
	<TextEquiv>
	<Unicode>τὴν</Unicode></TextEquiv></Word>
	<Word id="r1118">
	<Coords points="1344,1382 1350,1383 1480,1383 1482,1384 1501,1403 1523,1403 1523,1410 1522,1413 1516,1421 1512,1424 1509,1426 1507,1427 1337,1427 1333,1425 1332,1424 1330,1420 1329,1417 1330,1412 1332,1408 1334,1405 1338,1401 1338,1384 1339,1383"/>
	<TextEquiv>
	<Unicode>ἑαυτῶν</Unicode></TextEquiv></Word>
	<Word id="r1119">
	<Coords points="1572,1402 1603,1402 1618,1403 1622,1404 1624,1405 1642,1416 1651,1418 1650,1420 1623,1422 1619,1425 1567,1426 1564,1427 1557,1427 1554,1425 1553,1423 1551,1420 1551,1415 1553,1411 1556,1408 1560,1405 1564,1403 1571,1403"/>
	<TextEquiv>
	<Unicode>σω-</Unicode></TextEquiv></Word></TextLine>
	<TextLine id="r118">
	<Coords points="346,1449 349,1450 509,1450 511,1451 1502,1456 1523,1477 1635,1477 1637,1478 1638,1483 1650,1498 1651,1500 1652,1503 1651,1506 1649,1510 1645,1512 1204,1515 1200,1517 1080,1518 1078,1516 299,1514 297,1513 283,1512 282,1512 271,1501 244,1500 242,1499 242,1491 234,1482 233,1479 235,1474 236,1473 322,1472"/>
	<Word id="r1120">
	<Coords points="347,1450 374,1472 379,1473 411,1473 411,1479 409,1485 409,1487 400,1495 396,1498 393,1500 316,1500 300,1514 290,1512 271,1500 243,1499 242,1495 234,1482 233,1480 234,1477 236,1473 322,1473"/>
	<TextEquiv>
	<Unicode>τηρίαν</Unicode></TextEquiv></Word>
	<Word id="r1121">
	<Coords points="508,1450 510,1451 533,1473 536,1475 538,1476 539,1479 540,1483 539,1487 537,1492 536,1494 531,1499 498,1499 495,1500 491,1500 462,1499 459,1498 457,1497 456,1496 454,1493 453,1489 454,1484 457,1478 458,1477 458,1454 459,1452 461,1451 507,1451"/>
	<TextEquiv>
	<Unicode>δύο</Unicode></TextEquiv></Word>
	<Word id="r1122">
	<Coords points="667,1455 671,1456 689,1473 742,1473 744,1481 748,1493 747,1495 742,1501 617,1501 591,1500 590,1492 582,1483 581,1480 582,1476 584,1474 644,1474 663,1456"/>
	<TextEquiv>
	<Unicode>ταῦτα</Unicode></TextEquiv></Word>
	<Word id="r1123">
	<Coords points="857,1453 869,1461 872,1462 876,1464 887,1474 914,1474 1024,1482 1028,1494 1027,1497 1024,1500 1021,1502 1020,1503 804,1503 790,1515 789,1509 790,1504 791,1501 792,1497 793,1495 794,1491 795,1486 796,1482 797,1479 799,1476 833,1475"/>
	<TextEquiv>
	<Unicode>μάλιστα</Unicode></TextEquiv></Word>
	<Word id="r1124">
	<Coords points="1133,1455 1155,1475 1256,1475 1287,1477 1287,1481 1285,1489 1280,1494 1274,1499 1271,1501 1268,1502 1215,1503 1202,1515 1200,1516 1199,1517 1079,1511 1069,1494 1068,1489 1069,1484 1070,1482 1088,1463 1089,1461 1091,1458 1128,1458"/>
	<TextEquiv>
	<Unicode>φέρομεν</Unicode></TextEquiv></Word>
	<Word id="r1125">
	<Coords points="1350,1456 1353,1457 1379,1476 1386,1477 1386,1482 1384,1498 1383,1500 1381,1501 1379,1503 1343,1503 1340,1502 1336,1500 1334,1497 1333,1495 1333,1490 1334,1486 1335,1484 1336,1483 1346,1465 1347,1457"/>
	<TextEquiv>
	<Unicode>ἐκ</Unicode></TextEquiv></Word>
	<Word id="r1126">
	<Coords points="1500,1456 1527,1477 1533,1478 1636,1478 1637,1486 1650,1499 1651,1502 1650,1505 1648,1509 1644,1511 1637,1508 1547,1504 1435,1503 1431,1490 1428,1485 1428,1482 1430,1479 1432,1477 1478,1477 1498,1457"/>
	<TextEquiv>
	<Unicode>πάντων,</Unicode></TextEquiv></Word></TextLine>
	<TextLine id="r119">
	<Coords points="1607,1531 1629,1553 1652,1553 1654,1554 1654,1557 1653,1559 1652,1563 1650,1567 1648,1570 1644,1573 1635,1579 1617,1580 1613,1592 1340,1594 1307,1595 1275,1593 561,1592 559,1591 527,1589 369,1588 356,1575 243,1574 242,1572 242,1567 234,1558 233,1554 234,1550 238,1548 247,1547 273,1527"/>
	<Word id="r1127">
	<Coords points="275,1528 279,1530 282,1536 283,1543 284,1549 289,1553 290,1557 290,1560 289,1564 288,1567 286,1570 282,1574 243,1573 242,1569 234,1558 233,1555 234,1551 235,1549 237,1548 253,1548"/>
	<TextEquiv>
	<Unicode>τὸ</Unicode></TextEquiv></Word>
	<Word id="r1128">
	<Coords points="368,1531 372,1532 374,1533 395,1547 403,1548 405,1549 409,1554 406,1557 404,1565 403,1574 398,1579 375,1580 373,1584 372,1587 369,1588 355,1574 328,1570 321,1558 320,1556 319,1553 322,1549 340,1548 348,1548 363,1533 365,1532"/>
	<TextEquiv>
	<Unicode>τῆς</Unicode></TextEquiv></Word>
	<Word id="r1129">
	<Coords points="444,1529 746,1529 767,1550 815,1551 815,1556 812,1562 811,1565 804,1572 796,1576 634,1577 623,1588 596,1590 559,1590 528,1589 514,1575 445,1574 443,1573 442,1531 442,1530"/>
	<TextEquiv>
	<Unicode>Καρχηδονίων</Unicode></TextEquiv></Word>
	<Word id="r1130">
	<Coords points="959,1530 962,1531 964,1535 966,1540 967,1543 969,1551 970,1553 969,1556 967,1576 964,1577 850,1577 849,1575 846,1564 843,1555 847,1551 899,1550 936,1550"/>
	<TextEquiv>
	<Unicode>ποτὲ</Unicode></TextEquiv></Word>
	<Word id="r1131">
	<Coords points="1027,1530 1097,1530 1119,1552 1209,1559 1211,1567 1211,1571 1210,1574 1206,1575 1204,1576 1171,1577 1159,1578 1145,1592 1051,1591 1038,1578 1015,1577 1011,1575 1010,1566 1011,1563 1013,1559 1014,1558 1025,1539"/>
	<TextEquiv>
	<Unicode>ἀξίωμα</Unicode></TextEquiv></Word>
	<Word id="r1132">
	<Coords points="1258,1530 1261,1531 1266,1535 1369,1535 1373,1537 1392,1552 1398,1553 1404,1556 1405,1559 1418,1573 1419,1577 1418,1581 1417,1583 1414,1586 1412,1587 1371,1587 1370,1589 1369,1592 1368,1593 1275,1593 1252,1578 1243,1577 1241,1575 1240,1573 1240,1565 1242,1561 1243,1560 1255,1540 1256,1531"/>
	<TextEquiv>
	<Unicode>ἀρχῆς,</Unicode></TextEquiv></Word>
	<Word id="r1133">
	<Coords points="1522,1531 1527,1535 1529,1539 1531,1545 1532,1547 1533,1567 1534,1572 1533,1575 1531,1578 1525,1581 1523,1580 1522,1579 1449,1578 1449,1575 1451,1569 1452,1567 1453,1564 1454,1560 1455,1557 1457,1554 1472,1552 1500,1552"/>
	<TextEquiv>
	<Unicode>καὶ</Unicode></TextEquiv></Word>
	<Word id="r1134">
	<Coords points="1605,1531 1633,1553 1646,1554 1652,1557 1651,1559 1650,1563 1649,1565 1648,1568 1646,1570 1642,1573 1636,1577 1634,1579 1616,1580 1614,1583 1612,1589 1610,1592 1597,1580 1571,1579 1566,1566 1562,1560 1562,1558 1563,1555 1564,1554 1566,1553 1582,1553"/>
	<TextEquiv>
	<Unicode>τὴν</Unicode></TextEquiv></Word></TextLine>
	<TextLine id="r120">
	<Coords points="379,1600 383,1603 1638,1606 1640,1610 1641,1614 1643,1619 1644,1621 1645,1624 1654,1646 1653,1648 1651,1651 1648,1654 1646,1655 1540,1655 1526,1668 1525,1669 1100,1668 1001,1666 265,1664 247,1650 241,1649 239,1646 238,1637 236,1627 245,1611 246,1604 247,1603 249,1602 378,1601"/>
	<Word id="r1135">
	<Coords points="379,1601 402,1623 447,1623 481,1627 480,1632 479,1634 475,1640 469,1644 468,1646 465,1647 461,1649 460,1650 403,1650 389,1664 265,1664 249,1650 243,1649 239,1646 238,1637 236,1627 245,1614 246,1607 247,1603 249,1602 377,1602"/>
	<TextEquiv>
	<Unicode>ὑμετέραν</Unicode></TextEquiv></Word>
	<Word id="r1136">
	<Coords points="562,1604 567,1605 632,1605 637,1606 655,1624 678,1625 678,1627 677,1633 675,1639 667,1647 664,1648 661,1650 655,1652 654,1651 511,1650 509,1648 508,1643 507,1637 509,1633 511,1630 514,1626 517,1624 532,1623 540,1623"/>
	<TextEquiv>
	<Unicode>αὐτῶν</Unicode></TextEquiv></Word>
	<Word id="r1137">
	<Coords points="733,1604 735,1605 755,1624 758,1625 760,1626 763,1628 764,1631 763,1633 759,1634 758,1649 756,1653 754,1654 748,1653 723,1651 719,1649 716,1643 716,1638 717,1635 719,1633 720,1631 729,1622 729,1605 731,1605"/>
	<TextEquiv>
	<Unicode>ἐς</Unicode></TextEquiv></Word>
	<Word id="r1138">
	<Coords points="864,1605 888,1626 927,1626 961,1633 964,1643 964,1646 963,1650 960,1651 958,1652 955,1653 796,1652 793,1638 790,1631 792,1627 796,1626 841,1626"/>
	<TextEquiv>
	<Unicode>πάντα</Unicode></TextEquiv></Word>
	<Word id="r1139">
	<Coords points="1254,1606 1291,1606 1311,1626 1336,1626 1410,1628 1411,1635 1424,1648 1424,1655 1423,1658 1422,1660 1418,1662 1417,1663 1105,1665 1099,1667 1002,1664 1003,1660 1005,1654 1006,1652 1007,1649 1009,1641 1010,1638 1012,1630 1013,1627 1014,1626 1234,1626"/>
	<TextEquiv>
	<Unicode>μετριοπάθειαν,</Unicode></TextEquiv></Word>
	<Word id="r1140">
	<Coords points="1471,1606 1474,1608 1476,1612 1478,1615 1479,1617 1480,1620 1481,1625 1483,1629 1485,1635 1483,1643 1479,1655 1477,1663 1476,1665 1474,1666 1472,1666 1458,1645 1455,1635 1454,1633 1455,1631 1459,1627 1465,1610"/>
	<TextEquiv>
	<Unicode>ἣ</Unicode></TextEquiv></Word>
	<Word id="r1141">
	<Coords points="1635,1606 1638,1607 1639,1609 1642,1618 1643,1620 1644,1625 1648,1633 1650,1643 1653,1645 1652,1647 1650,1650 1647,1654 1539,1654 1524,1668 1523,1664 1524,1659 1527,1650 1528,1648 1530,1640 1533,1631 1536,1627 1613,1627"/>
	<TextEquiv>
	<Unicode>μετὰ</Unicode></TextEquiv></Word></TextLine>
	<TextLine id="r121">
	<Coords points="410,1670 413,1672 1640,1673 1646,1675 1650,1685 1650,1689 1651,1691 1653,1711 1656,1715 1650,1725 1523,1726 1520,1727 1505,1728 1496,1737 1468,1738 1459,1739 1457,1739 1434,1738 1010,1736 998,1724 634,1722 612,1719 244,1718 243,1713 234,1698 237,1692 265,1692 282,1675 284,1674 405,1674"/>
	<Word id="r1142">
	<Coords points="287,1674 292,1675 310,1692 334,1692 334,1698 333,1701 331,1703 330,1706 329,1708 322,1714 316,1717 315,1718 243,1717 243,1709 235,1700 234,1698 237,1692 265,1692 282,1675"/>
	<TextEquiv>
	<Unicode>τῶν</Unicode></TextEquiv></Word>
	<Word id="r1143">
	<Coords points="410,1671 418,1678 462,1678 465,1679 469,1680 482,1693 551,1693 564,1694 564,1700 562,1706 559,1709 557,1712 555,1714 551,1716 392,1717 389,1715 387,1712 386,1702 389,1697 392,1678 393,1676 394,1675 401,1674"/>
	<TextEquiv>
	<Unicode>ὅπλων</Unicode></TextEquiv></Word>
	<Word id="r1144">
	<Coords points="619,1673 643,1693 645,1694 648,1696 650,1699 647,1703 645,1704 644,1721 635,1720 611,1718 607,1717 606,1716 604,1712 603,1707 604,1703 606,1699 615,1682 616,1674"/>
	<TextEquiv>
	<Unicode>ἐς</Unicode></TextEquiv></Word>
	<Word id="r1145">
	<Coords points="836,1676 841,1677 859,1694 938,1694 939,1698 939,1700 936,1706 934,1709 928,1715 925,1717 921,1719 918,1720 917,1721 698,1719 697,1718 696,1712 689,1699 692,1694 815,1693"/>
	<TextEquiv>
	<Unicode>τοσοῦτον</Unicode></TextEquiv></Word>
	<Word id="r1146">
	<Coords points="994,1675 998,1677 1067,1677 1071,1678 1093,1695 1101,1696 1104,1699 1106,1702 1103,1705 1101,1721 1095,1727 1020,1727 1010,1736 990,1721 984,1720 982,1717 981,1716 980,1699 980,1697 989,1683 990,1676 991,1676"/>
	<TextEquiv>
	<Unicode>ὑμᾶς</Unicode></TextEquiv></Word>
	<Word id="r1147">
	<Coords points="1162,1674 1164,1675 1167,1677 1233,1677 1236,1678 1238,1679 1254,1695 1327,1695 1329,1699 1328,1705 1327,1708 1325,1709 1324,1711 1318,1717 1315,1719 1310,1722 1309,1723 1261,1723 1249,1735 1222,1735 1216,1736 1202,1722 1154,1721 1151,1720 1149,1719 1147,1716 1146,1706 1148,1703 1149,1701 1158,1684"/>
	<TextEquiv>
	<Unicode>ἐπῇρεν</Unicode></TextEquiv></Word>
	<Word id="r1148">
	<Coords points="1387,1675 1393,1679 1495,1679 1498,1680 1518,1696 1525,1697 1530,1701 1531,1704 1528,1707 1526,1714 1525,1723 1523,1725 1519,1727 1499,1727 1498,1729 1497,1733 1496,1736 1467,1737 1401,1737 1379,1722 1370,1721 1368,1717 1367,1714 1368,1708 1370,1706 1371,1704 1384,1683"/>
	<TextEquiv>
	<Unicode>ἀρχῆς</Unicode></TextEquiv></Word>
	<Word id="r1149">
	<Coords points="1641,1674 1645,1676 1647,1682 1649,1687 1650,1690 1651,1692 1653,1712 1654,1715 1653,1717 1651,1720 1648,1723 1646,1724 1645,1725 1569,1724 1568,1723 1567,1721 1568,1717 1570,1711 1571,1709 1572,1706 1575,1700 1576,1697 1580,1696 1618,1696"/>
	<TextEquiv>
	<Unicode>καὶ</Unicode></TextEquiv></Word></TextLine>
	<TextLine id="r122">
	<Coords points="245,1737 249,1738 629,1738 631,1739 1607,1741 1632,1766 1652,1766 1654,1774 1650,1781 1649,1781 1648,1784 1644,1785 1640,1788 1634,1791 1618,1792 1617,1795 1616,1800 1614,1806 360,1801 346,1787 270,1786 241,1785 238,1783 236,1781 235,1778 234,1774 235,1770 237,1765 239,1763 240,1741 241,1738"/>
	<Word id="r1150">
	<Coords points="241,1738 354,1738 356,1739 378,1761 481,1761 485,1762 489,1764 490,1766 504,1784 503,1788 484,1788 483,1790 480,1791 373,1792 362,1801 345,1786 269,1785 240,1784 237,1782 234,1775 234,1773 235,1769 238,1763 240,1740"/>
	<TextEquiv>
	<Unicode>δυνάμεως.</Unicode></TextEquiv></Word>
	<Word id="r1151">
	<Coords points="627,1738 629,1739 658,1761 665,1762 683,1762 685,1776 687,1779 687,1781 685,1784 680,1789 677,1790 675,1789 591,1788 590,1784 581,1770 580,1767 582,1764 583,1763 585,1762 602,1762"/>
	<TextEquiv>
	<Unicode>τίσι</Unicode></TextEquiv></Word>
	<Word id="r1152">
	<Coords points="725,1740 755,1740 757,1741 758,1743 759,1746 761,1750 762,1753 763,1759 766,1766 763,1769 762,1788 723,1788 719,1786 716,1781 716,1774 717,1771 719,1767 721,1744"/>
	<TextEquiv>
	<Unicode>δὲ</Unicode></TextEquiv></Word>
	<Word id="r1153">
	<Coords points="958,1741 981,1763 1066,1763 1071,1765 1073,1766 1090,1783 1091,1787 1090,1791 1089,1793 1085,1797 1083,1798 951,1800 946,1802 934,1790 799,1788 796,1786 795,1784 794,1776 796,1774 798,1770 799,1767 803,1766 807,1764 835,1763 837,1762 894,1762 910,1746 914,1743 954,1742 956,1742"/>
	<TextEquiv>
	<Unicode>συνθήκαις,</Unicode></TextEquiv></Word>
	<Word id="r1154">
	<Coords points="1146,1742 1169,1764 1188,1764 1189,1768 1188,1772 1186,1776 1183,1780 1180,1783 1176,1786 1174,1787 1171,1789 1169,1790 1168,1791 1132,1789 1130,1788 1129,1786 1129,1775 1131,1773 1133,1770 1135,1766 1137,1750 1138,1749"/>
	<TextEquiv>
	<Unicode>ἂν</Unicode></TextEquiv></Word>
	<Word id="r1155">
	<Coords points="1245,1741 1270,1764 1312,1771 1316,1783 1313,1788 1309,1790 1266,1791 1254,1803 1250,1804 1227,1789 1217,1781 1218,1774 1220,1770 1229,1758 1230,1750 1231,1744 1241,1744"/>
	<TextEquiv>
	<Unicode>ἄρα</Unicode></TextEquiv></Word>
	<Word id="r1156">
	<Coords points="1359,1741 1361,1742 1409,1743 1415,1746 1450,1747 1454,1749 1469,1764 1519,1764 1522,1765 1523,1767 1523,1772 1520,1790 1517,1792 1480,1792 1355,1790 1351,1789 1349,1788 1347,1785 1346,1783 1346,1775 1350,1769 1351,1745 1352,1743 1355,1742"/>
	<TextEquiv>
	<Unicode>διδῶτε</Unicode></TextEquiv></Word>
	<Word id="r1157">
	<Coords points="1606,1741 1631,1766 1651,1766 1652,1770 1652,1775 1650,1777 1648,1780 1645,1784 1642,1785 1638,1788 1634,1790 1625,1791 1616,1794 1614,1802 1613,1804 1610,1805 1598,1793 1571,1792 1570,1784 1562,1772 1565,1766 1574,1765 1604,1742"/>
	<TextEquiv>
	<Unicode>τὴν</Unicode></TextEquiv></Word></TextLine>
	<TextLine id="r123">
	<Coords points="266,1807 1544,1810 1572,1833 1579,1834 1618,1834 1652,1835 1653,1838 1652,1841 1651,1843 1649,1846 1647,1850 1642,1855 1637,1858 1634,1860 1633,1861 1616,1861 1577,1862 1563,1875 513,1873 487,1872 277,1871 262,1856 242,1855 238,1853 236,1851 235,1849 234,1843 236,1835 238,1832 240,1831 242,1829 244,1829"/>
	<Word id="r1158">
	<Coords points="266,1808 340,1808 361,1829 433,1829 434,1837 447,1851 448,1855 447,1858 441,1864 395,1864 394,1867 331,1868 282,1870 277,1871 261,1855 241,1854 239,1853 236,1851 234,1848 234,1842 235,1838 238,1832 241,1830 245,1828"/>
	<TextEquiv>
	<Unicode>εἰρήνην,</Unicode></TextEquiv></Word>
	<Word id="r1159">
	<Coords points="654,1808 659,1811 753,1811 755,1812 774,1831 790,1831 794,1851 792,1854 789,1856 787,1857 677,1858 664,1871 488,1872 489,1835 492,1831 523,1828 633,1828"/>
	<TextEquiv>
	<Unicode>χρησόμεθα</Unicode></TextEquiv></Word>
	<Word id="r1160">
	<Coords points="937,1811 940,1812 941,1814 943,1820 945,1824 946,1846 949,1849 948,1852 945,1854 941,1858 905,1859 904,1861 903,1865 902,1872 888,1858 840,1857 839,1851 833,1839 834,1835 837,1832 839,1831 916,1831"/>
	<TextEquiv>
	<Unicode>περὶ</Unicode></TextEquiv></Word>
	<Word id="r1161">
	<Coords points="1040,1812 1044,1813 1047,1815 1109,1815 1115,1818 1135,1832 1143,1834 1162,1853 1163,1856 1162,1859 1160,1862 1155,1867 1111,1867 1110,1870 1108,1872 1095,1860 992,1858 990,1856 989,1854 988,1851 991,1842 995,1837 999,1833 1013,1832 1018,1832"/>
	<TextEquiv>
	<Unicode>αὐτῆς,</Unicode></TextEquiv></Word>
	<Word id="r1162">
	<Coords points="1403,1811 1405,1812 1426,1833 1448,1834 1448,1840 1447,1843 1446,1845 1444,1848 1441,1853 1436,1857 1432,1859 1428,1860 1278,1861 1263,1874 1247,1859 1200,1858 1197,1847 1193,1842 1193,1838 1194,1835 1195,1834 1199,1832 1380,1832"/>
	<TextEquiv>
	<Unicode>περισσὸν</Unicode></TextEquiv></Word>
	<Word id="r1163">
	<Coords points="1542,1810 1544,1811 1568,1834 1617,1834 1651,1835 1651,1838 1649,1844 1647,1846 1646,1848 1643,1852 1639,1855 1637,1857 1634,1859 1615,1860 1576,1861 1561,1874 1540,1862 1532,1861 1485,1860 1484,1859 1483,1823 1483,1819 1532,1819"/>
	<TextEquiv>
	<Unicode>λέγειν</Unicode></TextEquiv></Word></TextLine>
	<TextLine id="r124">
	<Coords points="309,1875 313,1877 1337,1877 1339,1880 1340,1882 1340,1888 1338,1892 1322,1894 1309,1907 1308,1927 1307,1928 1288,1929 1285,1931 1282,1932 1128,1933 1118,1942 1113,1938 427,1937 418,1928 243,1924 243,1916 234,1905 233,1902 235,1898 243,1896 287,1896"/>
	<Word id="r1164">
	<Coords points="309,1876 311,1877 338,1898 346,1899 348,1900 350,1902 349,1907 347,1915 346,1924 342,1926 338,1925 305,1924 243,1919 234,1905 233,1902 235,1899 238,1897 243,1896 288,1896"/>
	<TextEquiv>
	<Unicode>τοὺς</Unicode></TextEquiv></Word>
	<Word id="r1165">
	<Coords points="405,1877 466,1878 466,1889 453,1892 451,1914 450,1917 448,1920 445,1922 439,1924 432,1925 431,1927 430,1935 428,1937 407,1925 398,1924 395,1923 391,1917 390,1914 391,1910 392,1907 393,1905 403,1886"/>
	<TextEquiv>
	<Unicode>ἐφ᾽</Unicode></TextEquiv></Word>
	<Word id="r1166">
	<Coords points="526,1878 529,1879 532,1881 593,1881 596,1882 619,1899 627,1901 628,1904 624,1912 615,1921 612,1923 608,1925 589,1925 554,1926 541,1937 522,1924 516,1923 514,1920 513,1918 513,1900 521,1887 522,1880 523,1880"/>
	<TextEquiv>
	<Unicode>ὑμῖν</Unicode></TextEquiv></Word>
	<Word id="r1167">
	<Coords points="712,1877 714,1878 717,1884 718,1887 720,1891 721,1894 726,1907 729,1916 729,1920 726,1924 722,1926 719,1926 702,1925 674,1924 674,1915 666,1906 667,1902 669,1900 671,1899 689,1899 710,1878"/>
	<TextEquiv>
	<Unicode>τὰ</Unicode></TextEquiv></Word>
	<Word id="r1168">
	<Coords points="787,1878 789,1879 793,1882 920,1882 922,1883 940,1901 962,1901 963,1903 963,1906 962,1909 958,1917 954,1920 952,1922 948,1925 945,1926 944,1927 780,1926 775,1925 771,1919 771,1914 773,1908 777,1903 782,1881 785,1879"/>
	<TextEquiv>
	<Unicode>ἑαυτῶν</Unicode></TextEquiv></Word>
	<Word id="r1169">
	<Coords points="1176,1877 1337,1878 1338,1880 1338,1888 1337,1890 1330,1892 1307,1909 1306,1927 1287,1928 1285,1930 1281,1931 1127,1932 1117,1941 1103,1928 1013,1926 1013,1919 1004,1907 1008,1902 1012,1901 1045,1900 1056,1900 1072,1884 1076,1881 1078,1880 1173,1879 1175,1878"/>
	<TextEquiv>
	<Unicode>τιθεμένους.”</Unicode></TextEquiv></Word></TextLine>
	<TextLine id="r125">
	<Coords points="639,1945 911,1945 913,1946 1571,1948 1613,1949 1615,1950 1640,1951 1644,1953 1645,1957 1646,1959 1647,1970 1650,1971 1651,1973 1651,1975 1650,1977 1649,1981 1648,1991 1646,1997 1060,2000 1048,2012 980,2012 964,1996 311,1991 308,1990 305,1988 303,1984 303,1980 305,1978 306,1969 307,1952 309,1951 420,1950 421,1948 426,1947 637,1947"/>
	<Word id="r1170">
	<Coords points="309,1951 354,1951 356,1952 359,1954 362,1975 395,1987 374,1995 361,1983 359,1988 355,1990 310,1990 307,1989 305,1988 303,1984 303,1980 305,1978 306,1969 307,1952"/>
	<TextEquiv>
	<Unicode>53.</Unicode></TextEquiv></Word>
	<Word id="r1171">
	<Coords points="641,1945 641,1946 644,1946 644,1947 646,1947 646,1948 647,1948 647,1953 648,1953 647,1953 647,1957 644,1957 644,1958 642,1958 642,1959 640,1959 640,1960 639,1960 639,1962 638,1962 638,1963 637,1963 637,1964 636,1964 636,1965 635,1965 635,1966 634,1966 634,1967 632,1967 632,1968 631,1968 631,1969 629,1969 629,1970 628,1970 628,1971 626,1971 626,1972 625,1972 625,1973 624,1973 624,1974 623,1974 623,1975 622,1975 622,1976 621,1976 621,1989 620,1989 620,1992 579,1992 579,1991 432,1991 432,1968 431,1968 431,1967 430,1967 430,1965 429,1965 429,1964 428,1964 428,1962 427,1962 427,1961 426,1961 426,1959 425,1959 425,1958 424,1958 424,1956 423,1956 423,1955 422,1955 422,1954 421,1954 422,1954 422,1952 423,1952 423,1950 424,1950 424,1948 427,1948 427,1947 457,1947 457,1950 458,1950 458,1953 459,1953 459,1960 449,1960 449,1961 448,1961 448,1968 567,1968 567,1967 568,1967 568,1966 569,1966 569,1965 570,1965 570,1964 571,1964 571,1963 572,1963 572,1962 573,1962 573,1961 574,1961 574,1960 575,1960 575,1959 576,1959 576,1958 577,1958 577,1957 578,1957 578,1956 579,1956 579,1955 580,1955 580,1954 581,1954 581,1953 582,1953 582,1952 583,1952 583,1951 584,1951 584,1950 586,1950 586,1949 637,1949 637,1948 638,1948 638,1947 640,1947 640,1946 641,1946"/>
	<TextEquiv>
	<Unicode>Τοσαῦτ᾽</Unicode></TextEquiv></Word>
	<Word id="r1173">
	<Coords points="728,1946 730,1947 797,1947 818,1968 846,1968 846,1978 845,1981 843,1983 842,1985 836,1991 833,1993 831,1994 701,1993 692,1992 690,1989 689,1986 689,1981 690,1977 693,1973 698,1970 700,1968 704,1968 725,1947"/>
	<TextEquiv>
	<Unicode>εἰπὼν</Unicode></TextEquiv></Word>
	<Word id="r1174">
	<Coords points="910,1945 912,1946 913,1975 914,1977 914,1983 913,1989 910,1992 907,1994 895,1994 893,1991 892,1989 892,1978 895,1973 899,1970 903,1969 905,1948 907,1946 909,1946"/>
	<TextEquiv>
	<Unicode>ὁ</Unicode></TextEquiv></Word>
	<Word id="r1175">
	<Coords points="979,1948 985,1953 1060,1953 1075,1968 1121,1968 1123,1969 1126,1971 1128,1974 1128,1976 1126,1978 1124,1986 1123,1995 1120,1997 1060,1999 1048,2011 980,2011 964,1996 958,1993 957,1990 956,1988 956,1981 957,1978 960,1975 962,1961 963,1950 976,1950"/>
	<TextEquiv>
	<Unicode>ἔριφος</Unicode></TextEquiv></Word>
	<Word id="r1176">
	<Coords points="1255,1948 1264,1955 1297,1955 1300,1956 1304,1958 1315,1969 1455,1969 1490,1970 1491,1978 1504,1993 1503,1997 1175,1996 1173,1995 1170,1993 1167,1989 1167,1980 1169,1976 1179,1958 1181,1949 1252,1949"/>
	<TextEquiv>
	<Unicode>ἐπέκλαυσεν.</Unicode></TextEquiv></Word>
	<Word id="r1177">
	<Coords points="1566,1948 1571,1949 1572,1982 1572,1986 1571,1988 1569,1994 1566,1996 1552,1995 1549,1991 1549,1981 1551,1978 1553,1974 1556,1972 1560,1970 1561,1950 1562,1949"/>
	<TextEquiv>
	<Unicode>ὁ</Unicode></TextEquiv></Word>
	<Word id="r1178">
	<Coords points="1611,1949 1613,1950 1616,1951 1618,1952 1641,1952 1643,1953 1644,1957 1645,1959 1646,1970 1649,1971 1649,1975 1648,1977 1647,1982 1645,1987 1645,1997 1606,1996 1603,1994 1602,1992 1601,1988 1601,1984 1602,1980 1604,1978 1605,1975 1607,1951"/>
	<TextEquiv>
	<Unicode>δὲ</Unicode></TextEquiv></Word></TextLine>
	<TextLine id="r126">
	<Coords points="263,2008 270,2013 1634,2017 1636,2021 1637,2024 1639,2029 1643,2037 1647,2054 1650,2057 1649,2059 1645,2065 1536,2066 1523,2079 486,2076 475,2065 264,2063 233,2060 232,2018 232,2015 255,2015"/>
	<Word id="r1179">
	<Coords points="263,2009 269,2014 391,2014 413,2036 460,2036 460,2045 458,2047 456,2051 451,2056 447,2058 444,2060 442,2061 264,2062 242,2060 233,2060 232,2018 232,2015 256,2015"/>
	<TextEquiv>
	<Unicode>Σκιπίων</Unicode></TextEquiv></Word>
	<Word id="r1180">
	<Coords points="797,2015 821,2037 942,2037 947,2040 948,2045 945,2047 944,2064 940,2068 815,2068 807,2076 486,2074 487,2070 488,2067 490,2059 491,2056 492,2054 493,2050 494,2047 496,2039 497,2037 536,2036 774,2036 794,2016"/>
	<TextEquiv>
	<Unicode>μεταστησάμενος</Unicode></TextEquiv></Word>
	<Word id="r1181">
	<Coords points="1121,2016 1151,2038 1157,2039 1162,2045 1159,2048 1157,2049 1156,2065 1155,2067 1151,2069 1145,2067 981,2064 978,2063 976,2062 975,2058 975,2055 977,2051 979,2046 981,2042 984,2040 990,2039 1007,2039 1027,2019 1029,2018 1117,2018"/>
	<TextEquiv>
	<Unicode>αὐτοὺς</Unicode></TextEquiv></Word>
	<Word id="r1182">
	<Coords points="1200,2017 1406,2017 1427,2038 1485,2038 1488,2039 1491,2041 1492,2043 1493,2047 1493,2052 1492,2055 1488,2063 1484,2065 1481,2066 1220,2067 1210,2076 1208,2077 1194,2065 1189,2064 1185,2060 1184,2058 1183,2055 1184,2050 1185,2046 1186,2044 1196,2026 1198,2018"/>
	<TextEquiv>
	<Unicode>ἐβουλεύετο</Unicode></TextEquiv></Word>
	<Word id="r1183">
	<Coords points="1631,2017 1634,2018 1635,2020 1636,2023 1637,2025 1638,2028 1640,2032 1642,2040 1643,2041 1646,2055 1648,2057 1647,2060 1645,2063 1644,2065 1536,2065 1521,2078 1519,2075 1520,2072 1521,2070 1522,2067 1524,2059 1525,2057 1528,2045 1530,2041 1532,2038 1609,2038"/>
	<TextEquiv>
	<Unicode>μετὰ</Unicode></TextEquiv></Word></TextLine>
	<TextLine id="r127">
	<Coords points="441,2081 444,2083 1075,2083 1079,2085 1545,2086 1567,2108 1616,2108 1639,2109 1644,2110 1647,2112 1648,2114 1648,2116 1644,2117 1642,2135 1639,2137 1313,2138 1309,2140 1174,2144 1168,2146 393,2146 378,2131 243,2129 242,2122 234,2113 233,2108 234,2104 236,2103 265,2103 282,2086 284,2085 438,2083"/>
	<Word id="r1184">
	<Coords points="287,2085 292,2086 311,2104 330,2104 330,2114 329,2117 327,2119 326,2121 320,2126 315,2129 312,2130 309,2129 242,2128 242,2122 234,2113 233,2110 234,2105 235,2103 265,2103 282,2086"/>
	<TextEquiv>
	<Unicode>τῶν</Unicode></TextEquiv></Word>
	<Word id="r1185">
	<Coords points="441,2082 443,2083 465,2104 569,2105 584,2106 584,2112 583,2114 582,2118 576,2124 572,2127 568,2129 565,2130 411,2131 395,2145 371,2130 362,2129 360,2126 359,2123 360,2121 362,2115 365,2109 375,2091 438,2084"/>
	<TextEquiv>
	<Unicode>ἀρίστων</Unicode></TextEquiv></Word>
	<Word id="r1186">
	<Coords points="689,2083 692,2085 695,2091 696,2094 698,2098 700,2120 701,2123 700,2126 698,2129 695,2131 629,2132 625,2131 621,2128 618,2124 618,2118 620,2115 621,2112 631,2102 631,2086 633,2085 687,2085"/>
	<TextEquiv>
	<Unicode>ἐπὶ</Unicode></TextEquiv></Word>
	<Word id="r1187">
	<Coords points="879,2083 881,2106 882,2112 895,2125 896,2128 895,2131 894,2133 747,2132 744,2119 741,2115 741,2110 743,2108 746,2106 800,2106 815,2091 870,2091"/>
	<TextEquiv>
	<Unicode>πολύ.</Unicode></TextEquiv></Word>
	<Word id="r1188">
	<Coords points="960,2086 988,2106 996,2107 1000,2110 1000,2115 998,2116 997,2123 996,2132 995,2134 993,2136 991,2137 988,2138 981,2132 944,2131 941,2130 939,2127 938,2117 940,2112 942,2110 955,2093 956,2088"/>
	<TextEquiv>
	<Unicode>ὡς</Unicode></TextEquiv></Word>
	<Word id="r1189">
	<Coords points="1052,2084 1076,2084 1080,2086 1079,2097 1075,2099 1068,2100 1067,2120 1066,2125 1064,2128 1062,2130 1058,2132 1053,2133 1049,2132 1046,2130 1044,2127 1043,2121 1044,2115 1046,2112 1048,2110 1049,2087 1050,2085"/>
	<TextEquiv>
	<Unicode>δ᾽</Unicode></TextEquiv></Word>
	<Word id="r1190">
	<Coords points="1133,2086 1154,2105 1268,2106 1301,2107 1302,2110 1303,2114 1316,2130 1315,2135 1313,2137 1309,2139 1308,2140 1174,2142 1168,2145 1156,2133 1119,2132 1113,2130 1111,2127 1112,2116 1114,2112 1116,2099 1117,2088 1129,2088"/>
	<TextEquiv>
	<Unicode>ἔκρινεν,</Unicode></TextEquiv></Word>
	<Word id="r1191">
	<Coords points="1542,2086 1566,2108 1615,2108 1638,2109 1643,2110 1646,2112 1644,2116 1641,2117 1640,2135 1637,2136 1362,2134 1358,2132 1355,2128 1354,2125 1354,2122 1356,2117 1357,2114 1366,2097 1367,2088 1368,2087 1540,2087"/>
	<TextEquiv>
	<Unicode>ἐσκαλέσας</Unicode></TextEquiv></Word></TextLine>
	<TextLine id="r128">
	<Coords points="286,2151 1544,2154 1566,2176 1618,2176 1643,2177 1645,2178 1648,2180 1649,2182 1649,2184 1647,2186 1645,2194 1644,2203 1641,2207 1616,2207 1614,2215 1558,2217 1553,2218 549,2214 538,2203 238,2198 234,2196 232,2192 232,2184 238,2175 242,2171 264,2171 284,2152"/>
	<Word id="r1192">
	<Coords points="284,2152 381,2152 406,2173 412,2174 416,2176 417,2177 417,2180 413,2181 412,2199 237,2197 233,2195 232,2192 232,2184 233,2182 235,2180 237,2177 239,2173 242,2171 265,2171"/>
	<TextEquiv>
	<Unicode>αὐτοὺς</Unicode></TextEquiv></Word>
	<Word id="r1193">
	<Coords points="469,2152 480,2160 482,2161 495,2173 621,2173 621,2179 620,2182 620,2185 609,2195 605,2197 603,2199 586,2199 583,2200 564,2201 550,2214 535,2200 455,2199 452,2198 449,2196 448,2194 446,2191 446,2185 448,2182 451,2178 453,2153 466,2153"/>
	<TextEquiv>
	<Unicode>ἔλεγεν</Unicode></TextEquiv></Word>
	<Word id="r1194">
	<Coords points="666,2152 705,2152 708,2153 710,2154 734,2173 742,2174 743,2175 744,2180 756,2192 758,2196 757,2199 755,2200 669,2199 654,2198 652,2197 650,2194 649,2191 649,2183 650,2181 651,2180 661,2164 662,2156"/>
	<TextEquiv>
	<Unicode>ὧδε.</Unicode></TextEquiv></Word>
	<Word id="r1195">
	<Coords points="847,2153 940,2153 940,2156 941,2156 941,2158 942,2158 942,2162 943,2162 943,2164 944,2164 944,2167 945,2167 945,2171 946,2171 946,2175 947,2175 947,2176 948,2176 948,2177 949,2177 948,2177 948,2179 947,2179 947,2180 946,2180 946,2181 945,2181 945,2200 941,2200 941,2201 941,2200 838,2200 838,2199 836,2199 836,2198 833,2198 833,2196 832,2196 832,2195 831,2195 831,2184 832,2184 832,2182 833,2182 833,2181 834,2181 834,2178 811,2178 811,2177 809,2177 809,2176 790,2176 790,2174 789,2174 789,2172 788,2172 788,2170 789,2170 789,2167 790,2167 790,2165 791,2165 791,2164 792,2164 792,2163 793,2163 793,2162 794,2162 794,2161 798,2161 798,2160 844,2160 844,2154 847,2154"/>
	<TextEquiv>
	<Unicode>“ἐστὲ</Unicode></TextEquiv></Word>
	<Word id="r1197">
	<Coords points="1017,2153 1041,2175 1057,2175 1057,2185 1056,2187 1056,2189 1046,2198 1038,2202 985,2202 970,2215 968,2213 969,2208 970,2206 971,2201 972,2197 974,2191 975,2189 976,2185 977,2183 978,2180 980,2177 993,2176"/>
	<TextEquiv>
	<Unicode>μὲν</Unicode></TextEquiv></Word>
	<Word id="r1198">
	<Coords points="1124,2154 1159,2155 1161,2156 1275,2157 1279,2159 1302,2176 1310,2178 1312,2179 1314,2181 1314,2183 1313,2185 1311,2186 1310,2193 1309,2202 1306,2206 1201,2209 1197,2213 1186,2202 1084,2200 1082,2199 1080,2195 1079,2192 1079,2189 1080,2185 1082,2181 1084,2179 1087,2177 1094,2175 1102,2175 1122,2155"/>
	<TextEquiv>
	<Unicode>οὐδεμιᾶς</Unicode></TextEquiv></Word>
	<Word id="r1199">
	<Coords points="1542,2154 1565,2176 1617,2176 1642,2177 1644,2178 1647,2180 1647,2184 1643,2185 1641,2204 1615,2207 1613,2211 1613,2215 1559,2215 1557,2216 1426,2217 1412,2203 1390,2202 1351,2201 1348,2200 1345,2198 1343,2193 1343,2188 1344,2186 1347,2182 1351,2179 1353,2178 1359,2177 1387,2176 1519,2176"/>
	<TextEquiv>
	<Unicode>συγγνώμης</Unicode></TextEquiv></Word></TextLine>
	<TextLine id="r129">
	<Coords points="261,2216 266,2220 1638,2225 1641,2229 1643,2235 1646,2259 1648,2263 1647,2266 1644,2269 1535,2271 1531,2277 1527,2279 1288,2282 1283,2283 1075,2282 1057,2281 276,2281 257,2266 253,2265 236,2264 234,2263 233,2261 233,2249 235,2246 240,2240 244,2231 245,2219 257,2219"/>
	<Word id="r1200">
	<Coords points="261,2217 266,2221 289,2223 298,2226 312,2240 363,2240 382,2260 383,2262 381,2268 380,2270 378,2273 289,2276 275,2280 256,2265 252,2264 235,2263 234,2262 233,2255 234,2248 237,2244 244,2234 245,2225 252,2219"/>
	<TextEquiv>
	<Unicode>ἄξιοι,</Unicode></TextEquiv></Word>
	<Word id="r1201">
	<Coords points="600,2222 623,2242 677,2242 681,2244 682,2246 682,2251 678,2252 677,2270 671,2272 666,2270 430,2267 429,2262 423,2251 422,2248 423,2245 424,2243 425,2242 427,2241 480,2241 494,2227 496,2226 594,2226"/>
	<TextEquiv>
	<Unicode>πολλάκις</Unicode></TextEquiv></Word>
	<Word id="r1202">
	<Coords points="727,2222 753,2243 758,2248 757,2250 755,2252 753,2260 752,2269 748,2273 745,2274 738,2268 715,2266 712,2262 711,2253 712,2251 714,2248 719,2242 723,2223"/>
	<TextEquiv>
	<Unicode>ἐς</Unicode></TextEquiv></Word>
	<Word id="r1203">
	<Coords points="935,2223 974,2223 1001,2244 1009,2245 1014,2248 1014,2250 1013,2252 1011,2253 1010,2254 1009,2272 1006,2273 1000,2272 793,2269 790,2268 787,2266 785,2263 785,2255 789,2249 792,2246 797,2244 802,2243 831,2242 916,2242"/>
	<TextEquiv>
	<Unicode>σπονδὰς</Unicode></TextEquiv></Word>
	<Word id="r1204">
	<Coords points="1062,2223 1067,2225 1140,2225 1143,2227 1145,2228 1161,2244 1182,2244 1182,2253 1180,2257 1170,2267 1168,2268 1165,2269 1164,2270 1124,2270 1090,2271 1077,2282 1074,2281 1058,2280 1046,2262 1041,2251 1042,2249 1043,2248 1056,2232 1057,2227 1058,2224 1059,2224"/>
	<TextEquiv>
	<Unicode>ἡμῶν</Unicode></TextEquiv></Word>
	<Word id="r1205">
	<Coords points="1223,2224 1335,2224 1354,2243 1493,2243 1516,2244 1520,2247 1522,2250 1523,2253 1534,2264 1535,2268 1532,2273 1530,2276 1526,2278 1288,2280 1283,2281 1241,2281 1224,2270 1216,2269 1214,2266 1213,2257 1211,2248 1220,2233"/>
	<TextEquiv>
	<Unicode>ὑβρίσαντες,</Unicode></TextEquiv></Word>
	<Word id="r1206">
	<Coords points="1636,2225 1640,2228 1642,2234 1643,2240 1644,2253 1646,2262 1646,2263 1644,2267 1587,2269 1563,2268 1564,2264 1566,2260 1570,2248 1571,2246 1572,2245 1587,2244 1616,2244"/>
	<TextEquiv>
	<Unicode>καὶ</Unicode></TextEquiv></Word></TextLine>
	<TextLine id="r130">
	<Coords points="278,2286 281,2287 282,2289 1531,2292 1551,2312 1616,2312 1620,2313 1641,2314 1645,2316 1647,2319 1647,2321 1645,2323 1642,2324 1641,2341 1637,2343 1457,2344 1445,2355 1443,2354 1048,2354 1035,2341 352,2336 351,2335 243,2334 241,2331 241,2326 233,2314 234,2309 236,2308 255,2308"/>
	<Word id="r1207">
	<Coords points="278,2287 281,2288 283,2291 284,2294 286,2298 288,2304 293,2315 297,2326 296,2328 292,2332 288,2334 242,2333 241,2331 238,2321 234,2316 233,2313 234,2309 236,2308 256,2308"/>
	<TextEquiv>
	<Unicode>τὰ</Unicode></TextEquiv></Word>
	<Word id="r1208">
	<Coords points="574,2293 579,2294 596,2310 613,2310 614,2318 617,2327 618,2329 616,2333 614,2335 612,2336 611,2337 351,2335 351,2327 343,2318 342,2315 343,2312 344,2311 346,2310 383,2310 399,2294 571,2294"/>
	<TextEquiv>
	<Unicode>τελευταῖα</Unicode></TextEquiv></Word>
	<Word id="r1209">
	<Coords points="706,2292 709,2293 737,2312 745,2313 745,2317 743,2322 739,2327 736,2331 732,2333 728,2336 727,2337 698,2337 659,2336 660,2335 660,2312 681,2312 697,2296 702,2293"/>
	<TextEquiv>
	<Unicode>νῦν</Unicode></TextEquiv></Word>
	<Word id="r1210">
	<Coords points="864,2291 867,2292 868,2294 869,2297 870,2299 872,2305 873,2325 876,2328 874,2332 868,2338 791,2336 790,2334 791,2331 792,2329 793,2326 794,2324 797,2315 806,2312 815,2311 842,2311"/>
	<TextEquiv>
	<Unicode>καὶ</Unicode></TextEquiv></Word>
	<Word id="r1211">
	<Coords points="934,2291 938,2292 961,2314 963,2315 966,2318 962,2321 960,2322 959,2339 951,2338 925,2336 922,2334 920,2332 919,2329 918,2325 920,2320 921,2317 931,2299"/>
	<TextEquiv>
	<Unicode>ἐς</Unicode></TextEquiv></Word>
	<Word id="r1212">
	<Coords points="1170,2292 1231,2292 1251,2312 1283,2312 1286,2313 1290,2315 1291,2317 1291,2320 1287,2321 1286,2340 1283,2342 1153,2343 1145,2351 1052,2352 1047,2353 1033,2339 1011,2338 1008,2326 1004,2321 1004,2317 1006,2314 1009,2312 1146,2312 1163,2295 1167,2293"/>
	<TextEquiv>
	<Unicode>πρεσβείας</Unicode></TextEquiv></Word>
	<Word id="r1213">
	<Coords points="1355,2292 1355,2293 1358,2293 1358,2303 1359,2303 1359,2312 1510,2312 1510,2311 1511,2311 1511,2310 1512,2310 1512,2309 1513,2309 1513,2308 1514,2308 1514,2307 1515,2307 1515,2306 1516,2306 1516,2305 1517,2305 1517,2304 1518,2304 1518,2303 1519,2303 1519,2302 1520,2302 1520,2301 1521,2301 1521,2300 1522,2300 1522,2299 1523,2299 1523,2298 1524,2298 1524,2297 1525,2297 1525,2296 1526,2296 1526,2295 1527,2295 1527,2294 1528,2294 1528,2293 1529,2293 1529,2292 1529,2293 1531,2293 1531,2294 1532,2294 1532,2295 1533,2295 1533,2296 1534,2296 1534,2297 1535,2297 1535,2298 1536,2298 1536,2299 1537,2299 1537,2300 1538,2300 1538,2301 1539,2301 1539,2302 1540,2302 1540,2303 1541,2303 1541,2304 1542,2304 1542,2305 1543,2305 1543,2306 1544,2306 1544,2307 1545,2307 1545,2308 1546,2308 1546,2309 1547,2309 1547,2310 1548,2310 1548,2311 1549,2311 1549,2312 1550,2312 1550,2313 1619,2313 1619,2314 1640,2314 1640,2315 1642,2315 1642,2316 1644,2316 1644,2317 1645,2317 1645,2321 1640,2321 1640,2322 1639,2322 1639,2341 1637,2341 1637,2342 1636,2342 1636,2343 1454,2343 1454,2344 1453,2344 1453,2345 1452,2345 1452,2346 1451,2346 1451,2347 1450,2347 1450,2348 1449,2348 1449,2349 1448,2349 1448,2350 1447,2350 1447,2351 1446,2351 1446,2352 1445,2352 1445,2353 1444,2353 1444,2354 1444,2353 1442,2353 1442,2352 1369,2352 1369,2346 1370,2346 1370,2343 1371,2343 1371,2340 1372,2340 1372,2337 1341,2337 1341,2336 1337,2336 1337,2335 1336,2335 1336,2334 1335,2334 1335,2330 1334,2330 1335,2330 1335,2326 1336,2326 1336,2323 1337,2323 1337,2320 1338,2320 1338,2319 1339,2319 1339,2318 1341,2318 1341,2317 1343,2317 1343,2316 1344,2316 1344,2315 1347,2315 1347,2314 1350,2314 1350,2313 1351,2313 1351,2294 1353,2294 1353,2293 1355,2293"/>
	<TextEquiv>
	<Unicode>ἁμαρτόντες</Unicode></TextEquiv></Word></TextLine>
	<TextLine id="r131">
	<Coords points="285,2356 287,2357 1583,2360 1587,2361 1607,2381 1643,2381 1645,2397 1647,2400 1641,2407 1637,2409 1430,2409 1414,2424 1412,2422 404,2416 403,2415 402,2410 400,2405 305,2404 303,2403 238,2402 234,2400 232,2397 231,2394 231,2387 232,2385 233,2382 239,2376 244,2375 256,2375 272,2360 278,2359"/>
	<Word id="r1215">
	<Coords points="285,2357 287,2358 310,2377 315,2378 359,2380 361,2383 362,2386 362,2391 360,2397 357,2401 350,2403 304,2403 237,2401 233,2399 232,2397 231,2394 231,2387 232,2385 233,2382 239,2376 244,2375 257,2375 276,2360"/>
	<TextEquiv>
	<Unicode>οὕτω</Unicode></TextEquiv></Word>
	<Word id="r1216">
	<Coords points="414,2360 581,2360 585,2362 605,2377 613,2378 616,2379 620,2382 621,2384 620,2386 616,2388 615,2400 614,2405 613,2407 609,2409 403,2415 402,2407 392,2396 391,2390 392,2384 394,2381 411,2363 412,2361"/>
	<TextEquiv>
	<Unicode>φανερῶς</Unicode></TextEquiv></Word>
	<Word id="r1217">
	<Coords points="722,2359 726,2361 727,2364 728,2366 729,2370 730,2373 732,2394 733,2398 730,2404 723,2406 650,2404 648,2403 648,2399 649,2396 650,2394 651,2391 652,2387 654,2381 664,2379 672,2378 701,2378"/>
	<TextEquiv>
	<Unicode>καὶ</Unicode></TextEquiv></Word>
	<Word id="r1218">
	<Coords points="777,2359 913,2359 933,2379 1002,2379 1008,2381 1011,2383 1011,2389 1007,2390 1006,2407 1005,2409 1003,2410 1002,2411 861,2414 856,2418 845,2407 766,2405 764,2404 762,2402 761,2398 762,2393 763,2390 765,2387 766,2385 776,2368 777,2360"/>
	<TextEquiv>
	<Unicode>ἀθεμίτως</Unicode></TextEquiv></Word>
	<Word id="r1219">
	<Coords points="1076,2361 1104,2381 1111,2382 1116,2387 1115,2389 1111,2390 1109,2409 1103,2411 1099,2410 1059,2407 1057,2406 1054,2404 1053,2402 1052,2396 1053,2393 1054,2389 1056,2386 1069,2370 1070,2366"/>
	<TextEquiv>
	<Unicode>ὡς</Unicode></TextEquiv></Word>
	<Word id="r1220">
	<Coords points="1220,2360 1242,2380 1275,2380 1279,2381 1281,2384 1279,2388 1278,2406 1274,2407 1271,2408 1222,2409 1211,2420 1153,2417 1155,2409 1158,2400 1159,2396 1160,2393 1161,2389 1163,2383 1180,2381 1198,2381"/>
	<TextEquiv>
	<Unicode>μήτε</Unicode></TextEquiv></Word>
	<Word id="r1221">
	<Coords points="1335,2360 1338,2361 1586,2361 1606,2381 1642,2381 1644,2397 1643,2403 1638,2408 1429,2408 1413,2423 1411,2421 1351,2421 1334,2408 1327,2407 1324,2406 1322,2405 1321,2403 1319,2397 1320,2391 1321,2389 1332,2377 1332,2361"/>
	<TextEquiv>
	<Unicode>ἐξαρνεῖσθαι</Unicode></TextEquiv></Word></TextLine>
	<TextLine id="r132">
	<Coords points="276,2447 284,2450 301,2460 311,2461 318,2465 317,2481 316,2485 315,2487 279,2488 276,2489 261,2490 250,2497 241,2492 230,2488 229,2485 230,2481 233,2477 238,2471 240,2468 247,2465 267,2451"/>
	<Word id="r1222">
	<Coords points="276,2448 280,2449 286,2452 303,2461 311,2462 315,2464 316,2465 315,2481 314,2485 314,2487 278,2487 275,2488 255,2492 250,2495 247,2495 245,2494 241,2491 231,2488 229,2487 229,2484 231,2479 235,2474 241,2468 247,2465 252,2463 268,2451 272,2449"/>
	<TextEquiv>
	<Unicode>482</Unicode></TextEquiv></Word></TextLine></TextRegion></Page></PcGts>
