1747 2693
126 254 230 286 CAP.

132 294 216 326 VIII

306 114 600 155 APPIAN'S
642 114 879 155 ROMAN
917 115 1224 169 HISTORY,
1261 117 1437 159 BOOK
1480 117 1593 159 VIII

241 237 369 298 μήτε
398 237 686 300 ἀντιλέγειν
706 237 784 286 ὅτι
809 238 879 300 μὴ
906 243 994 300 τῆς
1019 239 1250 303 ἐσχάτης
1276 239 1395 287 ἐστὲ
1416 239 1652 303 τιμωρίας

245 305 397 367 ἄξιοι.
437 305 488 355 τί
513 305 564 355 δὲ
593 307 667 354 δεῖ
701 310 1006 369 κατηγορεῖν
1033 305 1131 355 τῶν
1160 305 1572 369 ὁμολογούντων;
1614 311 1658 360 ἐς

245 373 443 423 ἱκεσίας
505 375 857 439 καταφεύγετε
907 375 953 423 οἱ
1014 375 1128 437 μηδ᾽
1179 377 1336 439 ὄνομα
1395 375 1658 439 Ῥωμαίων

247 443 590 495 ὑπολιπόντες
625 443 701 496 ἄν,
738 444 779 492 εἰ
821 444 958 507 ὑμεῖς
994 445 1332 507 ἐκρατήσατε.
1372 446 1495 492 ἀλλ᾽
1523 448 1659 508 ἡμεῖς

244 511 335 573 μὲν
361 511 475 560 οὐδέ
501 511 615 559 ποθ᾽
647 513 763 573 ὑμῖν
791 511 942 572 ὅμοια
968 512 1267 572 ποιήσομεν,
1298 513 1408 562 ἐπεὶ
1433 513 1518 563 καὶ
1547 513 1660 566 τοὺς

245 580 496 645 πρέσβεις
525 581 676 643 ὑμῶν,
707 581 780 629 ἔτι
812 582 961 632 ὄντας
994 582 1045 630 ἐν
1080 582 1269 645 Ῥώμῃ,
1299 583 1657 645 παρεσπονδη-

246 648 410 697 κότων
451 650 586 712 ὑμῶν
637 650 723 697 καὶ
762 650 811 702 ἐς
850 651 1101 713 πρέσβεις
1145 652 1493 713 ἁμαρτόντων,
1536 653 1566 713 ἥ
1609 674 1659 700 τε

244 717 398 766 πόλις
438 718 687 771 ἀπέλυσε,
716 718 859 782 κἀγὼ
894 719 1254 782 καταχθέντας
1282 720 1330 772 ἐς
1358 719 1415 769 τὸ
1443 719 1659 784 στρατό-

244 787 398 833 πεδον
447 787 575 851 πρὸς
626 787 753 847 ὑμᾶς
801 787 897 848 ἤδη
948 791 1304 849 πολεμοῦντας
1365 787 1658 853 ἀπέπεμψα

243 855 478 905 ἀπαθεῖς.
520 855 621 919 χρὴ
653 856 691 903 δ᾽
722 856 850 916 ὑμᾶς
876 858 1400 916 καταγιγνώσκοντας
1426 859 1608 911 αὑτῶν,
1637 859 1660 905 ὅ

246 944 294 969 τι
322 927 382 971 ἂν
402 926 625 984 λάβητε,
647 923 817 987 κέρδος
845 925 1104 987 ἡγεῖσθαι.
1125 925 1259 986 λέξω
1282 925 1322 973 δ᾽
1341 925 1371 973 ἅ
1396 947 1482 986 μοι
1509 925 1659 981 δοκεῖ,

247 991 333 1039 καὶ
359 993 388 1053 ἡ
417 992 710 1054 σύγκλητος
738 993 1022 1058 ἐπιψηφιεῖ
1046 994 1078 1042 ἃ
1104 995 1164 1041 ἂν
1192 995 1462 1058 δοκιμάσῃ.

315 1066 390 1107 54.
433 1061 648 1124 Δίδομεν
678 1063 794 1124 ὑμῖν
822 1061 905 1109 καὶ
934 1064 1008 1110 ἔτι
1033 1062 1125 1124 τὴν
1143 1062 1358 1126 εἰρήνην,
1382 1062 1419 1112 ὦ
1448 1065 1660 1127 Καρχη-

247 1128 420 1185 δόνιοι,
471 1130 532 1191 ἢν
574 1129 666 1183 τάς
711 1152 764 1179 τε
808 1134 926 1183 ναῦς
966 1128 1058 1184 τὰς
1094 1131 1295 1194 μακρὰς
1336 1132 1660 1195 παραδιδῶτε

245 1197 514 1261 Ῥωμαίοις
550 1199 708 1263 χωρὶς
745 1199 866 1247 δέκα
900 1200 1083 1263 μόνων,
1115 1201 1198 1248 καὶ
1232 1202 1348 1253 τοὺς
1375 1202 1656 1266 ἐλέφαντας

244 1267 399 1317 ὅσους
443 1268 604 1332 ἔχετε,
646 1267 733 1316 καὶ
776 1267 877 1316 ὅσα
926 1268 1202 1330 ἡρπάσατε
1252 1268 1446 1332 πρῴην,
1488 1271 1518 1331 ἢ
1562 1273 1660 1317 τῶν

244 1325 603 1384 ἀπολωλότων
630 1336 797 1400 τιμήν,
827 1337 947 1398 ἐμοῦ
974 1336 1038 1385 τὰ
1065 1336 1344 1400 ἀμφίβολα
1382 1336 1659 1402 κρίνοντος,

248 1405 332 1452 καὶ
357 1405 674 1470 αἰχμάλωτα
700 1406 873 1454 πάντα
905 1406 989 1455 καὶ
1029 1406 1364 1464 αὐτομόλους,
1394 1407 1480 1455 καὶ
1507 1407 1657 1460 ὅσους

243 1472 491 1534 Ἀννίβας
530 1473 584 1534 ἐξ
623 1473 848 1526 Ἰταλίας
885 1474 1093 1536 ἤγαγεν.
1134 1478 1299 1523 ταῦτα
1325 1476 1416 1537 μὲν
1442 1476 1493 1525 ἐν
1520 1476 1657 1539 τριά-

247 1562 403 1589 κοντα
430 1542 639 1606 ἡμέραις
665 1541 752 1606 ἀφ᾽
782 1543 838 1591 οὗ
865 1543 925 1592 ἂν
952 1545 981 1606 ἡ
1010 1543 1179 1607 εἰρήνη
1205 1544 1374 1608 κριθῇ·
1404 1546 1455 1592 ἐν
1482 1544 1520 1592 δ᾽
1551 1544 1657 1606 ἑξή-

245 1631 404 1657 κοντα
443 1611 650 1671 ἡμέραις
684 1612 921 1674 Μάγωνα
960 1613 1061 1676 χρὴ
1100 1614 1308 1673 Λιγύων
1345 1614 1658 1672 ἀποστῆναι,

243 1678 331 1726 καὶ
370 1678 460 1731 τὰς
497 1680 725 1743 φρουρὰς
766 1681 893 1741 ὑμᾶς
931 1682 1206 1743 ἐξαγαγεῖν
1244 1684 1299 1729 ἐκ
1334 1685 1431 1730 τῶν
1456 1685 1658 1729 πόλεων

242 1748 367 1795 ὅσαι
406 1751 506 1795 τῶν
544 1749 846 1796 Φοινικίδων
885 1749 1095 1813 τάφρων
1132 1750 1274 1800 ἐκτός
1302 1750 1418 1804 εἰσι,
1447 1750 1533 1799 καὶ
1561 1750 1659 1797 ὅσα

244 1817 411 1864 αὐτῶν
461 1817 608 1881 ἔχετε
656 1817 837 1879 ὅμηρα,
881 1817 1180 1873 ἀποδοῦναι,
1232 1818 1319 1867 καὶ
1368 1819 1414 1871 ἐς
1462 1817 1660 1879 Ῥώμην

244 1886 467 1933 ἑκάστου
496 1887 638 1937 ἔτους
665 1886 936 1950 ἀναφέρειν
964 1886 1202 1946 Εὐβοϊκὰ
1227 1888 1462 1936 τάλαντα
1489 1886 1655 1935 διακό-

243 1974 333 2000 σια
353 1954 438 2002 ἐπὶ
456 1955 779 2016 πεντήκοντα
798 1954 1073 2008 ἐνιαυτούς.
1102 1955 1187 2003 καὶ
1213 1956 1341 2016 μήτε
1369 1958 1659 2017 ξενολογεῖν

242 2022 346 2069 ἀπὸ
390 2024 605 2070 Κελτῶν
643 2022 675 2083 ἢ
715 2023 922 2084 Λιγύων
962 2023 1052 2080 ἔτι,
1093 2023 1221 2086 μήτε
1272 2024 1655 2086 Μασσανάσσῃ

240 2090 367 2151 μηδὲ
407 2091 552 2152 ἄλλῳ
591 2090 855 2153 Ῥωμαίων
894 2092 1029 2154 φίλῳ
1062 2096 1322 2154 πολεμεῖν,
1350 2093 1476 2155 μηδὲ
1502 2114 1657 2155 στρα-

241 2160 405 2206 τεύειν
442 2160 555 2208 τινὰ
596 2162 968 2224 Καρχηδονίων
1003 2163 1080 2209 ἐπ᾽
1109 2163 1326 2213 ἐκείνους
1353 2164 1457 2210 ἀπό
1484 2182 1541 2223 γε
1568 2165 1655 2209 τοῦ

243 2232 428 2277 κοινοῦ.
469 2230 560 2290 τὴν
599 2228 649 2277 δὲ
687 2228 844 2277 πόλιν
883 2230 1011 2290 ὑμᾶς
1048 2229 1202 2295 ἔχειν,
1242 2229 1328 2278 καὶ
1358 2229 1452 2291 τὴν
1480 2228 1656 2295 χώραν

241 2298 369 2357 ὅσην
408 2296 548 2349 ἐντὸς
589 2300 690 2346 τῶν
731 2296 1035 2347 Φοινικίδων
1077 2298 1288 2362 τάφρων
1329 2299 1498 2365 εἴχετε
1538 2299 1654 2360 ἐμοῦ

241 2364 580 2418 διαπλέοντος
648 2367 697 2418 ἐς
766 2365 987 2426 Λιβύην.
1060 2365 1329 2426 Ῥωμαίων
1403 2388 1459 2415 τε
1527 2367 1651 2413 εἶναι

241 2449 330 2497 484
