1747 2693
312 118 607 161 APPIAN'S
647 120 883 163 ROMAN
923 123 1231 177 HISTORY,
1267 126 1446 169 BOOK
1484 127 1599 169 VIII

247 239 433 303 φίλους
494 243 579 291 καὶ
646 247 952 309 συμμάχους
1015 249 1148 295 κατὰ
1208 252 1304 308 γῆν
1375 250 1463 298 καὶ
1532 251 1664 298 κατὰ

249 309 544 362 θάλασσαν,
573 311 635 371 ἢν
662 313 856 374 ἀρέσκῃ
897 317 1066 363 ταῦτα
1093 319 1155 379 τῇ
1181 317 1370 380 βουλῇ.
1449 319 1662 381 ἀρεσάν-

247 398 347 423 των
393 378 459 434 δέ,
495 378 777 435 Ῥωμαίους
819 382 1109 447 ἀναχωρεῖν
1149 384 1203 432 ἐκ
1243 385 1444 446 Λιβύης
1481 387 1663 449 πεντή-

247 467 403 494 κοντα
430 446 517 494 καὶ
545 448 726 496 ἑκατὸν
754 449 977 513 ἡμέραις.
1051 451 1245 517 ἀνοχὰς
1279 453 1329 501 δὲ
1360 454 1420 515 ἢν
1458 455 1665 515 ἐθέλητε

246 516 435 573 λαβεῖν
474 516 594 566 ἔστε
630 519 1000 581 πρεσβεύσητε
1040 521 1087 572 ἐς
1118 520 1333 583 Ῥώμην,
1362 522 1553 572 δώσετε
1579 523 1666 585 μὲν

246 583 366 644 ἡμῖν
394 583 583 632 αὐτίκα
610 587 775 648 ὅμηρα
805 587 1127 648 πεντήκοντα
1149 591 1235 638 καὶ
1257 591 1437 641 ἑκατὸν
1457 592 1664 648 παῖδας,

247 653 330 701 οὓς
369 653 430 699 ἂν
469 653 621 705 αὐτὸς
657 653 991 717 ἐπιλέξωμαι,
1022 657 1212 706 δώσετε
1251 658 1302 706 δὲ
1342 660 1389 709 ἐς
1427 658 1664 720 δαπάνην

246 723 309 783 τῇ
361 724 583 786 στρατιᾷ
634 723 777 772 ἄλλα
829 725 1065 774 τάλαντα
1115 727 1267 792 χίλια
1317 728 1405 777 καὶ
1454 729 1674 791 ἀγοράν.

245 788 332 834 καὶ
379 790 661 851 γενομένων
720 794 822 840 τῶν
883 793 1123 844 σπονδῶν
1185 795 1540 861 ἀπολήψεσθε
1601 796 1665 845 τὰ

244 856 457 918 ὅμηρα.”

244 1202 496 1265 πρέσβεις
557 1203 738 1267 ἔφερον
799 1205 846 1255 ἐς
910 1205 1228 1267 Καρχηδόνα
1287 1207 1405 1258 τοὺς
1455 1206 1662 1267 λόγους,

247 1271 513 1320 συνιόντος
541 1272 594 1319 δὲ
615 1276 704 1320 τοῦ
733 1273 966 1333 πλήθους
987 1274 1034 1325 ἐς
1051 1275 1336 1333 ἐκκλησίαν
1353 1276 1436 1323 ἐπὶ
1458 1276 1662 1330 πολλὰς

245 1339 450 1400 ἡμέρας,
480 1343 585 1393 τοῖς
609 1342 700 1401 μὲν
728 1341 961 1403 ἀρίστοις
990 1341 1149 1391 ἐδόκει
1190 1341 1254 1390 τὰ
1292 1343 1661 1408 προτεινόμενα

245 1408 499 1470 δέξασθαι
538 1409 624 1457 καὶ
662 1409 729 1469 μὴ
773 1410 891 1474 περὶ
931 1413 1080 1458 τινῶν
1118 1412 1460 1463 ἀπειθοῦντας
1499 1413 1661 1461 κινδυ-

246 1478 404 1524 νεύειν
432 1478 548 1540 περὶ
576 1478 837 1534 ἁπάντων,
866 1478 922 1526 τὸ
951 1478 988 1526 δ᾽
1018 1480 1265 1542 ἀγοραῖον
1291 1482 1494 1538 πλῆθος
1521 1482 1578 1530 οὐ
1605 1482 1661 1532 τὸ

243 1545 412 1610 παρὸν
453 1545 613 1593 δεινὸν
654 1547 1035 1610 ἐκλογιζόμενοι
1076 1552 1284 1610 μᾶλλον
1321 1550 1348 1609 ἢ
1390 1550 1482 1610 τὴν
1508 1551 1658 1616 ἀφαί-

242 1634 388 1676 ρεσιν
433 1614 501 1662 ὧν
545 1615 745 1679 ἔχουσι,
792 1616 1009 1676 τοσήνδε
1053 1617 1232 1673 οὖσαν,
1275 1618 1534 1675 ἠπείθουν,
1576 1621 1657 1668 καὶ

242 1683 571 1742 ἠγανάκτουν
619 1684 661 1731 εἰ
711 1684 762 1732 ἐν
810 1687 945 1746 λιμῷ
995 1685 1082 1732 τὸν
1125 1688 1270 1734 σῖτον
1320 1686 1368 1735 οἱ
1417 1686 1659 1753 ἄρχοντες

244 1750 512 1814 αἱροῦνται
559 1751 831 1813 Ῥωμαίοις
880 1752 995 1800 ἀντὶ
1044 1756 1144 1802 τῶν
1194 1757 1425 1802 πολιτῶν
1476 1757 1521 1807 ἐς
1571 1756 1661 1809 τὰς

243 1818 437 1885 ἀνοχὰς
486 1824 803 1885 παρασχεῖν,
849 1822 929 1885 ἐφ᾽
971 1822 1195 1870 ἕκαστόν
1239 1844 1292 1870 τε
1331 1823 1500 1872 αὐτῶν
1541 1846 1656 1872 συν-

244 1891 512 1949 ιστάμενοι
576 1892 741 1937 πᾶσιν
802 1888 1051 1947 ἠπείλουν
1113 1893 1203 1941 τὰς
1264 1894 1428 1944 οἰκίας
1489 1896 1658 1941 αὐτῶν

241 1956 551 2020 διαρπάσειν
591 1957 675 2005 καὶ
714 1958 1087 2021 καταπρήσειν.
1162 1958 1308 2012 τέλος
1346 1958 1386 2007 δ᾽
1426 1960 1657 2022 ἔγνωσαν

241 2024 508 2085 Ἀννίβαν,
549 2025 741 2091 ἔχοντα
776 2025 866 2089 μὲν
904 2025 999 2086 ἤδη
1045 2027 1225 2087 πεζοὺς
1267 2028 1655 2095 ἑξακισχιλίους

241 2092 431 2141 ἱππέας
459 2093 509 2141 δὲ
536 2094 929 2148 πεντακοσίους,
959 2095 1320 2153 σταθμεύοντα
1356 2095 1395 2144 δ᾽
1423 2096 1487 2145 ἐν
1504 2096 1654 2146 πόλει

240 2162 528 2223 Μαρθαμά,
575 2161 879 2221 σύμβουλον
919 2162 1003 2211 ἐπὶ
1043 2168 1150 2216 τοῖς
1191 2168 1418 2215 παροῦσι
1458 2171 1652 2215 καλεῖν.

239 2229 263 2278 ὁ
305 2230 345 2277 δ᾽
390 2230 497 2289 ἧκε,
525 2230 613 2278 καὶ
649 2234 748 2279 τῶν
787 2230 1002 2292 μετρίων
1046 2230 1282 2280 δεδιότων
1322 2233 1391 2295 μὴ
1431 2235 1651 2298 φιλοπό-

237 2304 391 2358 λεμος
433 2298 559 2360 ἀνὴρ
600 2297 856 2360 ἐπιτρίψῃ
901 2299 959 2347 τὸ
1008 2301 1226 2361 πλῆθος,
1269 2300 1405 2349 πάνυ
1455 2307 1651 2365 σεμνῶς

236 2366 439 2413 ἐκέλευε
488 2367 580 2425 τὴν
623 2367 822 2429 εἰρήνην
873 2367 1138 2431 δέχεσθαι.
1212 2367 1235 2417 ὁ
1275 2369 1325 2416 δὲ
1370 2370 1523 2431 δῆμος
1566 2373 1647 2419 καὶ

236 2458 323 2503 486

930 1011 997 1053 IX

318 1139 405 1184 55.
433 1135 612 1180 Ταῦτα
674 1138 765 1183 τοῦ
827 1132 1114 1185 Σκιπίωνος
1175 1136 1408 1187 εἰπόντος
1469 1138 1514 1186 οἱ
1574 1140 1664 1201 μὲν

126 249 233 283 CAP.

141 289 221 317 VIII

125 1136 220 1166 CAP.

148 1176 195 1203 IX
