1747 2693
130 297 235 331 CAP.

146 341 192 367 IX

314 163 608 203 APPIAN'S
647 164 882 204 ROMAN
928 165 1232 216 HISTORY,
1268 166 1446 209 BOOK
1487 167 1602 209 VIII

249 283 391 331 τόνδε
415 285 498 331 ὑπ᾽
528 284 680 348 ὀργῆς
707 285 989 343 μανιώδους
1025 289 1365 350 ἐβλασφήμει
1393 291 1478 337 καὶ
1506 294 1667 338 πᾶσιν

247 359 467 417 ἠπείλει,
495 360 649 419 μέχρι
677 364 777 409 τῶν
802 359 1069 422 γνωρίμων
1098 364 1213 413 τοὺς
1249 365 1338 425 μὲν
1359 365 1409 415 ἐς
1435 367 1665 413 Μασσα-

248 435 453 495 νάσσην
480 440 815 496 καταφυγεῖν,
844 437 960 489 τοὺς
1000 438 1049 484 δὲ
1090 438 1136 490 ἐς
1176 439 1361 492 αὐτοὺς
1386 438 1662 501 Ῥωμαίους

248 510 626 571 αὐτομολῆσαι,
656 515 744 571 τῆς
772 512 972 563 πόλεως
1000 512 1338 574 ἀπογνόντας.

320 591 406 635 56.
439 587 508 631 Οἱ
536 585 584 632 δὲ
619 588 966 650 Καρχηδόνιοι
1003 589 1281 650 πυθόμενοι
1321 594 1468 638 σῖτον
1501 591 1664 639 πολὺν

248 661 297 713 ἐς
372 660 612 723 ἐμπόριόν
682 683 729 708 τι
803 663 901 711 ὑπὸ
969 664 1214 723 Ἀννίβου
1288 667 1664 726 σεσωρεῦσθαι,

249 735 473 787 ὁλκάδας
516 737 594 783 ἐπ᾽
636 738 791 785 αὐτὸν
837 738 1122 799 ἐξέπεμπον
1167 740 1252 788 καὶ
1296 744 1415 792 ναῦς
1450 742 1665 803 μακράς,

247 811 538 872 ἐγνωκότες,
587 812 627 859 εἰ
673 813 760 860 τὸν
810 817 957 860 σῖτον
1005 814 1238 872 λάβοιεν,
1284 816 1665 878 ἐκστρατεῦσαι

247 888 333 933 καὶ
357 889 625 949 ὑπομεῖναι
652 891 757 936 πᾶν
783 891 808 936 ὅ
846 910 892 937 τι
931 892 992 937 ἂν
1031 892 1058 950 ἡ
1100 893 1232 955 τύχη
1273 894 1435 954 κρίνῃ,
1462 896 1665 952 μᾶλλον

244 962 274 1022 ἢ
302 963 575 1022 Ῥωμαίοις
604 964 863 1011 δουλεύειν
900 965 1112 1017 ἑκόντες.
1187 966 1296 1013 ἐπεὶ
1326 966 1378 1014 δὲ
1405 966 1586 1029 ἄνεμός
1613 989 1665 1015 τε

246 1039 330 1085 καὶ
381 1039 573 1102 χειμὼν
624 1039 714 1091 τὰς
782 1043 899 1091 ναῦς
961 1040 1303 1104 συνέτριψαν,
1355 1041 1663 1104 ἀπογνόντες

245 1114 490 1161 ἁπάντων
518 1114 804 1174 ἐμέμφοντο
833 1118 937 1166 τοῖς
966 1115 1097 1168 θεοῖς
1136 1117 1201 1168 ὡς
1240 1117 1662 1174 ἐπιβουλεύουσι,

244 1190 328 1236 καὶ
370 1190 695 1237 συνετίθεντο
736 1194 804 1253 τῷ
846 1190 1111 1247 Σκιπίωνι,
1152 1191 1237 1239 καὶ
1281 1192 1659 1254 ἐπρεσβεύοντο

243 1265 290 1313 ἐς
317 1265 532 1327 Ῥώμην.
608 1265 692 1312 καὶ
722 1264 743 1312 ὁ
773 1262 1004 1315 Σκιπίων
1043 1266 1240 1327 ἔπεμπε
1276 1268 1390 1318 τοὺς
1431 1269 1661 1327 συμβου-

242 1340 527 1389 λεύσοντας
579 1345 763 1404 κυροῦν
815 1342 878 1388 τὰ
941 1343 1268 1404 συγκείμενα.
1343 1344 1553 1405 λέγεται
1615 1344 1663 1393 δὲ

242 1419 394 1462 τοῦτο
462 1417 830 1477 ἐσηγήσασθαι
901 1421 962 1478 τῇ
1037 1438 1090 1466 τε
1162 1418 1313 1467 πόλει
1387 1419 1664 1481 συμφέρειν

243 1492 550 1551 ὑπολαβών,
616 1492 703 1539 καὶ
764 1491 1047 1553 πυθόμενος
1118 1494 1302 1541 Γναῖον
1377 1496 1663 1557 Κορνήλιον

242 1567 473 1614 Λέντλον
511 1567 596 1614 τὸν
637 1568 835 1615 ὕπατον
873 1568 1156 1633 ἐφεδρεύειν
1190 1572 1351 1617 αὑτοῦ
1395 1576 1457 1633 τῇ
1501 1592 1660 1634 στρα-

242 1642 411 1707 τηγίᾳ,
466 1642 557 1704 τὴν
607 1642 759 1705 δόξαν
801 1644 892 1690 οὐκ
944 1645 1135 1692 ἐθέλων
1180 1646 1352 1708 ἑτέρου
1403 1648 1670 1707 γενέσθαι.

241 1717 535 1782 προσέταξε
560 1722 683 1780 γοῦν
710 1718 881 1781 λέγειν
909 1719 1155 1767 ἀπιοῦσιν
1188 1720 1267 1768 ὅτι
1298 1720 1661 1785 βραδυνόντων

237 1793 505 1856 Ῥωμαίων
532 1794 684 1844 αὐτὸς
710 1794 787 1856 ἐφ᾽
817 1795 1000 1842 ἑαυτοῦ
1027 1795 1363 1856 συνθήσεται.

311 1873 405 1916 57.
430 1869 499 1915 Οἱ
526 1869 576 1915 δὲ
598 1870 734 1916 πάνυ
754 1869 844 1932 μὲν
865 1869 1046 1930 ἥδοντο
1068 1871 1439 1933 κεκρατηκότες
1461 1873 1658 1926 πόλεως

240 1944 519 2006 τοσαύτης,
565 1945 594 2004 ἣ
646 1945 824 1992 πολλὰ
866 1945 951 1993 καὶ
999 1945 1135 1994 δεινὰ
1176 1947 1427 2011 πρότερον
1477 1950 1658 2001 αὐτοὺς

240 2021 514 2085 ἐδεδράκει,
544 2020 630 2067 καὶ
670 2024 769 2068 τῶν
805 2021 889 2070 ἐπὶ
928 2025 1016 2082 τῆς
1042 2026 1135 2084 γῆς
1164 2023 1402 2087 δευτέραν
1428 2024 1456 2086 ἢ
1486 2024 1658 2087 τρίτην

240 2095 378 2160 εἶχεν
415 2094 707 2159 ἡγεμονίαν·
750 2095 797 2142 οἱ
834 2096 1134 2158 σύμβουλοι
1173 2098 1211 2145 δ᾽
1252 2098 1583 2158 ἐστασίαζον,
1612 2101 1656 2150 οἱ

239 2171 329 2233 μὲν
379 2171 454 2220 ἔτι
506 2171 600 2218 σὺν
652 2172 776 2233 ὀργῇ
828 2175 1234 2237 χαλεπαίνοντες
1283 2177 1387 2227 τοῖς
1444 2177 1655 2239 Καρχη-

241 2245 441 2300 δονίοις,
469 2246 514 2294 οἱ
541 2246 590 2293 δὲ
619 2247 875 2297 ἐλεοῦντες
906 2248 1092 2298 αὐτοὺς
1130 2248 1241 2307 ἤδη,
1271 2248 1355 2296 καὶ
1398 2250 1655 2311 ἀξιοῦντες

239 2323 288 2369 ἐν
350 2325 461 2371 ταῖς
530 2320 834 2386 ἀλλοτρίαις
911 2326 1204 2385 συμφοραῖς
1280 2324 1336 2371 τὸ
1405 2327 1655 2388 σφέτερον

236 2398 503 2460 εὐπρεπῶς
554 2397 898 2445 διατίθεσθαι.
974 2399 1278 2449 ὑπαναστὰς
1330 2399 1380 2448 δέ
1432 2421 1505 2453 τις
1555 2405 1653 2449 τῶν

236 2488 324 2537 488
