1747 2693
110 309 209 339 CAP.

121 348 174 381 IX

294 173 590 224 APPIAN'S
631 173 865 214 ROMAN
906 174 1214 227 HISTORY,
1251 175 1428 217 BOOK
1468 175 1583 216 VIII

229 293 517 349 Σκιπίωνος
537 297 703 362 φίλων
726 297 883 346 εἶπεν·
908 299 1013 347 "οὐ
1034 298 1151 363 περὶ
1170 304 1258 361 τῆς
1283 298 1649 361 Καρχηδονίων

231 375 489 438 σωτηρίας
532 376 673 425 ἐστὶν
715 377 834 437 ἡμῖν
876 377 902 436 ἡ
945 376 1169 444 φροντίς,
1207 377 1244 425 ὦ
1284 377 1474 440 ἄνδρες,
1508 376 1646 424 ἀλλὰ

225 453 348 518 περὶ
375 458 463 515 τῆς
488 453 754 518 Ῥωμαίων
786 455 842 514 ἔς
864 476 919 503 τε
952 456 1095 509 θεοὺς
1133 455 1359 508 πίστεως
1400 456 1485 504 καὶ
1524 456 1648 519 πρὸς

230 532 426 595 ἀνδρῶν
455 532 723 595 εὐφημίας,
745 532 815 596 μὴ
840 533 1210 596 Καρχηδονίων
1233 534 1398 582 αὐτῶν
1422 532 1648 597 ὠμότερα

234 610 520 672 πράξωμεν,
541 611 588 658 οἳ
613 610 987 674 Καρχηδονίοις
1017 610 1259 673 ὠμότητα
1288 613 1649 672 ἐπικαλοῦμεν,

229 689 316 735 καὶ
376 689 775 760 μετριοπαθείας
832 689 908 737 ἀεὶ
970 684 1344 759 φροντίσαντες
1407 690 1492 739 ἐπὶ
1553 692 1649 739 τῶν

227 767 586 831 βραχυτέρων,
638 767 982 830 ἀμελήσωμεν
1037 768 1085 816 ἐν
1144 771 1247 819 τοῖς
1306 769 1552 828 μείζοσιν·
1620 768 1648 815 ἃ

226 845 353 904 μηδὲ
379 847 563 894 λαθεῖν
582 845 756 903 ἔνεστι
785 845 866 893 διὰ
896 846 952 894 τὸ
973 846 1201 908 μέγεθος,
1222 846 1341 893 ἀλλ᾽
1366 846 1413 897 ἐς
1435 846 1650 895 ἅπασαν

226 928 322 985 γῆν
349 924 745 986 περιελεύσεται
781 924 867 972 καὶ
895 927 980 972 νῦν
1019 924 1104 972 καὶ
1144 925 1374 988 ὕστερον,
1402 924 1462 984 ἢν
1492 924 1650 973 πόλιν

228 1004 547 1069 περιώνυμον
610 1004 696 1052 καὶ
761 1003 1245 1067 θαλασσοκράτορα
1296 1004 1571 1066 ἀνέλωμεν,
1619 1005 1646 1066 ἣ

228 1083 314 1131 καὶ
348 1083 519 1143 νήσων
549 1083 670 1141 ἦρξε
701 1084 920 1130 πολλῶν
960 1082 1046 1129 καὶ
1080 1082 1362 1143 θαλάσσης
1404 1083 1528 1143 ὅλης
1566 1083 1649 1131 καὶ

229 1161 429 1222 Λιβύης
457 1161 583 1222 ὑπὲρ
610 1162 787 1221 ἥμισυ,
817 1161 867 1209 ἔν
900 1182 954 1210 τε
986 1165 1092 1213 τοῖς
1128 1161 1254 1223 πρὸς
1294 1163 1424 1223 ἡμᾶς
1463 1163 1648 1214 αὐτοὺς

229 1243 400 1304 ἀγῶσι
460 1239 640 1288 πολλὰ
695 1239 780 1288 καὶ
845 1239 1015 1304 τύχης
1069 1240 1155 1286 καὶ
1218 1240 1474 1303 δυνάμεως
1526 1240 1650 1304 ἔργα

229 1320 541 1380 ἐπεδείξατο,
571 1311 642 1369 οἷς
682 1319 755 1365 ἔτι
792 1319 882 1380 μὲν
919 1321 1304 1393 φιλονεικοῦσιν
1333 1317 1509 1379 ἐρίζειν
1535 1318 1646 1373 ἔδει,

228 1397 495 1447 πεσόντων
537 1397 588 1444 δὲ
628 1396 915 1461 φείδεσθαι,
956 1396 1093 1443 καθὰ
1135 1396 1219 1443 καὶ
1264 1399 1365 1444 τῶν
1408 1396 1647 1457 ἀθλητῶν

227 1475 389 1526 οὐδεὶς
415 1475 501 1525 τὸν
529 1475 761 1524 πεσόντα
789 1475 862 1523 ἔτι
890 1475 1088 1528 τύπτει,
1118 1474 1203 1522 καὶ
1239 1477 1340 1523 τῶν
1374 1475 1558 1538 θηρίων
1586 1476 1647 1528 τὰ

229 1553 409 1603 πολλὰ
440 1553 671 1619 φείδεται
713 1556 814 1602 τῶν
858 1552 1282 1601 καταπεσόντων.
1335 1553 1498 1602 καλὸν
1533 1554 1571 1602 δ᾽
1601 1555 1647 1601 ἐν

229 1637 337 1691 τοῖς
376 1634 710 1699 εὐτυχήμασι
737 1632 940 1696 νέμεσιν
982 1633 1108 1680 θεῶν
1146 1633 1525 1697 φυλάσσεσθαι
1564 1633 1648 1680 καὶ

229 1713 514 1775 ἀνθρώπων
542 1710 745 1775 φθόνον.
798 1710 840 1758 εἰ
879 1709 931 1757 δέ
969 1730 1064 1767 τις,
1091 1710 1193 1758 ὅσα
1236 1709 1463 1775 ἔδρασαν
1502 1714 1647 1769 ἡμᾶς,

228 1791 459 1855 ἀκριβῶς
501 1787 840 1852 ἐκλογίζεται,
886 1788 1012 1836 αὐτὸ
1052 1789 1291 1852 μάλιστά
1332 1791 1447 1837 ἐστι
1497 1793 1647 1837 τοῦτο

229 1874 317 1931 τῆς
359 1869 521 1937 τύχης
561 1868 617 1917 τὸ
660 1867 1045 1932 φοβερώτατον,
1087 1867 1132 1915 εἰ
1170 1867 1287 1930 περὶ
1327 1867 1481 1929 μόνης
1535 1867 1646 1930 ἄρτι

230 1946 486 2010 σωτηρίας
538 1950 945 2011 παρακαλοῦσιν
994 1943 1045 1994 οἱ
1102 1945 1244 2000 πόσα
1299 1945 1387 1992 καὶ
1447 1945 1645 2007 πηλίκα

229 2026 547 2088 δεδυνημένοι
593 2026 781 2088 δρᾶσαι
826 2024 911 2073 καὶ
955 2025 1013 2073 οὐ
1052 2024 1152 2088 πρὸ
1197 2028 1404 2072 πολλοῦ
1443 2024 1560 2089 περί
1597 2047 1657 2080 τε

225 2102 468 2156 Σικελίας
495 2103 583 2160 καὶ
604 2102 838 2166 Ἰβηρίας
866 2105 1041 2156 καλῶς
1069 2103 1463 2166 ἀγωνισάμενοι.
1528 2103 1645 2156 ἀλλ᾽

228 2183 427 2230 ἐκείνων
478 2183 568 2245 μὲν
619 2183 758 2233 δίκας
812 2182 1013 2235 ἔδοσαν,
1065 2184 1164 2229 τῶν
1227 2180 1278 2230 δὲ
1339 2180 1648 2229 τελευταίων

230 2260 588 2323 παραβάσεων
632 2259 784 2316 λιμὸν
828 2258 1113 2312 αἰτιῶνται,
1156 2255 1312 2304 κακὸν
1364 2255 1648 2320 ἀνθρώποις

231 2334 636 2388 ἐπιπονώτατον,
687 2331 711 2380 ὃ
760 2331 961 2384 πάντας
1000 2332 1218 2396 ἐξαιρεῖν
1257 2330 1468 2380 δύναται
1505 2339 1645 2395 λογι-

229 2409 405 2470 σμούς.

234 2514 321 2553 490
