1747 2693
111 285 211 322 CAP.

134 327 179 354 IX

293 152 587 194 APPIAN'S
627 152 864 195 ROMAN
903 155 1206 210 HISTORY,
1246 157 1424 199 BOOK
1462 151 1593 205 VIII

301 281 375 321 58.
417 276 552 337 Ἐγὼ
576 276 613 323 δ᾽
636 278 725 325 οὐκ
748 276 842 338 ἐρῶ
858 277 947 339 μὲν
966 276 1109 326 οὐδὲν
1128 278 1254 342 ὑπὲρ
1276 279 1644 344 Καρχηδονίων

229 351 309 411 (οὐ
341 351 441 413 γὰρ
477 351 657 414 ἄξιον),
700 351 801 399 οὐδ᾽
843 353 1010 414 ἀγνοῶ
1048 352 1135 401 καὶ
1175 354 1422 417 πρότερον
1461 356 1644 407 αὐτοὺς

229 425 398 475 ἄλλας
438 427 698 487 συνθήκας
737 427 836 488 πρὸ
874 427 1032 476 τῶνδε
1070 431 1392 490 παραβῆναι·
1433 432 1465 479 ἃ
1491 432 1532 478 δ᾽
1561 432 1643 480 ἐπὶ

230 504 333 554 τοῖς
362 502 610 551 τοιούτοις
637 505 901 552 ποιοῦντες
938 504 984 551 οἱ
1018 505 1235 566 πατέρες
1270 506 1412 567 ἡμῶν
1446 508 1494 556 ἐς
1532 505 1645 555 τόδε

228 577 390 643 τύχης
440 578 723 641 προῆλθον,
773 577 978 631 εἰδότας
1021 580 1148 642 ὑμᾶς
1198 581 1493 642 ἀναμνήσω.
1547 584 1644 629 τῶν

227 653 327 714 γὰρ
388 654 628 714 γειτόνων
688 655 808 716 ἡμῖν
869 655 1026 707 τωνδε
1085 656 1296 703 πάντων
1359 657 1411 705 ἐν
1471 656 1649 720 κύκλῳ

227 729 491 784 πολλάκις
565 730 909 777 ἀποστάντων
971 733 1057 778 καὶ
1126 734 1356 780 σπονδὰς
1418 736 1646 798 συνεχῶς

226 803 502 851 λυσάντων
563 805 621 851 οὐ
682 803 1095 869 κατεφρόνησαν,
1158 806 1217 854 οὐ
1278 808 1527 862 Λατίνων,
1590 811 1646 856 οὐ

227 881 515 943 Τυρρηνῶν,
543 880 601 927 οὐ
630 879 885 938 Σαβίνων.
937 880 1053 933 τούς
1089 901 1144 929 τε
1182 881 1245 929 αὖ
1284 882 1390 936 μετ᾽
1430 882 1643 936 ἐκείνους

229 958 617 1019 περιοικοῦντας
669 956 789 1017 ἡμῖν
833 955 1090 1007 Αἰκανοὺς
1140 956 1226 1004 καὶ
1278 958 1643 1012 Οὐολούσκους

228 1030 315 1078 καὶ
360 1030 696 1093 Καμπανούς,
740 1030 824 1079 καὶ
865 1030 966 1079 ὅσα
1008 1031 1150 1080 ἄλλα
1197 1037 1284 1094 τῆς
1322 1032 1549 1086 Ἰταλίας
1600 1036 1646 1086 ἐς

227 1104 457 1155 σπονδὰς
533 1106 763 1164 ὕβρισεν,
841 1108 1107 1160 εὐσταθῶς
1167 1109 1363 1172 ἔφερον.
1443 1111 1530 1158 καὶ
1589 1111 1643 1158 τὸ

229 1180 492 1229 Σαυνιτῶν
537 1181 676 1242 γένος
722 1181 830 1243 τρὶς
869 1181 959 1242 μὲν
1010 1181 1189 1245 φιλίας
1241 1184 1327 1231 καὶ
1377 1185 1645 1245 συνθηκῶν

228 1261 655 1322 καταφρονῆσαν,
705 1257 844 1304 ἔτεσι
894 1256 933 1303 δ᾽
993 1256 1309 1320 ὀγδοήκοντα
1371 1260 1643 1322 μεγίστους

227 1333 348 1394 ἡμῖν
373 1331 631 1394 πολέμους
659 1332 1023 1393 πεπολεμηκὸς
1062 1334 1153 1381 οὐκ
1193 1334 1504 1392 ἀνέστησαν,
1532 1336 1643 1385 οὐδὲ

228 1407 345 1458 τοὺς
396 1407 589 1457 ἄλλους
641 1408 754 1455 ὅσοι
806 1401 1013 1472 Πύρρον
1060 1411 1462 1472 προσηγάγοντο
1512 1412 1643 1460 κατὰ

229 1488 316 1544 τῆς
338 1477 588 1541 Ἰταλίας.
642 1483 745 1532 οὐδ᾽
773 1485 929 1545 ἡμεῖς,
958 1483 1022 1531 τὰ
1062 1485 1281 1548 ἔναγχος
1318 1489 1499 1542 ταῦτα,
1528 1487 1643 1541 τοὺς

227 1559 448 1608 Ἰταλῶν
520 1558 746 1631 Ἀννίβᾳ
813 1561 1196 1625 προσθεμένους
1270 1562 1641 1625 διεφθείραμεν,

227 1635 341 1683 οὐδὲ
370 1635 659 1698 Βρεττίους,
687 1635 735 1682 οἳ
771 1634 925 1699 μέχρι
967 1635 1146 1686 τέλους
1183 1636 1324 1700 αὐτῷ
1363 1638 1641 1700 συνηγωνί-

226 1725 406 1765 σαντο,
436 1703 579 1750 ἀλλὰ
605 1706 669 1774 γῇ
696 1703 823 1765 μόνῃ
856 1704 1201 1766 ζημιώσαντες
1237 1705 1483 1769 εἰάσαμεν
1508 1706 1643 1772 ἔχειν

227 1772 291 1820 τὰ
338 1772 621 1837 ὑπόλοιπα,
658 1773 721 1822 ὡς
766 1772 978 1825 εὐσεβὲς
1018 1771 1142 1838 ὁμοῦ
1180 1773 1266 1827 καὶ
1310 1774 1357 1825 ἐς
1400 1774 1643 1840 εὐτυχίαν

226 1843 345 1902 ἡμῖν
404 1842 679 1906 χρήσιμον,
729 1841 797 1901 μὴ
860 1840 1122 1906 ἀφανίζειν
1184 1842 1468 1912 ἀνθρώπων
1523 1843 1640 1905 γένη

225 1914 428 1972 μᾶλλον
454 1911 484 1971 ἢ
514 1912 802 1964 νουθετεῖν.

297 1983 372 2025 59.
407 1980 473 2025 Τί
513 1979 601 2026 οὖν
639 1977 890 2027 παθόντες
931 1977 1016 2032 ἐπὶ
1066 1977 1433 2041 Καρχηδονίων
1477 1982 1641 2030 ἀλλά-

227 2048 390 2107 ξωμεν
418 2047 509 2106 τὴν
535 2046 713 2105 φύσιν,
742 2047 769 2109 ᾗ
807 2048 1058 2109 χρώμενοι
1091 2048 1245 2111 μέχρι
1278 2051 1364 2097 νῦν
1399 2049 1640 2113 εὐτυχοῦ-

224 2137 339 2175 μεν;
396 2116 476 2163 ὅτι
514 2114 698 2175 μείζων
746 2116 889 2162 ἐστὶν
930 2117 961 2175 ἡ
1003 2112 1155 2171 πόλις
1199 2118 1353 2174 αὕτη;
1411 2119 1471 2164 δι᾽
1513 2120 1637 2167 αὐτὸ

225 2183 398 2247 μέντοι
425 2184 508 2231 καὶ
543 2186 694 2231 τοῦτο
728 2187 935 2245 μᾶλλον
972 2183 1047 2231 ἔτι
1086 2184 1285 2247 φειδοῦς
1328 2185 1466 2247 ἀξία.
1518 2186 1636 2234 ἀλλ᾽

224 2254 305 2299 ὅτι
343 2253 604 2303 πολλάκις
648 2251 1078 2315 παρεσπόνδησεν
1119 2251 1164 2304 ἐς
1201 2254 1363 2320 ἡμᾶς;
1417 2254 1505 2302 καὶ
1540 2254 1636 2322 γὰρ

226 2322 401 2380 ἕτεροι,
427 2321 514 2368 καὶ
539 2320 728 2383 σχεδὸν
763 2321 1002 2369 ἅπαντες.
1055 2315 1184 2367 ἀλλ᾽
1215 2324 1292 2368 ὅτι
1330 2320 1516 2385 μικρὰν
1554 2327 1639 2372 νῦν

225 2388 540 2452 ὑφίστανται
585 2384 850 2450 τιμωρίαν;
910 2390 976 2445 ὧν
1018 2385 1127 2449 νῆές
1168 2409 1223 2436 τε
1266 2393 1437 2438 πᾶσαι
1480 2393 1636 2454 χωρὶς

225 2494 311 2533 492
