1747 2693
104 314 211 346 CAP.

134 353 179 380 IX

279 176 578 221 APPIAN'S
619 175 852 216 ROMAN
896 174 1201 224 HISTORY,
1241 172 1416 214 BOOK
1457 172 1571 214 VIII

216 298 359 354 δέκα
407 303 804 364 παραιροῦνται,
874 297 959 347 καὶ
1021 297 1137 350 τοὺς
1200 297 1503 361 ἐλέφαντας,
1566 297 1638 347 οἷς

224 379 490 445 ἰσχύουσι,
541 376 908 441 παραδιδόασι,
960 377 1045 425 καὶ
1107 376 1345 424 τάλαντα
1406 375 1639 434 Εὐβοϊκὰ

221 458 377 521 μύρια
417 461 645 512 τελοῦσι,
685 456 772 505 καὶ
815 456 1019 504 πόλεων
1058 455 1282 502 ἁπασῶν
1320 452 1641 517 ἀφίστανται

223 536 310 586 καὶ
348 537 520 600 χώρας
562 535 688 595 ὅσης
730 534 984 599 ἄρχουσιν
1023 531 1168 583 ἐκτὸς
1205 535 1304 579 τῶν
1344 531 1641 578 Φοινικίδων

224 615 449 679 τάφρων,
500 614 587 661 καὶ
637 616 1015 677 στρατολογεῖν
1058 611 1233 663 αὐτοῖς
1275 609 1640 671 ἀπηγόρευται,

226 696 311 750 καὶ
362 695 462 741 ὅσα
504 690 847 754 λιμώττοντες
893 691 1144 754 ἥρπασαν
1185 688 1526 736 ἀποδιδόασιν
1572 688 1640 735 ἔτι

222 774 583 833 λιμώττοντες,
637 772 723 817 καὶ
774 772 874 817 τῶν
925 766 1233 832 ἀμφιλόγων
1284 766 1426 815 ἐστὶν
1469 769 1650 818 αὐτοῖς

226 849 454 898 Σκιπίων
499 848 521 897 ὁ
564 847 870 909 πολεμήσας
914 846 1104 909 κριτής.
1157 844 1255 907 ἐγὼ
1294 844 1385 907 μὲν
1428 844 1514 892 καὶ
1553 849 1645 896 τοῦ

224 924 469 986 μεγέθους
520 923 678 972 τῶνδε
730 923 814 971 καὶ
864 925 955 971 τοῦ
1017 921 1259 983 πλήθους
1314 919 1507 969 ἐπαινῶ
1560 919 1644 967 τὸν

220 1001 514 1059 Σκιπίωνα,
558 1004 644 1051 καὶ
696 1002 823 1064 ὑμᾶς
886 1002 1012 1063 ἀξιῶ
1068 998 1359 1064 φείσασθαι
1417 998 1498 1046 διὰ
1561 998 1644 1046 τὸν

225 1081 417 1147 φθόνον
456 1082 542 1130 καὶ
588 1080 678 1140 τὴν
718 1082 816 1128 τῶν
855 1076 1186 1140 ἀνθρωπείων
1226 1076 1545 1137 μεταβολήν,
1576 1076 1649 1135 οἷς

225 1162 355 1208 εἰσὶν
417 1161 491 1208 ἔτι
555 1163 681 1219 νῆες,
731 1159 852 1219 πρὶν
914 1156 1238 1213 συνθώμεθα,
1300 1154 1500 1208 πολλαὶ
1562 1155 1645 1201 καὶ

226 1239 428 1301 πλῆθος
457 1237 767 1301 ἐλεφάντων,
787 1235 873 1284 καὶ
891 1234 1137 1294 Ἀννίβας
1157 1235 1645 1297 στρατηγικώτατος

227 1319 354 1381 ἀνὴρ
393 1318 486 1377 ἤδη
528 1317 780 1380 στρατιὰν
820 1316 945 1380 ἔχει,
973 1315 1059 1361 καὶ
1093 1313 1296 1375 Μάγων
1335 1313 1388 1360 ἐκ
1434 1314 1646 1359 Κελτῶν

223 1396 311 1445 καὶ
339 1394 544 1458 Λιγύων
573 1394 772 1457 ἑτέρους
801 1392 914 1456 ἄγει
954 1391 1203 1448 πολλούς,
1232 1391 1317 1439 καὶ
1361 1391 1647 1454 Οὐερμινᾶς

224 1477 249 1525 ὁ
282 1474 524 1540 Σύφακος
563 1474 739 1525 αὐτοῖς
778 1474 1050 1537 συμμαχεῖ
1087 1470 1172 1519 καὶ
1212 1469 1355 1518 ἄλλα
1394 1470 1647 1531 Νομάδων

225 1555 358 1615 ἔθνη,
403 1552 618 1602 δούλους
659 1572 714 1599 τε
758 1549 949 1616 ἔχουσι
989 1547 1237 1600 πολλούς.
1289 1547 1375 1596 καὶ
1420 1547 1477 1608 ἢν
1521 1549 1646 1595 ἀπο-

225 1636 388 1694 γνῶσι
428 1633 492 1679 τὰ
531 1628 652 1694 παρ᾽
694 1632 847 1692 ἡμῶν,
877 1628 1096 1693 ἀφειδῶς
1135 1627 1304 1676 ἅπασι
1342 1627 1645 1692 χρήσονται.

226 1710 595 1777 χαλεπώτερον
637 1707 674 1757 δ᾽
716 1708 858 1757 οὐδὲν
900 1707 1133 1773 ἀφειδίας
1170 1707 1219 1756 ἐν
1250 1706 1463 1772 μάχαις,
1493 1705 1543 1755 ἐν
1570 1705 1647 1758 αἷς

225 1790 311 1847 καὶ
339 1790 393 1838 τὸ
423 1789 683 1851 δαιμόνιον
711 1787 982 1850 ἀνώμαλον
1008 1786 1092 1833 καὶ
1122 1784 1403 1850 ἐπίφθονόν
1431 1783 1587 1831 ἐστιν.

296 1874 370 1917 60.
398 1867 471 1915 Ἃ
517 1867 605 1915 καὶ
667 1863 898 1915 Σκιπίων
953 1864 1114 1913 ἔοικεν
1170 1864 1492 1928 ὑφορώμενος
1541 1864 1646 1910 ἐπι-

224 1951 436 2008 στεῖλαι
480 1949 570 2008 μὲν
615 1948 735 2007 ἡμῖν
762 1943 854 2005 τὴν
881 1944 1068 1992 ἑαυτοῦ
1093 1943 1314 2005 γνώμην,
1344 1943 1573 1990 ἐπειπεῖν
1607 1942 1646 1989 δ᾽

223 2025 302 2081 ὅτι
331 2025 415 2074 καὶ
444 2023 810 2086 βραδυνόντων
837 2022 1174 2084 συνθήσεται.
1232 2020 1363 2071 εἰκὸς
1390 2021 1429 2068 δ᾽
1460 2021 1646 2068 ἐκεῖνον

224 2104 309 2152 καὶ
352 2104 473 2152 τάδε
515 2103 718 2166 ἄμεινον
759 2102 901 2164 ἡμῶν
943 2100 1308 2162 ἐκλογίζεσθαι
1358 2098 1445 2147 καὶ
1485 2097 1645 2156 πλέον

224 2205 272 2232 τι
322 2185 562 2244 συνορᾶν,
616 2181 739 2229 ὄντα
791 2180 875 2228 ἐπὶ
926 2181 1025 2226 τῶν
1076 2179 1253 2242 ἔργων.
1334 2176 1642 2239 λυπήσομέν

223 2282 293 2313 τε,
358 2262 665 2321 ἀκυροῦντες
721 2260 881 2307 αὐτοῦ
944 2256 1034 2319 τὴν
1097 2256 1424 2319 παραίνεσιν,
1488 2255 1644 2319 ἄνδρα

223 2334 512 2401 φιλόπολιν
551 2334 639 2391 καὶ
687 2332 987 2398 στρατηγὸν
1026 2332 1302 2396 ἐξαίρετον,
1343 2331 1393 2383 ὃς
1445 2330 1547 2379 οὐδ᾽
1599 2331 1645 2380 ἐς

223 2412 429 2472 Λιβύην
500 2412 634 2472 ἡμᾶς
708 2409 1025 2471 ὁρμωμένους
1093 2403 1373 2478 παρώξυνέ
1424 2426 1496 2460 τε,
1556 2406 1660 2458 καὶ

210 2517 313 2566 494
