1747 2693
105 322 212 361 CAP.

131 362 180 402 IX

292 188 586 231 APPIAN'S
627 189 858 230 ROMAN
903 190 1206 241 HISTORY,
1245 191 1420 231 BOOK
1462 191 1575 232 VIII

226 310 481 374 στρατιὰν
523 312 580 359 oὐ
620 312 806 370 λαβὼν
845 312 982 375 αὑτῷ
1034 313 1414 380 συνεστήσατο,
1455 313 1543 362 καὶ
1579 313 1660 375 τὰ

227 385 330 432 ἐκεῖ
372 385 668 449 προήγαγεν
709 387 829 446 ἡμῖν
868 387 913 440 ἐς
955 388 1078 437 ὅσον
1119 390 1206 451 οὐκ
1249 388 1542 451 ἠλπίζομεν.
1617 389 1641 437 ὃ

226 462 314 522 καὶ
365 462 644 524 θαυμάζειν
692 462 851 525 ἄξιον,
902 463 978 510 ὅτι
1028 463 1268 529 ῥᾳθύμως
1327 464 1531 529 ἔχοντες
1593 464 1642 513 ἐν

226 537 363 601 ἀρχῇ
409 538 555 585 τοῦδε
596 541 686 586 τοῦ
736 538 969 601 πολέμου
1010 542 1095 587 νῦν
1147 539 1290 604 ἔχετε
1341 538 1641 604 φιλονείκως

226 612 311 670 καὶ
342 612 585 675 ἀμέτρως.
661 614 703 660 εἰ
732 614 780 662 δέ
817 635 890 666 τις
927 618 1092 672 ταῦτα
1118 615 1209 675 μὲν
1237 618 1437 676 ἡγεῖται
1473 619 1650 674 καλῶς

226 688 378 753 ἔχειν,
408 688 536 745 δέδιε
563 688 614 747 δὲ
639 689 709 758 μὴ
736 690 825 748 καὶ
850 694 935 738 νῦν
962 690 1052 742 τὰς
1079 690 1307 743 σπονδὰς
1324 693 1642 753 παραβῶσιν

226 764 275 810 οἱ
314 763 683 839 Καρχηδόνιοι,
725 766 965 827 μάλιστα
1010 766 1101 827 μὲν
1139 767 1271 817 εἰκὸς
1324 767 1508 819 αὐτοὺς
1545 767 1641 827 ἤδη

225 840 464 898 σπονδῶν
515 844 756 914 φυλακῆς
806 841 1170 897 αἰσθάνεσθαι,
1211 841 1390 908 πολλὰ
1441 845 1495 890 ἐκ
1544 845 1642 891 τῶν

222 915 588 977 παραβάσεων
626 916 911 972 παθόντας,
940 916 1025 964 καὶ
1064 917 1155 972 τὴν
1193 917 1466 986 εὐσέβειαν
1501 920 1556 970 ἐς
1586 917 1657 973 τὸ

223 989 420 1050 μέλλον
468 990 790 1051 ποιήσεσθαι
850 991 967 1070 περὶ
1017 996 1238 1048 πολλοῦ,
1290 994 1346 1053 ἐξ
1394 993 1648 1052 ἀσεβείας

224 1067 285 1125 ἐς
308 1067 432 1133 γόνυ
471 1067 749 1126 πεσόντας·
792 1068 880 1120 οὐκ
916 1068 1028 1117 ἔστι
1070 1069 1128 1116 δὲ
1162 1071 1260 1116 τῶν
1305 1069 1474 1118 αὐτῶν
1513 1091 1639 1133 συμ-

221 1140 432 1200 βούλων
471 1141 586 1220 ἄρτι
609 1142 715 1218 μὲν
754 1148 1101 1222 καταφρονεῖν
1134 1147 1232 1192 τῶν
1273 1144 1642 1219 Καρχηδονίων

224 1219 289 1275 ὡς
339 1218 481 1278 οὐδὲν
532 1218 605 1275 ἔτι
656 1218 961 1282 ἰσχυόντων,
1015 1219 1229 1267 δεδιέναι
1281 1220 1322 1267 δ᾽
1375 1221 1520 1272 αὖθις
1581 1222 1648 1274 ὡς

225 1294 522 1354 ἀποστῆναι
572 1294 893 1354 δυναμένους.
963 1297 1085 1354 ἡμῖν
1138 1296 1203 1344 δὲ
1238 1296 1294 1343 τὸ
1346 1296 1641 1366 φυλάσσειν

222 1367 409 1422 αὐτοὺς
435 1369 484 1420 ἐς
511 1368 568 1416 τὸ
603 1369 675 1437 μὴ
715 1370 878 1418 πάλιν
918 1371 1170 1433 αὔξεσθαι
1210 1375 1298 1419 τοῦ
1327 1375 1414 1420 νῦν
1443 1375 1641 1431 ἀνελεῖν

222 1444 587 1508 εὐχερέστερόν
627 1445 756 1492 ἐστι·
813 1449 898 1493 νῦν
938 1446 1028 1508 μὲν
1067 1446 1164 1509 γὰρ
1206 1448 1262 1509 ἐξ
1298 1447 1636 1518 ἀπογνώσεως

221 1522 532 1584 μαχοῦνται,
580 1521 794 1583 ὕστερον
840 1521 880 1569 δ᾽
932 1521 1008 1569 ἀεὶ
1059 1522 1286 1572 δεδιότας
1337 1523 1639 1584 τηρήσομεν.

221 1596 338 1644 ἅλις
370 1594 419 1642 δὲ
458 1598 631 1642 κακῶν
670 1596 846 1658 ἕξουσι
884 1596 972 1645 καὶ
1009 1596 1166 1661 χωρὶς
1204 1599 1363 1660 ἡμῶν,
1392 1598 1464 1650 οἷς
1503 1598 1558 1646 οἵ
1588 1621 1652 1650 τε

222 1671 476 1735 περίοικοι
502 1671 692 1723 πάντες
719 1671 1074 1737 ἐπικείσονται
1103 1671 1526 1735 δυσμεναίνοντες
1553 1681 1645 1737 τῆς

220 1746 347 1793 ποτὲ
386 1745 526 1805 βίας,
560 1746 647 1795 καὶ
686 1749 1115 1808 Μασσανάσσης,
1156 1749 1282 1810 ἀνὴρ
1325 1749 1647 1814 πιστότατος

219 1823 351 1895 ἡμῖν,
394 1822 689 1888 ἐφεδρεύσει
728 1822 907 1885 παρὼν
946 1822 1038 1871 ἀεί.

291 1902 364 1958 61.
408 1898 472 1959 Εἰ
497 1896 536 1943 δ᾽
556 1897 655 1961 ἄρα
684 1920 757 1950 τις
787 1898 873 1947 καὶ
893 1898 1063 1962 τῶνδε
1071 1901 1279 1948 πάντων
1306 1907 1636 1974 καταφρονεῖ,

219 1974 357 2035 ὅπως
385 1972 424 2020 δ᾽
465 1973 616 2023 αὐτὸς
644 1973 901 2037 ἐκδέξεται
940 1974 1033 2037 τὴν
1058 1973 1342 2028 Σκιπίωνος
1370 1978 1553 2041 ἀρχήν,
1581 1978 1652 2040 τὸ

220 2049 404 2109 ἑαυτοῦ
447 2048 600 2111 μόνον
647 2054 848 2106 σκοπεῖ,
900 2052 987 2099 καὶ
1037 2052 1270 2099 πιστεύει
1321 2053 1408 2101 καὶ
1448 2054 1510 2101 τὰ
1550 2059 1641 2116 τῆς

217 2125 383 2189 τύχης
417 2125 553 2189 αὐτῷ
595 2126 642 2177 ἐς
670 2126 815 2178 τέλος
855 2127 1194 2190 ἀπαντήσειν,
1234 2129 1282 2176 τί
1320 2130 1406 2189 καὶ
1443 2130 1636 2192 χρησό-

218 2201 351 2262 μεθα
377 2205 439 2278 τῇ
479 2200 630 2248 πόλει
657 2202 915 2261 λαβόντες
944 2203 1121 2263 αὐτήν,
1148 2204 1210 2264 ἢν
1242 2204 1326 2251 καὶ
1362 2205 1649 2273 λάβωμεν;

222 2277 499 2339 ἀνελοῦμεν
561 2276 734 2339 ἄρδην,
803 2279 881 2327 ὅτι
945 2282 1089 2326 σῖτον
1144 2282 1292 2341 ἡμῶν
1365 2285 1450 2329 καὶ
1517 2286 1633 2334 ναῦς

216 2352 491 2411 ἥρπασαν;
565 2352 596 2401 ἃ
668 2352 797 2413 μετὰ
861 2357 1076 2402 πολλῶν
1151 2354 1327 2403 ἄλλων
1400 2358 1633 2417 ἀξιοῦσιν

217 2426 518 2486 ἀποδοῦναι.
592 2428 623 2488 ἢ
671 2432 819 2491 τοῦτο
852 2430 958 2503 μὲν
1009 2431 1064 2476 οὐ
1115 2430 1393 2492 πράξομεν,
1435 2430 1632 2493 νέμεσίν

217 2519 304 2569 496
