1747 2693
128 311 228 347 CAP.

149 351 209 383 IX

311 173 607 240 APPIAN'S
646 173 880 243 ROMAN
923 173 1230 244 HISTORY,
1265 173 1444 237 BOOK
1482 173 1599 236 VIII

248 316 303 344 τε
353 296 480 362 θεῶν
541 295 936 371 φυλασσόμενοι
997 296 1083 345 καὶ
1142 296 1316 366 ψόγον
1363 296 1661 370 ἀνθρώπων,

249 371 637 436 Μασσανάσσῃ
665 371 704 420 δ᾽
732 371 870 445 ἔχειν
895 371 1148 436 δώσομεν;
1182 372 1305 432 ἀλλ᾽
1321 371 1375 436 εἰ
1402 373 1487 435 καὶ
1513 371 1675 436 φίλος

246 447 405 511 ἐστίν,
434 448 491 497 οὐ
517 447 620 519 χρὴ
659 452 1015 510 στερροποιεῖν
1052 447 1154 495 οὐδ᾽
1194 448 1382 512 ἐκεῖνον
1421 447 1662 509 ἀμέτρως,

244 522 490 583 ἡγεῖσθαι
516 521 567 570 δὲ
607 521 698 581 τὴν
727 522 827 595 ἔριν
867 524 1036 571 αὐτῶν
1073 521 1165 584 τὴν
1204 523 1251 576 ἐς
1289 523 1558 583 ἀλλήλους
1595 527 1661 587 τῷ

244 595 510 660 Ῥωμαίων
558 599 708 660 κοινῷ
747 596 1043 660 συμφέρειν.
1120 597 1244 645 ἀλλ᾽
1289 599 1338 650 ἐς
1377 596 1680 660 προσόδους

246 671 338 732 τὴν
365 671 543 751 χώραν
571 672 851 743 ἀνήσομεν;
895 672 1014 719 ἀλλ᾽
1035 674 1072 734 ἡ
1102 670 1418 736 φυλάξουσα
1439 672 1677 739 στρατιὰ

245 746 339 808 τὴν
397 747 658 810 πρόσοδον
719 747 998 796 ἀναλώσει·
1045 752 1252 814 πολλῆς
1312 748 1428 809 γάρ,
1491 749 1555 800 ὡς
1617 748 1680 806 ἐν

245 827 468 885 πολλοῖς
517 820 795 887 περιοίκοις
858 823 946 871 καὶ
1003 826 1138 883 πᾶσι
1197 823 1507 898 βαρβάροις,
1559 823 1665 884 δεη-

245 896 461 960 σόμεθα.
536 895 656 944 ἀλλ᾽
720 895 969 949 ἀποίκους
1031 896 1312 960 πέμψομεν
1372 898 1421 948 ἐς
1478 895 1664 959 μέσους

246 971 511 1032 τοσούσδε
552 971 822 1032 Νομάδας;
863 972 911 1019 οἳ
959 974 1059 1020 τῶν
1108 972 1198 1034 μὲν
1247 972 1539 1036 βαρβάρων
1588 972 1664 1021 ἰσ-

245 1040 479 1105 χυόντων
506 1040 583 1090 ἀεὶ
609 1040 745 1089 δεινὰ
771 1039 1059 1096 πείσονται,
1092 1040 1147 1102 ἢν
1177 1039 1213 1088 δ᾽
1243 1041 1678 1105 ἐπικρατήσωσιν

247 1109 431 1173 αὐτῶν,
483 1110 529 1161 ἐς
574 1108 631 1157 τὸ
675 1109 870 1171 μέλλον
908 1110 1028 1171 ἡμῖν
1078 1109 1286 1158 ἔσονται
1325 1110 1542 1175 φοβεροὶ
1580 1111 1666 1172 καὶ

245 1177 532 1242 ἐπίφθονοι,
583 1177 760 1242 χώραν
809 1177 1034 1240 τοσήνδε
1075 1177 1161 1227 καὶ
1210 1177 1351 1227 πολὺ
1399 1177 1664 1242 κρείττονα

246 1251 336 1308 τῆς
381 1246 632 1308 ἡμετέρας
685 1246 905 1310 ἔχοντες.
995 1246 1027 1295 ἃ
1076 1247 1164 1295 καὶ
1212 1247 1348 1295 αὐτά
1395 1263 1480 1309 μοι
1532 1247 1678 1303 δοκεῖ

246 1315 464 1364 συνιδὼν
515 1314 538 1363 ὁ
583 1314 813 1364 Σκιπίων
854 1315 1083 1364 κελεύειν
1122 1316 1244 1376 ἡμῖν
1285 1315 1532 1379 δέχεσθαι
1577 1315 1664 1366 τὰς

248 1384 619 1459 Καρχηδονίων
657 1384 1035 1447 παρακλήσεις.
1120 1384 1417 1447 πειθώμεθα
1456 1384 1544 1432 οὖν
1579 1384 1666 1433 καὶ

247 1457 351 1513 τοῖς
389 1453 641 1518 δεομένοις
680 1453 766 1501 καὶ
807 1456 877 1517 τῷ
915 1453 1250 1517 στρατηγῷ."

316 1526 390 1568 62.
431 1520 493 1567 Ὁ
521 1520 611 1583 μὲν
650 1521 810 1572 οὕτως
840 1520 965 1575 εἶπε,
997 1520 1234 1573 Πόπλιος
1271 1520 1335 1570 δὲ
1362 1521 1664 1583 Κορνήλιος,

247 1590 538 1653 Κορνηλίου
598 1589 832 1638 Λέντλου
893 1590 1146 1652 συγγενὴς
1197 1593 1289 1638 τοῦ
1349 1591 1464 1638 τότε
1523 1591 1664 1641 ὄντος

247 1659 448 1716 ὑπάτου
509 1658 596 1706 καὶ
657 1658 744 1707 τὸν
794 1655 1062 1707 Σκιπίωνα
1124 1658 1453 1720 διαδέξεσθαι
1502 1679 1664 1729 προσ-

245 1726 509 1781 σδοκῶντος,
556 1726 829 1789 ἀντέλεγεν
873 1727 1048 1779 οὕτως·
1126 1726 1231 1776 "τὸ
1272 1728 1363 1787 μὲν
1403 1726 1675 1790 συμφέρον

244 1796 358 1844 ἐστὶ
382 1795 535 1858 μόνον
573 1797 624 1843 ἐν
662 1799 767 1847 τοῖς
804 1795 1066 1857 πολέμοις,
1098 1795 1135 1844 ὦ
1174 1795 1365 1859 ἄνδρες,
1391 1795 1660 1858 χρήσιμον·

244 1864 330 1913 καὶ
356 1865 462 1928 ὅσῳ
504 1864 722 1925 δυνατὴν
750 1864 824 1912 ἔτι
851 1864 938 1913 καὶ
976 1868 1061 1913 νῦν
1102 1863 1487 1928 ἀποφαίνουσιν
1525 1864 1662 1912 οὗτοι

245 1932 338 1994 τὴν
373 1933 544 1989 πόλιν,
574 1933 917 2002 φυλάξασθαι
954 1932 1056 2016 χρὴ
1096 1932 1186 1994 τὴν
1228 1932 1480 1996 ἀπιστίαν
1507 1935 1664 1995 αὐτῆς

241 2001 372 2064 μετὰ
412 2007 501 2063 τῆς
546 2001 821 2063 δυνάμεως,
867 2001 950 2049 καὶ
994 2001 1085 2062 τὴν
1137 2001 1292 2065 ἰσχὺν
1340 2005 1662 2061 προανελεῖν,

243 2070 352 2132 ἐπεὶ
390 2070 459 2129 μὴ
498 2070 589 2131 τὴν
627 2070 882 2118 ἀπιστίαν
919 2070 1194 2131 δυνάμεθα.
1267 2070 1427 2121 οὐδεὶς
1464 2069 1502 2116 δ᾽
1545 2071 1664 2131 ἡμῖν

244 2138 417 2201 καιρὸς
457 2139 504 2191 ἐς
541 2138 598 2186 τὸ
624 2142 788 2187 λῦσαι
816 2138 903 2186 τὸν
941 2138 1045 2186 ἀπὸ
1086 2139 1456 2200 Κάρχηδονίων
1495 2139 1661 2198 φόβον

243 2206 648 2269 ἐπιτηδειότερός
692 2208 811 2256 ἐστι
849 2210 939 2256 τοῦ
981 2207 1253 2270 παρόντος,
1293 2207 1344 2254 ἐν
1381 2207 1418 2281 ᾧ
1457 2207 1663 2254 πάντων

243 2276 375 2333 εἰσὶν
419 2276 652 2325 ἀσθενεῖς
694 2276 780 2323 καὶ
819 2276 1018 2338 ἄποροι,
1057 2276 1178 2339 πρὶν
1215 2276 1361 2326 αὖθις
1409 2276 1578 2323 αὐτῶν
1616 2276 1662 2327 ἐς

247 2346 484 2407 ἑκάτερον
505 2345 809 2406 αὐξηθῆναι.
849 2346 905 2392 οὐ
931 2344 1102 2406 μέντοι
1130 2343 1217 2391 καὶ
1237 2343 1324 2391 τὸν
1350 2346 1438 2391 τοῦ
1467 2341 1661 2391 δικαίου

245 2413 501 2474 λογισμὸν
572 2418 633 2460 ἂν
695 2416 1050 2476 περιφύγοιμι,
1112 2414 1214 2459 οὐδ᾽
1278 2411 1518 2474 ἀμετρίας
1578 2432 1660 2473 μοι

245 2504 335 2557 498
