1747 2693
116 300 212 335 CAP.
135 335 206 378 IX

305 163 598 227 APPIAN'S
639 165 874 226 ROMAN
913 165 1236 227 HISTORY,
1256 166 1435 229 πόλιν
1471 151 1611 233 ἐπὶ

238 287 369 350 δοκῶ
398 287 552 350 δόξαν
581 288 825 337 οἴσεσθαι
848 288 940 350 τὴν
967 288 1123 337 πόλιν
1150 288 1234 338 ἐπὶ
1264 287 1653 365 Καρχηδονίοις,

240 363 287 410 οἳ
313 363 458 428 παρὰ
485 363 577 426 μὲν
614 363 705 417 τὰς
743 363 1027 428 εὐπραξίας
1066 363 1304 413 ἀδικοῦσι
1343 364 1430 413 καὶ
1456 363 1677 427 ἐνυβρί-

234 439 413 506 ζουσιν
452 439 500 490 ἐς
539 438 793 495 ἅπαντας,
827 440 878 488 ἐν
917 439 966 487 δὲ
1006 443 1121 492 ταῖς
1161 443 1453 503 συμφοραῖς
1490 456 1673 503 παρα-

240 517 512 566 καλοῦσιν,
559 517 620 563 ἂν
670 516 720 562 δὲ
762 516 1025 582 τύχωσιν,
1055 514 1201 567 εὐθὺς
1245 515 1329 563 ἐπὶ
1375 520 1486 567 ταῖς
1538 535 1671 566 συν-

241 589 422 650 θήκαις
473 589 851 651 μετατίθενται.
926 590 1014 655 καὶ
1064 590 1180 638 οὔτε
1232 590 1472 638 σπονδῶν
1516 591 1659 639 ἐστὶν

241 665 427 733 αὐτοῖς
457 663 609 715 αἰδὼς
650 664 765 713 οὔτε
802 663 958 727 λόγος
996 665 1175 727 ὅρκων·
1216 667 1300 733 οὓς
1338 667 1485 729 οὗτος
1525 664 1673 737 ἀξιοῖ

240 739 544 803 περισώζειν
606 739 689 787 διὰ
763 739 964 809 νέμεσιν
1039 740 1167 805 θεῶν
1227 740 1312 789 καὶ
1375 740 1659 811 ἀνθρώπων

240 814 462 894 φθόνον.
522 814 620 878 ἐγὼ
672 815 709 863 δ᾽
755 815 947 882 αὐτοὺς
982 818 1218 889 ἡγοῦμαι
1269 816 1390 874 τοὺς
1436 815 1578 869 θεοὺς
1615 817 1670 872 ἐς

241 889 370 956 τόδε
385 889 476 951 τὴν
515 890 833 967 Καρχηδόνα
872 895 1250 973 περιενεγκεῖν,
1257 891 1354 958 ἵνα
1369 891 1502 939 δῶσί
1529 903 1680 958 ποτε

242 964 386 1026 δίκην
435 969 524 1026 τῆς
575 965 821 1025 ἀσεβείας
870 966 919 1015 οἳ
968 966 1055 1015 καὶ
1106 966 1223 1029 περὶ
1284 967 1529 1016 Σικελίαν
1577 967 1662 1015 καὶ

240 1040 476 1114 Ἰβηρίαν
502 1040 589 1089 καὶ
613 1040 854 1110 Ἰταλίαν
891 1042 980 1109 καὶ
1019 1042 1068 1090 ἐν
1108 1041 1236 1104 αὐτῇ
1266 1046 1341 1117 τῇ
1354 1041 1563 1118 Λιβύῃ,
1565 1041 1662 1106 καὶ

241 1116 370 1179 πρὸς
416 1117 553 1178 ἡμᾶς
602 1116 690 1164 καὶ
718 1116 856 1178 πρὸς
902 1116 1019 1168 τοὺς
1062 1116 1256 1169 ἄλλους
1296 1116 1546 1172 ἅπαντας,
1586 1116 1663 1163 ἀεὶ

244 1190 568 1239 συνετίθεντο
596 1190 682 1239 καὶ
709 1190 1017 1256 παρώρκουν
1042 1191 1126 1241 καὶ
1156 1191 1291 1240 δεινὰ
1325 1191 1408 1240 καὶ
1438 1190 1682 1258 σχέτλια

246 1267 415 1339 ἔδρων.
481 1267 560 1328 ὧν
597 1267 662 1331 τὰ
701 1265 963 1330 ἀλλότρια
986 1267 1114 1328 ὑμῖν
1152 1266 1253 1331 πρὸ
1281 1271 1380 1316 τῶν
1404 1265 1687 1343 ἡμετέρων

246 1341 472 1405 διέξειμι,
531 1341 626 1403 ἵνα
698 1341 862 1404 εἰδῆτε
936 1341 1135 1408 πάντας
1209 1341 1662 1427 ἐφησθησομένους

247 1416 639 1496 Καρχηδονίοις,
677 1417 719 1466 εἰ
757 1416 899 1479 δίκην
938 1416 1095 1482 δοῖεν.

316 1499 391 1557 63.
427 1492 589 1541 Οὗτοι
607 1492 979 1549 Ζακανθαίους,
997 1492 1152 1541 πόλιν
1163 1491 1401 1556 Ἰβηριας
1421 1494 1663 1556 ἐπιφανῆ,

246 1565 405 1633 σφίσι
431 1590 485 1617 τε
512 1570 687 1622 αὐτοῖς
712 1569 994 1617 ἔνσπονδον
1020 1569 1107 1617 καὶ
1135 1568 1292 1629 φίλην
1301 1570 1449 1639 ἡμῖν,
1470 1567 1664 1629 ἡβηδὸν

245 1645 475 1711 ἔκτειναν
513 1645 657 1692 οὐδὲν
691 1643 1009 1708 ἀδικοῦντας.
1052 1643 1191 1693 οὗτοι
1218 1644 1509 1707 Νουκερίαν
1536 1639 1681 1716 ὑπή-

236 1741 365 1788 κοον
382 1721 533 1782 ἡμῶν
569 1721 655 1769 ἐπὶ
692 1720 923 1797 συνθήκῃ
963 1717 1239 1779 λαβόντες,
1267 1720 1353 1785 καὶ
1382 1717 1680 1781 ὀμόσαντες

246 1794 344 1844 σὺν
393 1794 479 1844 δύο
528 1794 750 1857 ἱματίοις
801 1795 1023 1843 ἕκαστον
1075 1794 1382 1852 ἀπολύσειν,
1434 1794 1526 1857 τὴν
1574 1793 1685 1857 μὲν

237 1873 447 1944 βουλὴν
493 1872 663 1940 αὐτῶν
702 1871 748 1922 ἐς
794 1869 858 1918 τὰ
899 1871 1160 1943 βαλανεῖα
1199 1869 1541 1943 συνέκλεισαν
1579 1864 1682 1934 καὶ

239 1947 595 2010 ὑποκαίοντες
609 1944 674 1994 τὰ
685 1947 960 2017 βαλανεῖα
987 1945 1292 2005 ἀπέπνιξαν,
1308 1944 1402 1998 τὸν
1430 1944 1482 1993 δὲ
1510 1944 1674 2016 δῆμον

248 2022 471 2071 ἀπιόντα
497 2022 893 2083 κατηκόντισαν.
923 2021 1252 2085 Ἀχερρανῶν
1273 2020 1321 2068 δὲ
1351 2020 1442 2081 τὴν
1462 2019 1677 2098 βουλὴν

248 2099 299 2158 ἐν
321 2099 570 2166 σπονδαῖς
596 2098 643 2163 ἐς
671 2098 734 2162 τὰ
762 2089 967 2168 φρέατα
983 2097 1249 2156 ἐνέβαλον,
1267 2096 1355 2145 καὶ
1374 2096 1439 2145 τὰ
1465 2095 1675 2174 φρέατα

246 2174 539 2238 ἐπέχωσαν.
592 2170 812 2236 Μᾶρκόν
852 2192 918 2237 τε
967 2172 1256 2243 Κορνήλιον
1308 2172 1505 2221 ὕπατον
1542 2170 1675 2239 ἡμέ-

247 2270 391 2313 τερον
429 2251 604 2313 ὅρκοις
637 2248 1010 2308 ἀπατήσαντες
1022 2248 1225 2310 ἤγαγον
1251 2247 1340 2310 μὲν
1367 2248 1432 2299 ὡς
1457 2248 1674 2295 ἐπισκε-

245 2318 477 2404 ψόμενον
537 2327 706 2386 αὐτῶν
768 2325 854 2371 τὸν
917 2322 1212 2386 στρατηγὸν
1280 2325 1687 2390 ἀρρωστοῦντα,

241 2500 357 2556 500
246 2400 678 2471 συναρπάσαντες
717 2397 768 2459 δὲ
807 2398 1084 2479 ἀπήγαγον
1123 2398 1172 2451 ἐς
1208 2397 1412 2460 Λιβύην
1438 2398 1492 2445 ἐκ
1520 2394 1678 2447 Σικε-
