1747 2693
118 345 193 382 IX
108 307 212 343 CAP.

293 166 587 237 APPIAN'S
626 167 875 234 ROMAN
902 157 1225 232 HISTORY,
1244 169 1422 232 BOOK
1459 156 1608 231 VIII

228 286 349 352 λίας
372 288 714 363 αἰχμάλωτον
736 288 865 351 μετὰ
893 290 979 338 δύο
1008 291 1092 338 καὶ
1121 294 1286 339 εἴκοσι
1315 296 1451 342 νεῶν.
1485 293 1651 349 ἔκτει-

230 383 319 410 ναν
346 363 402 417 δὲ
423 364 509 416 καὶ
536 363 756 425 Ῥῆγλον
784 365 1123 426 αἰκισάμενοι,
1151 369 1446 428 στρατηγὸν
1474 369 1660 439 ἕτερον

229 439 383 497 ἡμῶν,
437 439 522 486 ὑπ᾽
576 440 806 499 εὐορκίας
857 441 1214 490 ἐπανελθόντα
1263 442 1390 505 πρὸς
1441 444 1666 512 αὐτούς.

227 512 329 585 ὅσα
358 513 408 578 δ᾽
443 513 708 581 Ἀννίβας
726 515 759 574 ἢ
794 518 1034 581 πολεμῶν
1059 517 1100 577 ἢ
1139 517 1406 583 ἐνεδρεύων
1427 518 1471 580 ἢ
1511 541 1657 596 παρ-

228 590 392 649 ορκῶν
434 588 482 640 ἔς
526 609 588 640 τε
623 588 800 641 πόλεις
847 590 936 659 καὶ
987 590 1319 653 στρατόπεδα
1371 594 1507 660 ἡμῶν
1556 594 1657 658 καὶ

227 663 401 723 λήγων
428 664 475 716 ἐς
503 663 618 715 τοὺς
647 664 952 728 συμμάχους
981 665 1165 727 ἔδρασε
1204 666 1321 717 τοὺς
1349 668 1520 741 αὑτοῦ,
1550 669 1657 740 τάς

228 758 280 808 τε
306 737 486 810 πόλεις
513 740 720 816 πορθῶν
747 741 844 809 καὶ
857 741 977 809 τοὺς
1005 741 1141 813 αὐτῷ
1182 745 1654 816 συστρατευσαμέ-

227 833 348 883 νους
367 815 717 885 κατακαίνων,
740 809 936 887 μακρὸν
952 817 1023 872 ἂν
1051 817 1124 881 εἴη
1153 819 1471 889 καταλέγειν.
1499 820 1660 880 πλὴν

226 888 303 954 ὅτι
354 890 668 958 τετρακόσια
705 891 861 962 ἡμῶν
901 892 1187 956 ἀνέστησεν
1233 894 1385 965 ἄστη.
1427 895 1554 960 τοὺς
1593 895 1639 956 δ᾽

226 963 600 1036 αἰχμαλώτους
621 966 761 1026 ἡμῶν
783 965 900 1017 τοὺς
925 965 1015 1027 μὲν
1037 966 1083 1018 ἐς
1111 968 1337 1036 τάφρους
1364 970 1450 1017 καὶ
1475 992 1668 1025 ποτα-

223 1031 347 1090 μοὺς
366 1031 691 1094 ἐμβαλόντες
720 1035 782 1091 ὡς
817 1036 1080 1110 γεφύραις
1105 1037 1398 1102 ἐπέβαινον,
1434 1039 1550 1109 τοὺς
1588 1039 1668 1111 δὲ

224 1104 329 1168 τοῖς
359 1101 619 1168 ἐλέφασιν
638 1101 959 1159 ὑπέβαλλον,
989 1104 1105 1165 τοὺς
1134 1104 1173 1151 δ᾽
1201 1104 1467 1170 ἀλλήλοις
1475 1128 1664 1179 μονο-

223 1172 409 1234 μαχεῖν
432 1169 685 1225 ἐκέλευον,
725 1171 980 1232 ἀδελφοὺς
1018 1171 1263 1237 ἀδελφοῖς
1297 1175 1649 1248 συνιστάντες

224 1237 309 1282 καὶ
360 1237 586 1298 πατέρας
638 1238 776 1290 υἱοῖς.
829 1237 892 1286 τὰ
944 1239 981 1286 δ᾽
1024 1242 1242 1304 ἔναγχος
1287 1245 1467 1295 ταῦτα,
1522 1247 1665 1317 περὶ

224 1306 420 1380 εἰρήνης
458 1307 777 1366 ἐπρέσβευον
809 1309 1031 1373 ἐνταῦθα
1070 1310 1155 1357 καὶ
1194 1315 1523 1380 παρεκάλουν
1551 1315 1660 1374 καὶ

225 1374 436 1440 ὤμνυον,
475 1376 563 1423 καὶ
603 1366 654 1422 οἱ
683 1378 933 1438 πρέσβεις
969 1380 1139 1426 αὐτῶν
1176 1381 1249 1433 ἔτι
1288 1384 1550 1441 παρῆσαν,
1588 1383 1645 1428 ἐν

224 1442 301 1496 δὲ
325 1444 500 1513 Λιβύῃ
543 1444 641 1517 τὰς
690 1447 827 1510 ναῦς
850 1445 997 1507 ἡμῶν
1048 1445 1331 1518 διήρπαζον
1383 1449 1470 1497 καὶ
1522 1450 1648 1514 τοὺς

224 1512 558 1574 στρατιώτας
589 1512 840 1583 κατέδεον.
874 1518 1124 1563 τοσοῦτον
1151 1516 1329 1587 αὐτοῖς
1351 1517 1435 1586 καὶ
1463 1517 1651 1588 ἀνοίας

223 1580 316 1626 διὰ
333 1580 424 1641 τὴν
453 1580 690 1641 ὠμότητα
717 1580 1041 1649 περίεστιν.

288 1653 400 1706 64.
400 1649 640 1717 Τούτοις
659 1651 747 1717 οὖν
763 1651 859 1719 τίς
873 1652 1015 1720 ἐστῖν
1041 1652 1182 1727 ἔλεος
1194 1652 1236 1727 ἢ
1248 1655 1666 1721 μετριοπάθεια

217 1716 340 1786 παρ᾽
387 1717 584 1795 ἑτέρων,
609 1721 755 1780 τοῖς
779 1719 942 1788 οὐδὲν
947 1720 1163 1797 μέτριον
1206 1721 1325 1779 οὐδ᾽
1345 1723 1541 1793 ἥμερον
1587 1725 1657 1790 ἐς

221 1785 425 1835 οὐδένας
465 1785 840 1848 εἰργασμένοις;
896 1791 1015 1855 τοῖς,
1058 1787 1233 1851 ὥσπερ
1262 1792 1357 1858 ἔφη
1386 1794 1643 1860 Σκιπίων,

220 1854 262 1914 εἰ
273 1841 550 1920 ἐλάβοντο
558 1856 760 1924 ἡμῶν,
775 1845 878 1903 οὐδ᾽
906 1858 965 1904 ἂν
1005 1856 1162 1916 ὄνομα
1188 1850 1496 1928 Ῥωμαίων
1496 1861 1654 1924 ὑπο-

219 1927 493 1974 λιποῦσιν;
548 1924 691 1970 ἀλλὰ
742 1925 918 1975 πίστις
968 1926 1082 1972 ἐστὶ
1131 1926 1351 1980 βέβαιος
1393 1930 1456 1994 ἡ
1465 1921 1655 2005 δεξιά.

221 1989 371 2052 ποία;
411 1992 493 2057 τίς
530 1993 746 2063 σπονδή,
771 1993 862 2052 τίς
902 1994 1047 2054 ὅρκος
1089 1994 1141 2041 ὃν
1193 1995 1284 2054 οὐκ
1337 1995 1654 2067 ἐπάτησαν;

221 2057 297 2107 τίς
323 2057 374 2120 δὲ
402 2060 633 2135 συνθήκη
661 2061 747 2120 καὶ
763 2062 926 2134 χάρις
954 2063 1001 2113 ἐς
1022 2063 1099 2125 ἣν
1136 2064 1234 2126 οὐχ
1274 2065 1523 2143 ὕβρισαν;
1558 2066 1651 2140 μὴ

219 2127 579 2197 μιμησώμεθα,
613 2129 796 2206 φησίν,
836 2130 1033 2181 αὐτούς.
1082 2130 1196 2178 τίνα
1234 2131 1331 2203 γὰρ
1372 2134 1652 2197 συνθήκην

217 2197 359 2263 ἡμεῖς
396 2197 586 2267 λύομεν
626 2198 670 2245 οἱ
705 2194 863 2268 μήπω
901 2218 949 2246 τι
989 2193 1308 2259 συνθέμενοι;
1355 2202 1496 2265 ἀλλὰ
1542 2203 1654 2272 τὴν

221 2265 476 2325 ὠμοτητα,
516 2266 691 2327 φησίν,
732 2267 902 2319 αὐτῶν
937 2264 1010 2331 μὴ
1043 2268 1401 2333 μιμησώμεθα.
1447 2268 1650 2337 φίλους

219 2333 306 2390 οὖν
334 2333 422 2390 καὶ
444 2334 757 2405 συμμάχους
797 2333 1128 2401 ποιησόμεθα
1160 2335 1274 2387 τοὺς
1312 2333 1674 2406 ὠμοτάτους;

214 2481 335 2564 502
209 2401 460 2463 οὐδέτερα
487 2403 684 2468 τούτων
709 2402 847 2471 ἄξια.
885 2396 1031 2450 ἀλλ᾽
1043 2393 1487 2491 ἐπιτρεψάτωσαν
1501 2409 1656 2475 ἡμῖν
