1747 2693
138 296 240 351 CAP.

160 349 219 388 IX

324 172 636 236 APPIAN'S
657 172 889 245 ROMAN
930 159 1257 240 HISTORY,
1272 172 1450 241 BOOK
1489 173 1619 236 VIII

257 299 450 364 αὑτοὺς
485 297 618 375 νόμῳ
659 297 1006 362 νενικημένων,
1045 299 1108 349 ὡς
1152 297 1343 367 πολλοὶ
1383 301 1521 370 σφᾶς
1558 297 1669 365 ἐπέ-

257 375 490 442 τρεψαν,
508 372 819 450 σκεψόμεθα
849 372 887 418 δ᾽
918 374 1087 434 ἡμεῖς.
1113 393 1201 420 και
1226 373 1264 433 ὅ
1306 378 1374 431 τι
1377 373 1450 434 ἂν
1466 373 1682 448 δῶμεν,

256 450 483 516 εἴσονται
529 449 698 522 χάριν,
741 448 858 522 οὐχὶ
904 447 1188 520 συνθήκην
1206 447 1488 526 νομίζοντες
1528 447 1685 510 εἶναι.

257 525 484 596 διαφέρει
548 524 611 570 δὲ
661 524 864 571 τούτοιν
916 521 1153 586 ἑκάτερον
1207 521 1325 570 ὧδε.
1362 522 1532 600 μέχρι
1582 524 1669 585 μὲν

258 597 600 664 συντίθενται,
630 598 1041 662 παραβήσονται
1080 597 1314 675 καθάπερ
1337 597 1440 660 καὶ
1463 601 1679 668 πάλαι,

255 673 522 751 πρόφασιν
551 672 631 732 ἀεί
650 694 770 736 τινα
810 676 908 733 τῶν
946 674 1215 732 συνθηκῶν
1244 675 1478 747 φέροντες
1521 675 1583 734 ὡς
1620 675 1690 737 ἐν

256 750 445 816 αὐταῖς
489 747 867 808 ἠλαττωμένοι·
933 747 995 794 τὰ
1059 747 1099 793 δ᾽
1156 748 1428 809 ἀμφίλογα
1491 749 1675 818 εὐπρο-

256 827 511 887 φάσιστα.
587 823 712 885 ὅταν
764 823 814 872 δὲ
872 822 1179 887 παραδῶσιν
1231 824 1431 878 αὑτούς,
1485 824 1569 872 καὶ
1602 824 1690 891 τὰ

253 900 396 947 ὅπλα
447 897 813 962 παρελώμεθα,
867 899 952 945 καὶ
1015 897 1078 945 τὰ
1141 898 1362 960 σώματα
1422 899 1500 962 ἐφ᾽
1552 903 1689 962 ἡμῖν

253 976 479 1036 γένηται,
521 976 606 1022 καὶ
645 975 937 1022 πεισθῶσιν
985 974 1062 1021 ὅτι
1113 973 1266 1033 μηδὲν
1318 974 1490 1025 αὐτοῖς
1529 977 1682 1049 ἐστὶν

253 1052 394 1103 ἴδιον,
445 1052 509 1098 τὰ
560 1051 651 1112 μὲν
701 1050 1008 1112 φρονήματα
1058 1049 1224 1096 αὐτῶν
1287 1049 1665 1108 καταβήσεται,

251 1127 593 1190 ἀγαπήσουσι
638 1123 677 1171 δ᾽
719 1124 745 1171 ὅ
788 1146 835 1172 τι
875 1124 935 1172 ἂν
973 1123 1094 1183 παρ᾽
1133 1125 1279 1204 ἡμῶν
1318 1125 1563 1180 λάβωσιν
1604 1128 1666 1179 ὡς

251 1200 542 1262 ἀλλότριον.
618 1198 657 1246 εἰ
685 1199 774 1261 μὲν
813 1199 900 1247 οὖν
939 1198 1166 1249 Σκιπίων
1197 1199 1373 1257 ἑτέρως
1400 1200 1549 1253 δοκεῖ,
1581 1201 1680 1268 τὰς

249 1277 452 1341 γνώμας
516 1277 660 1339 ἔχετε
733 1274 1037 1338 συγκρίνειν·
1104 1275 1166 1332 εἰ
1221 1275 1271 1322 δὲ
1347 1275 1663 1338 συνθήσεται

253 1349 628 1416 Καρχηδονίοις
688 1349 846 1415 χωρὶς
910 1350 1058 1412 ὑμῶν,
1113 1348 1160 1396 τί
1212 1350 1296 1398 καὶ
1346 1350 1665 1401 ἐπέστελλεν

252 1428 388 1489 ὑμῖν;
431 1425 529 1487 ἐγὼ
580 1425 671 1488 μὲν
714 1425 829 1488 γάρ,
871 1426 935 1477 ὡς
986 1425 1101 1487 ὑμῖν
1150 1424 1341 1488 κυρίοις
1393 1428 1508 1475 οὖσι
1552 1429 1666 1490 περὶ

249 1501 403 1577 τῶνδε
466 1504 650 1562 κρῖναι,
715 1498 808 1561 τὴν
867 1498 1072 1561 γνώμην
1135 1498 1294 1556 εἶπον,
1357 1503 1418 1561 ἣν
1481 1506 1663 1564 νομίζω

252 1574 511 1624 συνοίσειν
536 1579 601 1647 τῇ
629 1554 836 1622 πόλει."

322 1644 398 1698 65.
440 1652 680 1710 Τοιαῦτα
710 1650 800 1708 μὲν
849 1643 939 1710 κὰ
985 1648 1007 1697 ὁ
1069 1649 1301 1702 Πόπλιος
1352 1652 1506 1700 εἶπεν:
1547 1654 1575 1713 ἡ
1616 1654 1686 1703 δὲ

250 1727 421 1785 βουλὴ
452 1726 564 1773 κατ᾽
593 1725 751 1787 ἄνδρα
789 1726 913 1787 παρ᾽
942 1726 1165 1774 ἑκάστου
1202 1729 1387 1798 ψῆφον
1425 1728 1551 1801 ᾔτει,
1581 1728 1686 1790 καὶ

250 1795 298 1844 ἐς
324 1794 414 1856 τὴν
444 1791 730 1845 Σκιπίωνος
758 1794 962 1855 γνώμην
1002 1794 1054 1841 αἱ
1095 1795 1305 1846 πλείους
1332 1795 1681 1859 συνέδραμον.

250 1862 511 1925 ἐγίγνοντο
540 1862 625 1910 οὖν
655 1862 705 1910 αἱ
734 1862 1005 1923 συνθῆκαι,
1035 1861 1204 1924 τρίται
1244 1863 1369 1919 αἵδε,
1397 1863 1679 1934 Ῥωμαίοις

251 1931 336 1980 καὶ
367 1929 744 1995 Καρχηδονίοις
772 1929 900 1993 πρὸς
928 1930 1207 1989 ἀλλήλους.
1273 1932 1358 1979 καὶ
1386 1931 1408 1980 ὁ
1439 1932 1664 1983 Σκιπίων

250 2002 297 2050 ἐς
340 2002 497 2049 αὐτὰς
539 1998 700 2047 ἐδόκει
737 2000 976 2059 μάλιστα
1020 2000 1134 2049 τοὺς
1160 2001 1442 2059 Ῥωμαίους
1482 2002 1661 2063 ἐναγα-

248 2067 453 2129 γέσθαι,
485 2068 585 2114 εἴτε
614 2069 714 2114 τῶν
743 2067 1016 2130 εἰρημένων
1045 2070 1226 2114 οὕνεκα
1254 2073 1534 2130 λογισμῶν,
1566 2072 1663 2118 εἴτε

252 2139 315 2185 ὡς
354 2136 544 2199 ἀρκοῦν
569 2134 840 2197 Ῥωμαίοις
880 2136 927 2186 ἐς
968 2136 1214 2199 εὐτυχίαν
1253 2138 1308 2184 τὸ
1349 2139 1505 2198 μόνην
1544 2140 1664 2199 ἀφε-

251 2204 439 2252 λέσθαι
470 2202 855 2267 Καρχηδονίους
895 2203 986 2263 τὴν
1025 2204 1313 2265 ἡγεμονίαν·
1343 2206 1443 2254 εἰσὶ
1481 2207 1580 2269 γὰρ
1619 2207 1665 2254 οἳ

250 2273 336 2320 καὶ
368 2272 479 2320 τόδε
507 2272 814 2331 νομίζουσιν,
843 2272 997 2320 αὐτὸν
1024 2273 1071 2324 ἐς
1109 2272 1371 2333 Ῥωμαίων
1411 2280 1660 2339 σωφρονι-

251 2340 382 2401 σμὸν
432 2340 683 2400 ἐθελῆσαι
744 2340 949 2401 γείτονα
1005 2343 1090 2388 καὶ
1146 2344 1434 2389 ἀντίπαλον
1496 2348 1664 2396 αὐτοῖς

249 2411 418 2469 φόβον
445 2410 492 2460 ἐς
519 2408 596 2455 ἀεὶ
625 2412 952 2463 καταλιπεῖν,
981 2409 1060 2455 ἵνα
1085 2410 1154 2471 μή
1181 2430 1310 2465 ποτε
1337 2411 1664 2476 ἐξυβρίσειαν

236 2512 347 2572 504
