1747 2693
139 316 237 357 CAP.

158 356 208 395 IX

328 178 621 234 APPIAN'S
664 178 897 236 ROMAN
937 175 1259 242 HISTORY,
1281 177 1457 234 BOOK
1498 177 1611 227 VIII

266 303 317 363 ἐν
342 303 544 365 μεγέθει
582 302 744 366 τύχης
784 301 870 349 καὶ
909 299 1196 365 ἀμεριμνία.
1272 299 1357 347 καὶ
1396 299 1509 348 τόδε
1547 301 1675 347 οὕτω

264 376 525 448 φρονῆσαι
565 365 651 418 τὸν
694 363 957 419 Σκιπίωνα
996 369 1053 416 οὐ
1094 367 1232 416 πολὺ
1272 369 1486 431 ὕστερον
1513 370 1676 432 ἐξεῖπε

264 443 369 490 τοῖς
423 438 695 502 Ῥωμαίοις
758 438 960 492 Κάτων,
1011 438 1344 497 ἐπιπλήττων
1405 439 1677 499 παρωξυμ-

264 507 429 571 μένοις
469 505 601 555 κατὰ
637 505 829 555 Ῥόδου.
875 505 897 553 ὁ
939 505 988 553 δὲ
1029 502 1256 553 Σκιπίων
1294 508 1461 553 ταῦτα
1498 505 1676 553 συνθέ-

263 598 409 635 μενος
430 577 485 624 ἐκ
507 576 708 634 Λιβύης
734 575 783 626 ἐς
810 574 902 634 τὴν
924 564 1162 645 Ἰταλίαν
1188 573 1343 621 παντὶ
1372 578 1441 637 τῷ
1469 578 1674 649 στρατῷ

267 644 481 710 διέπλει,
510 644 596 709 καὶ
623 644 670 694 ἐς
697 643 788 699 τὴν
814 642 1015 700 Ῥώμην
1036 642 1292 702 ἐσήλαυνε
1332 642 1677 702 θριαμβεύων,

265 714 659 777 ἐπιφανέστατα
686 713 745 773 δὴ
772 714 871 759 τῶν
899 710 997 773 πρὸ
1027 711 1198 758 αὐτοῦ.

336 788 413 830 66.
456 783 560 829 Καὶ
611 779 634 830 ὁ
685 779 890 842 τρόπος,
944 777 981 841 ᾧ
1033 778 1119 827 καὶ
1168 781 1253 826 νῦν
1304 777 1376 826 ἔτι
1426 777 1677 840 χρώμενοι

265 851 607 901 διατελοῦσιν,
663 849 777 913 ἐστὶ
838 846 1056 914 τοιόσδε.
1147 846 1530 909 ἐστεφάνωνται
1589 846 1678 909 μὲν

265 920 503 988 ἅπαντες,
532 919 778 979 ἡγοῦνται
814 917 864 964 δὲ
903 914 1199 963 σαλπικταί
1225 935 1279 963 τε
1307 915 1392 962 καὶ
1429 915 1677 979 λαφύρων

265 988 476 1049 ἅμαξαι,
515 987 702 1049 πύργοι
742 1006 796 1033 τε
834 983 1224 1049 παραφέρονται
1272 985 1542 1045 μιμήματα
1579 986 1676 1045 τῶν

266 1054 578 1116 εἰλημμένων
605 1054 824 1111 πόλεων,
855 1053 940 1101 καὶ
966 1053 1162 1116 γραφαὶ
1189 1052 1275 1100 καὶ
1301 1053 1553 1116 σχήματα
1579 1055 1676 1117 τῶν

265 1124 562 1185 γεγονότων,
592 1124 701 1172 εἶτα
727 1123 921 1186 χρυσὸς
950 1122 1034 1169 καὶ
1062 1122 1280 1184 ἄργυρος
1307 1120 1601 1183 ἀσήμαντός
1626 1142 1693 1169 τε

265 1194 348 1257 καὶ
368 1193 762 1254 σεσημασμένος
780 1192 864 1252 καὶ
885 1191 929 1249 εἴ
946 1211 990 1248 τι
1010 1188 1405 1247 τοιουτότροπον
1423 1189 1583 1251 ἄλλο,
1593 1190 1685 1252 καὶ

266 1262 515 1326 στέφανοι
554 1261 692 1313 ὅσοις
719 1260 805 1308 τὸν
833 1257 1129 1321 στρατηγὸν
1156 1258 1336 1318 ἀρετῆς
1375 1258 1519 1305 ἕνεκα
1558 1258 1677 1305 ἀνα-

266 1330 440 1377 δοῦσιν
456 1331 487 1391 ἢ
508 1329 686 1387 πόλεις
712 1329 743 1389 ἢ
767 1328 1036 1391 σύμμαχοι
1057 1326 1085 1385 ἢ
1108 1325 1171 1373 τὰ
1193 1325 1277 1374 ὑπ᾽
1300 1326 1436 1389 αὐτῷ
1458 1325 1675 1389 στρατό-

265 1399 411 1447 πεδα.
462 1397 583 1455 βόες
625 1397 661 1444 δ᾽
705 1396 788 1444 ἐπὶ
831 1394 1006 1444 τοῖσδε
1044 1394 1235 1448 λευκοί,
1277 1395 1359 1442 καὶ
1402 1396 1675 1458 ἐλέφαντες

264 1467 400 1528 ἦσαν
427 1466 511 1515 ἐπὶ
537 1469 641 1518 τοῖς
666 1465 844 1524 βουσί,
873 1464 957 1511 καὶ
1000 1462 1372 1528 Καρχηδονίων
1398 1463 1566 1526 αὐτῶν
1593 1464 1687 1525 καὶ

266 1535 518 1599 Νομάδων
545 1535 659 1583 ὅσοι
687 1537 786 1582 τῶν
823 1531 1084 1594 ἡγεμόνων
1121 1531 1448 1592 ἐλήφθησαν.
1521 1531 1697 1593 αὐτοῦ

266 1603 305 1651 δ᾽
347 1606 589 1665 ἡγοῦνται
631 1606 722 1651 τοῦ
761 1603 1059 1665 στρατηγοῦ
1095 1600 1387 1664 ῥαβδοῦχοι
1422 1603 1673 1665 φοινικοῦς

266 1676 488 1738 χιτῶνας
540 1670 868 1726 ἐνδεδυκότες,
922 1670 1006 1717 καὶ
1056 1668 1210 1733 χορὸς
1259 1668 1576 1731 κιθαριστῶν
1625 1689 1672 1716 τε

266 1744 352 1788 καὶ
404 1743 728 1804 τιτυριστῶν,
767 1740 815 1791 ἐς
851 1738 1053 1799 μίμημα
1092 1740 1409 1799 Τυρρηνικῆς
1448 1740 1673 1798 πομπῆς,

266 1813 662 1872 περιεζωσμένοι
711 1827 765 1855 τε
816 1811 900 1854 καὶ
951 1810 1214 1869 στεφάνην
1252 1809 1456 1869 χρυσῆν
1495 1805 1674 1852 ἐπικεί-

266 1899 420 1940 μενοι·
465 1879 557 1926 ἴσα
597 1898 650 1924 τε
684 1875 958 1936 βαίνουσιν
1000 1872 1049 1922 ἐν
1091 1875 1232 1934 τάξει
1270 1871 1398 1937 μετὰ
1428 1871 1555 1936 ᾠδῆς
1594 1874 1672 1921 καὶ

265 1946 369 2008 μετ᾽
435 1946 713 2010 ὀρχήσεως.
789 1944 985 1993 Λυδοὺς
1036 1941 1220 1995 αὐτοὺς
1282 1945 1551 1996 καλοῦσιν,
1601 1941 1676 1991 ὅτι

267 2015 453 2077 (οἶμαι)
487 2014 733 2077 Τυρρηνοὶ
778 2013 960 2059 Λυδῶν
986 2012 1209 2059 ἄποικοι.
1284 2010 1479 2059 τούτων
1517 2009 1570 2058 δέ
1606 2032 1676 2061 τις

267 2084 319 2133 ἐν
379 2083 536 2145 μέσῷ,
599 2081 871 2144 πορφύραν
931 2079 1128 2140 ποδήρη
1190 2079 1534 2140 περικείμενος
1595 2079 1678 2127 καὶ

265 2154 432 2215 ψέλια
478 2153 563 2199 καὶ
608 2151 843 2214 στρεπτὰ
896 2150 999 2196 ἀπὸ
1037 2150 1257 2213 χρυσοῦ,
1300 2146 1678 2212 σχηματίζεται

267 2219 518 2285 ποικίλως
558 2220 606 2270 ἐς
646 2218 852 2279 γέλωτα
891 2218 954 2269 ὡς
992 2215 1369 2279 ἐπορχούμενος
1396 2218 1500 2266 τοῖς
1525 2223 1678 2264 πολε-

266 2289 416 2350 μίοις.
491 2289 575 2335 ἐπὶ
617 2288 654 2335 δ᾽
701 2288 839 2350 αὐτῷ
885 2282 1232 2347 θυμιατηρίων
1272 2283 1488 2343 πλῆθος,
1529 2285 1616 2330 καὶ
1655 2282 1676 2331 ὁ

269 2355 561 2418 στρατηγὸς
621 2355 706 2403 ἐπὶ
766 2356 871 2406 τοῖς
930 2352 1267 2416 θυμιάμασιν,
1318 2350 1394 2414 ἐφ᾽
1456 2350 1677 2415 ἅρματος

269 2424 758 2485 καταγεγραμμένου
808 2422 1075 2474 ποικίλως,
1126 2420 1376 2479 ἔστεπται
1425 2421 1514 2482 μὲν
1574 2420 1674 2467 ἀπὸ

269 2516 355 2570 506
