1747 2693
299 180 591 222 APPIAN'S
632 180 866 222 ROMAN
907 180 1211 232 HISTORY,
1250 181 1426 222 BOOK
1468 181 1582 222 VIII

235 309 435 371 χρυσοῦ
462 309 548 352 καὶ
584 308 747 352 λίθων
785 303 1103 358 πολυτίμων,
1134 303 1389 351 ἔσταλται
1420 304 1459 351 δ᾽
1489 305 1537 357 ἐς
1563 303 1647 352 τὸν

233 375 452 437 πάτριον
521 372 713 437 τρόπον
784 373 1073 436 πορφύραν,
1137 374 1370 433 ἀστέρων
1439 376 1647 439 χρυσῶν

233 443 615 506 ἐνυφασμένων,
656 441 741 488 καὶ
785 445 1052 505 σκῆπτρον
1093 441 1149 504 ἐξ
1186 441 1464 504 ἐλέφαντος
1492 441 1646 504 φέρει,

234 510 320 559 καὶ
382 510 595 573 δάφνην,
623 510 684 569 ἣν
746 510 823 557 ἀεὶ
883 508 1127 571 Ῥωμαῖοι
1188 508 1449 570 νομίζουσι
1511 508 1649 569 νίκης

235 579 522 641 σύμβολον.
598 577 935 636 ἐπιβαίνουσι
987 577 1026 625 δ᾽
1079 577 1215 640 αὐτῷ
1267 577 1351 625 ἐπὶ
1407 577 1464 625 τὸ
1513 577 1649 640 ἅρμα

234 647 417 712 παῖδές
455 668 508 695 τε
548 647 633 694 καὶ
674 647 936 710 παρθένοι,
983 647 1071 694 καὶ
1115 647 1199 694 ἐπὶ
1242 648 1340 694 τῶν
1380 646 1650 710 παρηόρων

236 715 547 779 ἑκατέρωθεν
607 715 745 778 ᾔθεοι
808 719 1087 778 συγγενεῖς.
1184 714 1269 762 καὶ
1330 714 1650 778 παρέπονται

235 786 350 832 ὅσοι
377 784 519 847 παρὰ
548 783 633 831 τὸν
659 783 889 846 πόλεμον
916 784 1052 844 ἦσαν
1090 784 1227 847 αὐτῷ
1254 788 1573 846 γραμματεῖς
1599 806 1650 833 τε

236 854 323 901 καὶ
350 854 601 912 ὑπηρέται
630 853 716 899 καὶ
746 851 1102 899 ὑπασπισταί.
1180 852 1262 899 καὶ
1302 852 1405 913 μετ᾽
1435 851 1648 905 ἐκείνους

235 924 264 983 ἡ
294 924 515 984 στρατιὰ
545 923 678 968 κατά
707 942 761 968 τε
790 923 904 972 ἴλας
929 922 1013 968 καὶ
1043 921 1229 981 τάξεις,
1259 920 1649 981 ἐστεφανωμένη

238 994 388 1038 πᾶσα
426 990 512 1038 καὶ
552 990 975 1052 δαφνηφοροῦσα·
1023 990 1067 1037 οἱ
1107 990 1155 1037 δὲ
1198 990 1423 1053 ἀριστεῖς
1465 990 1551 1037 καὶ
1589 990 1650 1037 τὰ

237 1060 476 1123 ἀριστεῖα
520 1057 817 1106 ἐπίκεινται.
870 1058 956 1105 καὶ
998 1060 1096 1105 τῶν
1138 1057 1402 1123 ἀρχόντων
1446 1059 1529 1110 οὓς
1565 1058 1653 1121 μὲν

237 1130 554 1195 ἐπαινοῦσιν,
584 1127 667 1189 οὓς
696 1127 762 1186 δὲ
776 1126 1126 1193 σκώπτουσιν,
1164 1128 1247 1178 οὓς
1286 1126 1337 1173 δὲ
1375 1126 1657 1188 ψέγουσιν·

237 1195 435 1259 ἀφελὴς
462 1195 560 1257 γὰρ
590 1195 612 1244 ὁ
656 1195 921 1259 θρίαμβος,
951 1195 1036 1243 καὶ
1077 1196 1127 1244 ἐν
1167 1196 1394 1259 ἐξουσίᾳ
1418 1196 1588 1258 λέγειν
1627 1196 1653 1244 ὅ

236 1286 286 1319 τι
330 1265 540 1312 θέλοιεν.
587 1265 892 1327 ἀφικόμενος
944 1264 995 1312 δὲ
1045 1265 1093 1314 ἐς
1143 1263 1199 1312 τὸ
1251 1264 1590 1313 Καπιτώλιον
1629 1263 1650 1313 ὁ

238 1332 467 1382 Σκιπίων
507 1332 598 1394 τὴν
636 1332 726 1392 μὲν
766 1333 981 1394 πομπὴν
1019 1333 1365 1385 κατέπαυσεν,
1394 1334 1563 1380 εἱστία
1603 1334 1671 1381 δὲ

235 1401 352 1452 τοὺς
382 1401 580 1461 φίλους,
611 1401 785 1465 ὥσπερ
814 1402 924 1454 ἔθος
954 1401 1111 1456 ἐστίν,
1141 1401 1189 1452 ἐς
1218 1399 1275 1449 τὸ
1301 1399 1447 1465 ἱερόν.

928 1612 969 1653 X

310 1740 384 1783 67.
429 1735 534 1783 Καὶ
571 1735 721 1784 τέλος
760 1734 867 1800 εἶχε
906 1733 1173 1796 Ῥωμαίοις
1210 1735 1234 1783 ὁ
1271 1736 1499 1800 δεύτερος
1529 1738 1652 1800 πρὸς

243 1803 629 1869 Καρχηδονίους
657 1803 899 1867 πόλεμος,
941 1804 1224 1868 ἀρξάμενος
1264 1805 1367 1852 ἀπὸ
1406 1805 1651 1868 Ἰβηρίας,

237 1877 401 1935 λήξας
453 1872 492 1921 δ᾽
544 1874 593 1921 ἐν
644 1872 819 1937 Λιβύῃ
872 1873 919 1925 ἐς
970 1873 1130 1921 τάσδε
1191 1874 1281 1926 τὰς
1331 1876 1449 1937 περὶ
1499 1876 1653 1938 αὐτῆς

240 1940 576 2007 Καρχηδόνος
630 1941 874 1992 σπονδάς.
941 1940 1026 1987 καὶ
1082 1941 1397 2005 ὀλυμπιάδες
1451 1944 1502 1992 ἐν
1552 1948 1655 1996 τοῖς

224 2011 494 2072 Ἕλλησιν
543 2011 680 2071 ἦσαν
731 2010 862 2071 ἀμφὶ
908 2010 1000 2061 τὰς
1040 2009 1224 2058 ἑκατὸν
1264 2012 1352 2058 καὶ
1396 2014 1654 2073 τεσσαρά-

237 2101 393 2127 κοντα
439 2079 527 2127 καὶ
571 2080 849 2140 τέσσαρας.
943 2080 1354 2136 Μασσανάσσης
1410 2080 1461 2128 δὲ
1518 2083 1653 2132 Καρ-

236 2149 494 2214 χηδονίοις
537 2167 590 2195 τε
630 2146 822 2208 μηνίων
862 2146 948 2195 καὶ
991 2146 1259 2207 Ῥωμαίοις
1299 2148 1500 2209 θαρρῶν
1543 2154 1653 2197 ἐπέ-

236 2219 392 2276 βαινε
432 2220 498 2278 γῇ
542 2219 719 2278 πολλῇ
765 2218 864 2264 τῶν
901 2216 1270 2278 Καρχηδονίων
1312 2218 1375 2269 ὡς
1414 2218 1652 2281 γενομένῃ

238 2285 366 2333 ποτὲ
422 2286 621 2333 ἑαυτοῦ.
709 2284 796 2332 καὶ
854 2284 901 2332 οἱ
964 2283 1313 2347 Καρχηδόνιοι
1374 2284 1653 2348 Ῥωμαίους

237 2354 571 2417 παρεκάλουν
620 2352 778 2417 σφίσι
834 2353 1254 2413 Μασσανάσσην
1304 2355 1652 2417 συναλλάξαι.

238 2422 285 2468 οἱ
324 2422 362 2467 δ᾽
399 2422 631 2484 ἔπεμπον
670 2422 1009 2476 διαλλακτάς,
1049 2422 1122 2473 οἷς
1162 2422 1331 2484 εἴρητο
1377 2422 1651 2485 συμπράσ-

242 2513 327 2566 508

113 319 213 355 CAP.

141 360 186 387 IX

117 1750 217 1793 CAP.

148 1786 200 1822 X
