1747 2693
126 307 226 344 CAP.

161 346 188 373 X

312 171 607 213 APPIAN'S
648 172 881 213 ROMAN
923 174 1231 226 HISTORY,
1266 175 1442 217 BOOK
1484 176 1599 217 VIII

247 316 356 343 σειν
393 296 496 344 ὅσα
535 296 770 345 δύναιντο
813 298 1217 361 Μασσανάσσῃ.
1270 299 1403 346 οὕτω
1442 299 1533 359 μὲν
1573 300 1683 361 τὴν

245 375 341 443 γῆν
385 371 668 431 ἀπετέμετο
724 372 1096 437 Καρχηδονιων
1150 372 1173 421 ὁ
1232 375 1658 435 Μασσανάσσης,

244 446 329 493 καὶ
404 447 662 509 συνθῆκαι
733 448 1106 511 Καρχηδονίοις
1175 448 1262 496 καὶ
1332 449 1459 512 πρὸς
1521 449 1682 520 τόνδε

243 520 491 583 ἐγένοντο,
545 522 600 569 αἳ
656 522 911 583 διέμειναν
962 523 1009 573 ἐς
1064 523 1151 582 ἔτη
1205 524 1543 582 πεντήκοντα,
1609 526 1656 573 ἐν

244 596 317 646 οἷς
366 595 604 656 μάλιστα
655 598 682 658 ἡ
736 595 1030 661 Καρχηδὼν
1074 598 1404 662 εἰρηνεύουσα
1459 599 1662 662 ὁμαλῶς

245 672 293 722 ἐς
342 673 477 733 μέγα
529 672 785 733 δυνάμεως
835 674 919 719 καὶ
982 674 1246 735 εὐανδρίας
1297 676 1454 735 ἦλθεν
1504 676 1558 723 ἔκ
1611 698 1685 724 τε

245 746 434 821 πεδίων
463 748 747 811 εὐκαρπίας
775 749 862 796 καὶ
891 749 1168 809 θαλάσσης
1195 751 1470 812 εὐκαιρίας.

316 827 391 869 68.
436 825 539 869 Καὶ
569 823 728 876 εὐθύς,
758 823 863 871 οἷον
889 824 939 870 ἐν
968 827 1079 876 ταῖς
1106 825 1373 889 εὐτυχίαις
1411 825 1659 888 γίγνεται,

245 897 294 945 οἱ
334 897 425 959 μὲν
475 897 801 959 ἐρρωζμάιον,
850 897 894 946 οἱ
939 897 988 946 δὲ
1033 897 1446 959 ἐδημοκράτιζον,
1499 903 1572 954 οἷς
1622 903 1661 951 δ᾽

245 973 434 1034 ἤρεσκε
468 973 898 1033 Μασσανάσσης.
927 975 1145 1035 ἡγοῦντο
1174 974 1213 1023 δ᾽
1243 975 1478 1023 ἑκάστων
1507 977 1553 1024 οἱ
1578 980 1660 1025 καὶ

244 1047 362 1111 δόξῃ
393 1047 479 1094 καὶ
507 1047 664 1111 ἀρετῇ
692 1047 1024 1111 προύχοντες,
1061 1051 1159 1096 τῶν
1184 1050 1274 1111 μὲν
1301 1050 1661 1110 ῥωμαϊζόντων

242 1122 265 1170 ὁ
307 1123 465 1185 μέγας
492 1122 709 1178 Ἄννων,
752 1125 851 1171 τῶν
892 1121 932 1170 δ᾽
965 1123 1280 1186 αἱρουμένων
1321 1125 1385 1173 τὰ
1426 1129 1661 1177 Μασσα-

242 1199 442 1247 νάσσου
486 1198 735 1255 Ἀννίβας
778 1197 800 1246 ὁ
845 1197 961 1263 ψὰρ
1006 1200 1429 1258 ἐπικαλούμενος,
1468 1206 1568 1251 τῶν
1611 1204 1659 1251 δὲ

242 1271 716 1334 δημοκρατιζόντων
743 1271 1026 1351 Ἀμίλχαρ,
1051 1274 1087 1348 ᾧ
1115 1274 1366 1337 Σαυνίτης
1396 1277 1660 1339 ἐπώνυμον

238 1349 314 1411 ἦν,
357 1350 441 1397 καὶ
485 1349 795 1408 Καρθάλων·
836 1349 884 1396 οἳ
923 1350 1249 1406 φυλάξαντες
1286 1351 1568 1408 Ῥωμαίους
1608 1377 1660 1404 τε

241 1425 582 1487 Κελτίβηρσι
601 1427 959 1487 πολεμοῦντας
987 1428 1073 1473 καὶ
1106 1429 1525 1488 Μασσανάσσην
1552 1430 1657 1479 ἐπι-

239 1504 521 1562 κουροῦντα
564 1498 652 1563 υἱῷ
693 1500 822 1564 πρὸς
867 1500 1049 1565 ἑτέρων
1093 1502 1314 1566 Ἰβήρων
1360 1512 1657 1567 συγκεκλει-

238 1575 424 1638 σμένῳ,
444 1575 685 1623 πείθουσι
714 1576 801 1623 τὸν
828 1577 1159 1639 Καρθάλωνα
1186 1577 1493 1642 βοήθαρχον
1519 1581 1657 1637 ὄντα,

239 1651 326 1698 καὶ
381 1651 466 1698 ἐπὶ
521 1651 638 1714 τῇδε
693 1654 755 1714 τῇ
808 1651 944 1715 ἀρχῇ
998 1651 1090 1713 τὴν
1146 1651 1323 1714 χώραν
1373 1655 1654 1713 περιιόντα,

238 1719 512 1766 ἐπιθέσθαι
567 1723 673 1767 τοῖς
723 1720 1141 1767 Μασσανάσσου
1192 1724 1555 1784 σκηνουμένοις
1607 1726 1655 1772 ἐν

237 1788 515 1850 ἀμφιλόγῳ
556 1791 638 1850 γῇ.
686 1786 709 1835 ὁ
752 1787 802 1836 δὲ
844 1787 930 1836 καὶ
962 1788 1152 1837 ἔκτεινέ
1189 1811 1327 1840 τινας
1366 1794 1534 1840 αὐτῶν
1570 1797 1654 1840 καὶ

235 1855 381 1904 λείαν
407 1856 711 1920 περιήλασε,
739 1856 823 1905 καὶ
853 1856 969 1909 τοὺς
1008 1858 1058 1904 ἐν
1093 1861 1200 1910 τοῖς
1238 1860 1415 1921 ἀγροῖς
1453 1860 1653 1915 Λίβυας

236 1925 320 1973 ἐπὶ
348 1924 464 1975 τοὺς
492 1925 739 1981 Νομάδας
765 1925 980 1985 ἤγειρεν.
1020 1925 1164 1974 ἄλλα
1192 1947 1246 1974 τε
1272 1930 1454 1975 πολλὰ
1481 1930 1653 1981 αὐτοῖς

235 1993 359 2056 ἔργα
399 1993 641 2056 πολέμων
669 1995 716 2045 ἐς
752 1995 1019 2055 ἀλλήλους
1056 1996 1304 2055 γίγνεται,
1343 1998 1496 2060 μέχρι
1535 1998 1653 2046 Ῥω-

233 2062 398 2124 μαίων
437 2062 598 2124 ἕτεροι
637 2063 886 2123 πρέσβεις
925 2064 1155 2122 ἐπῆλθον
1189 2066 1238 2116 ἐς
1275 2066 1550 2120 διαλύσεις,
1581 2067 1651 2118 οἷς

234 2130 415 2194 ὁμοίως
443 2132 611 2194 εἴρητο
642 2132 1026 2195 Μασσανάσσῃ
1057 2133 1271 2193 βοηθεῖν
1305 2132 1523 2190 ἀδήλως.
1566 2136 1650 2184 καὶ

234 2198 569 2258 ἐβεβαίωσαν
595 2198 698 2247 οἵδε
737 2204 805 2264 τῷ
848 2202 1231 2266 Μασσανάσσῃ
1270 2202 1371 2250 ὅσα
1411 2209 1649 2263 προειλή-

235 2273 334 2331 φει,
396 2267 525 2330 μετὰ
584 2268 782 2332 τέχνης,
837 2267 947 2317 ὧδε.
1011 2269 1154 2316 εἶπον
1202 2268 1292 2331 μὲν
1344 2270 1488 2319 οὐδὲν
1537 2272 1646 2320 οὐδὲ

233 2336 481 2395 ἤκουσαν,
536 2336 614 2384 ἵνα
665 2337 733 2397 μή
785 2357 833 2384 τι
875 2338 939 2388 ὡς
980 2338 1031 2385 ἐν
1075 2338 1184 2400 δίκῃ
1237 2339 1648 2400 Μασσανάσσης

233 2405 522 2481 ἐλαττοῖτο,
542 2405 593 2453 ἐν
617 2404 757 2467 μέσῳ
789 2404 827 2452 δ᾽
849 2406 1043 2468 ἀμφοῖν
1067 2405 1328 2468 γενόμενοι
1356 2406 1446 2458 τὰς
1472 2411 1646 2468 χεῖρας

233 2508 320 2550 510
