1747 2693
100 309 204 344 CAP.

132 349 168 381 X

283 176 576 232 APPIAN'S
620 177 843 218 ROMAN
891 180 1196 232 HISTORY,
1237 181 1412 222 BOOK
1452 181 1565 223 VIII

220 298 515 358 διέστησαν·
563 301 647 349 καὶ
691 304 841 350 τοῦτο
885 302 946 360 ἦν
990 303 1164 354 αὐτοῖς
1205 304 1467 364 κέλευσμα
1509 302 1631 366 πρὸς

218 375 537 437 ἀμφοτέρους
582 377 631 428 ἐς
673 376 952 429 διαλύσεις.
997 378 1053 426 οὐ
1094 378 1233 426 πολὺ
1275 378 1315 425 δ᾽
1355 378 1570 441 ὕστερον
1610 378 1630 427 ὁ

218 451 631 510 Μασσανάσσης
682 453 1006 514 ἠμφισβήτει
1057 454 1141 500 καὶ
1196 456 1293 501 τῶν
1342 455 1632 515 λεγομένων

215 529 457 590 μεγάλων
485 529 671 577 πεδίων
711 530 796 578 καὶ
835 533 1011 593 χώρας
1051 531 1374 591 πεντήκοντα
1412 531 1629 587 πόλεων,

216 603 277 662 ἣν
327 603 539 651 Τύσκαν
589 607 1085 667 προσαγορεύουσιν.
1138 608 1213 669 ἐφ᾽
1257 608 1331 658 οἷς
1381 608 1544 655 πάλιν
1591 608 1633 656 οἱ

220 680 569 742 Καρχηδόνιοι
596 680 889 745 κατέφυγον
925 682 1008 729 ἐπὶ
1035 681 1332 744 Ῥωμαίους.
1374 683 1421 729 οἱ
1448 682 1487 730 δ᾽
1520 684 1634 732 ὑπέ-

219 774 414 819 σχοντο
439 755 530 817 μὲν
558 756 732 808 αὐτοῖς
769 757 855 805 καὶ
895 757 1009 805 τότε
1046 758 1294 821 πρέσβεις
1333 759 1563 822 πέμψειν
1591 760 1635 809 ἐς

218 829 436 885 δίαιταν,
483 832 758 895 διέτριψαν
803 834 854 880 δὲ
899 834 989 884 ἕως
1042 835 1260 881 εἴκασαν
1304 838 1483 881 πολλὰ
1536 838 1635 882 τῶν

220 905 591 969 Καρχηδονίων
629 906 949 970 διεφθάρθαι.

289 986 373 1035 69.
408 982 510 1027 Καὶ
566 982 681 1031 τότε
742 984 993 1046 πρέσβεις
1045 984 1276 1045 ἔπεμπον
1325 984 1523 1049 ἑτερους
1584 1007 1636 1034 τε

216 1056 303 1104 καὶ
368 1058 608 1110 Κάτωνα,
666 1058 713 1105 οἳ
775 1060 822 1110 ἐς
887 1060 978 1116 τὴν
1034 1060 1324 1121 ἀμφίλογον
1374 1064 1470 1121 γῆν
1522 1062 1634 1124 ἀφι-

217 1131 419 1192 κόμενοι
453 1132 626 1194 ἠξίουν
655 1132 841 1194 σφίσιν
876 1134 1196 1196 ἀμφοτέρους
1235 1136 1351 1197 περὶ
1392 1136 1634 1183 ἁπάντων

218 1209 523 1268 ἐπιτρέπειν.
578 1210 988 1268 Μασσανάσσης
1037 1210 1127 1270 μὲν
1181 1210 1283 1264 οὖν,
1344 1210 1424 1257 οἷα
1483 1218 1634 1258 πλεο-

218 1286 406 1329 νεκτῶν
469 1285 556 1330 καὶ
613 1283 880 1344 Ῥωμαίοις
939 1284 1015 1332 ἀεὶ
1082 1285 1297 1349 θαρρῶν,
1343 1285 1633 1349 ἐπέτρεπεν,

217 1357 264 1405 οἱ
295 1358 643 1422 Καρχηδόνιοι
678 1357 715 1406 δ᾽
746 1359 1067 1414 ὑπώπτευον,
1095 1360 1206 1407 ἐπεὶ
1238 1360 1323 1407 καὶ
1358 1361 1474 1413 τοὺς
1513 1361 1634 1424 πρό-

217 1454 362 1498 τερον
411 1434 603 1498 ᾔδεσαν
653 1435 742 1483 οὐκ
794 1435 848 1483 εὖ
898 1434 1228 1486 δικάσαντας.
1295 1436 1498 1499 ἔφασαν
1550 1437 1635 1484 οὖν

216 1508 308 1561 τὰς
349 1510 609 1562 συνθήκας
655 1508 744 1559 τὰς
768 1510 851 1557 ἐπὶ
904 1508 1189 1562 Σκιπίωνος
1247 1510 1390 1558 οὐδὲν
1429 1511 1636 1576 χρῄζειν

218 1585 369 1632 δικῶν
410 1585 522 1631 οὐδὲ
566 1585 902 1647 διορθώσεως,
939 1586 1039 1632 ὅσα
1074 1586 1142 1646 μὴ
1178 1586 1235 1647 ἐξ
1267 1586 1437 1634 αὐτῶν
1471 1608 1634 1649 παρα-

217 1655 456 1707 βαίνεται
483 1653 628 1710 μόνα.
671 1653 717 1700 οἱ
748 1654 785 1699 δ᾽
815 1654 903 1701 οὐκ
933 1655 1284 1718 ἀνασχόμενοι
1314 1657 1430 1718 περὶ
1455 1657 1634 1718 μέρους

218 1722 436 1781 δικάζειν
464 1722 775 1783 ἐπανῄεσαν,
804 1723 890 1770 καὶ
920 1722 1009 1785 τὴν
1035 1722 1212 1786 χώραν
1240 1723 1645 1794 περιεσκόπουν,

219 1791 445 1854 ἀκριβῶς
474 1811 526 1838 τε
556 1791 897 1854 εἰργασμένην
923 1791 1008 1839 καὶ
1037 1792 1366 1843 κατασκευὰς
1405 1792 1631 1854 μεγάλας

218 1859 463 1924 ἔχουσαν.
492 1859 622 1908 εἶδον
651 1859 701 1906 δὲ
729 1860 814 1906 καὶ
856 1859 948 1919 τὴν
986 1860 1144 1907 πόλιν
1183 1860 1503 1916 ἐσελθόντες,
1537 1862 1630 1921 ὅση

216 1948 272 1975 τε
314 1928 406 1988 τὴν
447 1928 658 1988 δύναμιν
700 1929 775 1986 ἦν,
822 1929 909 1976 καὶ
947 1930 1148 1986 πλῆθος
1188 1930 1310 1976 ὅσον
1349 1931 1538 1989 ηὔξητο
1579 1931 1630 1976 ἐκ

218 2001 308 2058 τῆς
349 1999 404 2044 οὐ
450 1999 548 2058 πρὸ
595 1999 803 2044 πολλοῦ
843 1997 976 2044 κατὰ
1022 1996 1287 2046 Σκιπίωνα
1335 1997 1629 2060 διαφθορᾶς.

218 2064 589 2115 ἐπανελθόντες
643 2086 696 2112 τε
746 2066 792 2116 ἐς
841 2063 1056 2127 Ῥώμην,
1109 2066 1327 2127 ἔφραζον
1376 2067 1431 2113 οὐ
1480 2067 1630 2126 ζήλου

216 2137 422 2195 μᾶλλον
461 2134 492 2194 ἢ
529 2134 702 2194 φόβου
741 2134 914 2195 γέμειν
953 2135 1126 2186 αὐτοῖς
1153 2134 1215 2181 τὰ
1247 2134 1629 2197 Καρχηδονίων,

217 2202 419 2252 πόλεως
459 2202 736 2264 δυσμενοῦς
777 2202 1002 2262 τοσῆσδε
1035 2204 1122 2249 καὶ
1151 2205 1375 2264 γείτονος
1411 2206 1630 2266 εὐχερῶς

217 2272 377 2320 οὕτως
403 2271 762 2332 αὐξανομένης.
805 2272 894 2319 καὶ
922 2270 945 2318 ὁ
976 2271 1163 2318 Κάτων
1193 2272 1428 2332 μάλιστα
1457 2272 1629 2332 ἔλεγεν

218 2341 275 2385 οὔ
317 2360 443 2387 ποτε
485 2338 754 2401 Ῥωμαίοις
793 2339 1016 2399 βέβαιον
1054 2339 1166 2386 οὐδὲ
1206 2339 1297 2400 τὴν
1337 2339 1628 2402 ἐλευθερίαν

217 2408 432 2455 ἔσεσθαι
473 2409 595 2471 πρὶν
636 2409 833 2470 ἐξελεῖν
884 2406 1214 2470 Καρχηδόνα.
1268 2408 1335 2456 ὧν
1389 2410 1416 2468 ἡ
1459 2409 1626 2467 βουλὴ

217 2510 299 2551 512
