1747 2693
109 315 213 351 CAP.

139 354 166 381 X

288 175 582 218 APPIAN'S
623 176 857 219 ROMAN
901 176 1204 228 HISTORY,
1244 177 1421 220 BOOK
1466 177 1580 219 VIII

229 297 585 363 πυνθανομένη
627 297 790 361 ἔκρινε
832 297 924 361 μὲν
964 301 1227 360 πολεμεῖν,
1273 298 1349 347 ἔτι
1387 297 1426 346 δ᾽
1463 300 1643 362 ἔχρῃζε

229 368 564 430 προφάσεων,
616 368 702 415 καὶ
763 367 855 424 τὴν
918 365 1086 430 κρίσιν
1147 366 1438 430 ἀπόρρητον
1488 368 1642 432 εἶχον.

234 438 453 482 Κάτωνα
495 434 534 482 δ᾽
562 435 616 497 ἐξ
652 434 846 482 ἐκείνου
883 434 1046 497 φασὶν
1074 435 1123 484 ἐν
1152 439 1212 498 τῇ
1238 437 1410 497 βουλῇ
1440 440 1648 499 συνεχεῖ

230 503 403 566 γνώμῃ
440 504 627 565 λέγειν,
670 503 986 567 Καρχηδόνα
1025 503 1093 561 μὴ
1126 503 1271 558 εἶναι,
1301 501 1567 553 Σκιπίωνα
1596 503 1644 551 δὲ

229 573 315 618 τὸν
356 574 600 619 Νασικᾶν
638 572 702 618 τὰ
742 570 944 619 ἐναντία
977 572 1167 633 ἀξιοῦν,
1201 573 1515 635 Καρχηδόνα
1543 573 1643 627 ἐᾶν,

231 641 276 693 ἐς
308 641 476 701 φόβον
503 640 602 702 ἄρα
638 640 726 685 καὶ
763 638 905 687 τόνδε
942 639 1207 702 Ῥωμαίων
1245 640 1644 702 ἐκδιαιτωμένων

229 708 358 767 ἤδη.

301 781 386 834 70.
418 776 788 840 Καρχηδονιων
816 775 857 823 δ᾽
883 776 930 824 οἱ
956 775 1411 836 δημοκρατίζοντες
1439 777 1554 829 τοὺς
1583 777 1642 825 τὰ

232 848 646 916 Μασσανάσσου
678 847 991 912 φρονοῦντας
1024 846 1290 908 ἐξέβαλον,
1313 848 1360 898 ἐς
1389 847 1644 908 τεσσαρά-

229 935 387 975 κοντα
446 915 689 976 μάλιστα
745 915 910 968 ὄντας,
973 916 1056 963 καὶ
1120 918 1304 978 ψῆφον
1359 916 1644 977 ἐπήνεγκαν

230 987 410 1044 φυγῆς,
433 984 520 1030 καὶ
544 982 630 1030 τὸν
653 982 810 1044 δῆμον
832 982 1082 1045 ὥρκωσαν
1108 984 1235 1043 μήτε
1262 984 1645 1045 καταδέξεσθαί

230 1072 356 1098 ποτε
382 1051 509 1111 μήτε
537 1050 812 1112 ἀνέξεσθαι
841 1054 939 1098 τῶν
960 1052 1219 1111 λεγόντων
1241 1053 1640 1118 καταδέχεσθαι.

230 1119 275 1166 οἱ
321 1119 359 1165 δ᾽
404 1119 727 1181 ἐξελαθέντες
773 1119 858 1167 ἐπὶ
901 1118 987 1167 τὸν
1030 1121 1448 1181 Μασσανάσσην
1499 1121 1642 1169 κατέ-

230 1192 410 1249 φυγον,
441 1188 524 1235 καὶ
552 1188 832 1248 ἐξώτρυνον
860 1188 906 1240 ἐς
935 1188 1180 1245 πόλεμον.
1228 1188 1250 1238 ὁ
1289 1188 1337 1236 δὲ
1377 1190 1464 1237 καὶ
1494 1188 1642 1242 αὐτὸς

230 1257 388 1306 οὕτως
430 1256 562 1320 ἔχων
610 1257 807 1314 ἔπεμπε
853 1258 953 1303 τῶν
997 1257 1195 1303 παίδων
1237 1257 1283 1308 ἐς
1331 1257 1642 1322 Καρχηδόνα

232 1324 507 1384 Γολόσσην
546 1345 599 1372 τε
638 1324 725 1372 καὶ
766 1325 1032 1387 Μικίψαν,
1074 1326 1227 1387 ἀξιῶν
1262 1326 1643 1390 καταδέχεσθαι

229 1392 345 1442 τοὺς
384 1393 444 1441 δι᾽
473 1394 628 1440 αὑτὸν
666 1394 1089 1454 ἐξεληλαμένους.
1132 1397 1330 1446 τούτοις
1363 1398 1641 1457 προσιοῦσι

229 1461 318 1511 τὰς
345 1461 518 1513 πύλας
546 1461 568 1506 ὁ
597 1462 897 1526 βοήθαρχος
931 1464 1228 1519 ἀπέκλεισε,
1259 1463 1433 1516 δείσας
1460 1464 1527 1523 μὴ
1557 1464 1641 1512 τὸν

229 1530 386 1590 δῆμον
439 1529 487 1578 οἱ
535 1534 801 1590 συγγενεῖς
846 1532 944 1577 τῶν
987 1531 1278 1590 φευγόντων
1323 1531 1642 1594 καταδακρύ-

229 1619 390 1646 σειαν.
448 1600 695 1660 Γολόσσῃ
748 1598 799 1646 δὲ
851 1598 936 1646 καὶ
988 1599 1252 1647 ἐπανιόντι
1303 1599 1567 1663 Ἀμίλχαρ
1619 1599 1640 1648 ὁ

228 1663 481 1726 Σαυνίτης
515 1666 743 1722 ἐπέθετο,
785 1667 870 1714 καὶ
906 1666 1047 1718 τινὰς
1085 1668 1176 1727 μὲν
1215 1668 1447 1724 ἔκτεινεν,
1489 1668 1641 1718 αὐτὸν

227 1736 275 1781 δὲ
306 1736 641 1799 ἐθορύβησεν,
662 1736 738 1798 ἐφ᾽
761 1736 833 1786 οἷς
862 1734 884 1783 ὁ
915 1736 1332 1797 Μασσανάσσης
1354 1738 1640 1799 προφάσεις

227 1803 388 1851 τάσδε
430 1804 729 1866 ποιούμενος
774 1803 1068 1866 ἐπολιόρκει
1119 1804 1274 1852 πόλιν
1317 1804 1658 1866 Ὁρόσκοπα.

226 1871 312 1932 καὶ
353 1871 511 1933 τῆσδε
556 1871 697 1934 παρὰ
738 1871 828 1925 τὰς
872 1873 1131 1933 συνθήκας
1173 1873 1444 1936 ἐφιέμενος.
1519 1874 1565 1923 οἱ
1590 1874 1637 1923 δὲ

229 1940 580 2003 Καρχηδόνιοι
627 1943 798 2000 πεζοῖς
846 1941 935 2003 μὲν
986 1942 1270 2004 δισμυρίοις
1321 1942 1407 1990 καὶ
1457 1965 1640 1991 πεντα-

229 2008 529 2073 κισχιλίοις,
576 2009 792 2056 ἱππεῦσι
838 2008 888 2056 δὲ
939 2015 1230 2061 πολιτικοῖς
1274 2011 1638 2068 τετρακοσίοις,

225 2074 530 2141 Ἀσδρούβα
575 2081 664 2125 τοῦ
704 2079 819 2125 τότε
860 2080 1010 2141 σφῶν
1058 2079 1366 2143 βοηθάρχου
1416 2101 1640 2143 στρατη-

225 2149 450 2205 γοῦντος,
481 2146 563 2193 ἐπὶ
590 2146 676 2194 τὸν
715 2147 1131 2206 Μασσανάσσην
1157 2148 1480 2208 ἐστράτευον.
1555 2149 1638 2195 καὶ

226 2220 597 2274 πλησιάσασιν
658 2216 830 2266 αὐτοῖς
879 2213 1112 2266 Ἅσασίς
1173 2235 1227 2262 τε
1286 2217 1372 2264 καὶ
1435 2217 1636 2273 Σούβας

228 2282 504 2346 ταξίαρχοι
554 2285 646 2330 τοῦ
698 2283 1127 2338 Μασσανάσσου,
1191 2282 1529 2349 διενεχθέντες
1590 2307 1637 2333 τι

226 2355 331 2399 τοῖς
357 2351 514 2398 παισὶ
542 2350 976 2402 Μασσανάσσου,
1003 2350 1362 2414 προσέδραμον
1401 2353 1448 2403 ἐς
1488 2353 1635 2399 αὐτο-

221 2418 412 2480 μολίαν
431 2419 623 2470 ἱππέας
642 2419 850 2482 ἄγοντες
878 2420 1283 2483 ἑξακισχιλίους,
1301 2421 1372 2472 οἷς
1399 2421 1636 2486 ἐπαρθεὶς

225 2523 312 2562 514
