1747 2693
119 318 218 364 CAP.

151 360 179 387 X

301 180 596 223 APPIAN'S
635 178 870 222 ROMAN
910 176 1218 228 HISTORY,
1255 176 1431 219 BOOK
1472 176 1588 217 VIII

237 301 262 351 ὁ
302 299 636 366 Ἀσδρούβας
679 298 1215 364 μετεστρατοπέδευεν
1267 296 1522 361 ἐγγυτέρω
1564 300 1651 344 τοῦ

236 369 521 428 βασιλέως,
547 369 633 418 καὶ
652 370 702 418 ἐν
728 372 841 421 ταῖς
863 366 1206 431 ἀκροβολίαις
1223 364 1311 414 ἐπὶ
1338 364 1651 430 κρεισσόνων

236 440 312 499 ἦν.
367 438 389 488 ὁ
419 438 469 487 δὲ
497 437 911 497 Μασσανάσσης
938 436 1205 499 ἐνεδρεύων
1227 435 1380 483 αὐτὸν
1401 433 1653 499 ὑπεχώρει

236 507 350 556 κατ᾽
379 507 557 570 ὀλίγον
580 506 660 553 οἷα
688 505 906 569 φεύγων,
929 505 1019 558 ἕως
1046 503 1382 565 προσήγαγεν
1407 503 1454 554 ἐς
1482 501 1653 549 πεδίον

236 575 368 637 μέγα
395 576 481 624 καὶ
526 575 725 637 ἔρημον,
756 574 813 622 οὗ
853 571 1186 637 πανταχόθεν
1226 572 1361 632 ἦσαν
1387 571 1542 634 λόφοι
1569 573 1653 618 καὶ

236 643 546 709 ἀπόκρημνα
614 643 699 691 καὶ
767 643 957 704 ἀγορᾶς
1013 639 1220 704 ἀπορία.
1294 639 1409 686 τότε
1460 639 1499 685 δ᾽
1547 639 1653 686 ἐπι-

238 713 474 778 στρέψας
517 711 952 777 ἐστρατοπέδευεν
1002 710 1053 759 ἐν
1102 712 1209 759 τοῖς
1256 709 1491 760 πεδινοῖς·
1539 706 1562 755 ὁ
1605 706 1653 755 δὲ

236 780 565 845 Ἀσδρούβας
626 780 675 834 ἐς
735 779 851 832 τοὺς
913 775 1107 842 λόφους
1180 778 1245 831 ὡς
1307 775 1652 840 ὀχυρωτέρους

241 849 535 913 ἀνέδραμεν.

309 923 384 967 71.
428 920 532 966 Καὶ
558 918 605 967 οἱ
630 916 719 980 μὲν
758 920 847 977 τῆς
883 913 1130 975 ἐπιούσης
1159 914 1378 976 ἔμελλον
1405 914 1452 965 ἐς
1478 916 1652 978 χεῖρας

238 989 393 1048 ἥξειν,
434 987 664 1038 Σκιπίων
709 985 746 1033 δ᾽
784 985 807 1034 ὁ
853 983 1108 1046 νεώτερος,
1137 981 1159 1030 ὁ
1204 982 1294 1042 τὴν
1342 982 1653 1046 Καρχηδόνα

240 1059 454 1117 ὕστερον
496 1057 642 1112 ἑλών,
684 1050 1193 1115 ὑποστρατευόμενος
1230 1051 1346 1098 τότε
1373 1053 1652 1113 Λευκόλλῳ

244 1127 575 1186 Κελτίβηρσι
626 1125 958 1185 πολεμοῦντι,
999 1122 1049 1173 ἐς
1098 1120 1185 1168 τὸν
1236 1120 1654 1178 Μασσανάσσην

240 1194 508 1256 ἀφικνεῖτο
582 1193 835 1253 πεμφθεὶς
897 1192 1183 1251 ἐλέφαντας
1250 1190 1481 1249 αἰτῆσαι.
1571 1188 1653 1233 καὶ

241 1263 377 1326 αὐτῷ
424 1260 851 1321 Μασσανάσσης,
881 1261 972 1306 τοῦ
1016 1255 1257 1320 σώματος
1295 1257 1359 1309 ὡς
1399 1256 1446 1309 ἐς
1481 1255 1655 1319 μάχην

241 1332 655 1391 ἐπιμελούμενος,
686 1329 878 1379 ἱππέας
918 1328 1157 1374 ἀπαντᾶν
1196 1327 1418 1386 ἔπεμψε,
1444 1325 1531 1371 καὶ
1559 1327 1655 1371 τῶν

240 1398 439 1447 παίδων
501 1400 638 1447 τισὶν
699 1395 929 1445 ἐκέλευεν
1002 1395 1223 1442 ἐλθόντα
1286 1394 1640 1455 ὑποδέξασθαι.

243 1468 394 1519 αὐτὸς
437 1467 477 1514 δ᾽
525 1467 610 1528 ἅμ᾽
646 1467 707 1530 ἕῳ
754 1465 841 1514 τὸν
881 1464 1108 1525 στρατὸν
1149 1461 1444 1523 ἐξέτασσεν,
1482 1461 1656 1520 ὀγδοή-

243 1558 401 1584 κοντα
439 1536 528 1598 μὲν
572 1535 656 1582 καὶ
695 1533 828 1582 ὀκτὼ
868 1532 1088 1594 γεγονὼς
1121 1531 1224 1589 ἔτη,
1255 1530 1487 1579 ἱππεύων
1515 1529 1555 1577 δ᾽
1583 1529 1653 1577 ἔτι

244 1608 498 1669 καρτερῶς
544 1605 629 1651 καὶ
673 1600 863 1666 γυμνὸν
907 1600 994 1649 τὸν
1037 1600 1196 1648 ἵππον
1238 1597 1552 1656 ἀναβαίνων,
1594 1599 1656 1651 ὡς

244 1675 353 1724 ἔθος
385 1675 495 1721 ἐστὶ
524 1672 753 1734 Νομάσι,
781 1671 868 1719 καὶ
896 1672 1205 1734 στρατηγῶν
1231 1668 1318 1716 καὶ
1352 1666 1636 1733 μαχόμενος,

244 1743 346 1791 εἰσὶ
388 1742 483 1802 γὰρ
514 1739 726 1800 Λιβύων
770 1739 816 1787 οἱ
856 1736 1091 1801 Νομάδες
1133 1735 1528 1800 εὐρωστότατοι,
1572 1737 1652 1783 καὶ

244 1810 545 1871 μακροβίων
578 1810 737 1858 ὄντων
764 1807 1202 1867 μακροβιώτατοι.
1278 1805 1442 1853 αἴτιον
1468 1803 1506 1852 δ᾽
1537 1805 1656 1855 ἴσως

243 1882 268 1929 ὅ
297 1901 351 1928 τε
377 1880 572 1946 χειμὼν
597 1877 655 1926 οὐ
682 1877 819 1925 πολὺ
848 1874 996 1940 κρύος
1018 1874 1166 1940 ἔχων,
1188 1873 1296 1938 [ὑφ᾽
1315 1872 1371 1920 οὗ
1399 1871 1657 1933 φθείρεται

241 1949 453 2010 πάντα,]
476 1946 562 1995 καὶ
589 1946 645 1994 τὸ
668 1946 810 2009 θέρος
837 1945 894 1993 οὐ
910 1947 1195 1991 κατακαῖον
1212 1942 1388 2007 ὥσπερ
1405 1940 1658 1993 Αἰθίοπάς

244 2039 298 2065 τε
327 2016 410 2065 καὶ
435 2015 640 2073 Ἰνδούς.
693 2012 767 2062 διὸ
797 2012 882 2062 καὶ
902 2015 1001 2061 τῶν
1021 2011 1208 2079 θηρίων
1234 2010 1295 2057 τὰ
1325 2008 1657 2057 δυνατώτατα

243 2085 332 2147 ἥδε
381 2086 409 2145 ἡ
453 2089 517 2146 γῆ
561 2084 716 2143 φέρει,
768 2083 854 2130 καὶ
904 2082 949 2129 οἱ
991 2081 1163 2143 ἄνδρες
1208 2081 1260 2127 ἐν
1302 2079 1535 2142 ὑπαίθρῳ
1575 2078 1658 2124 καὶ

242 2153 418 2205 πόνοις
445 2153 578 2202 εἰσὶν
606 2151 697 2199 ἀεί.
774 2150 946 2209 ὁλίγος
985 2169 1039 2198 τε
1077 2146 1100 2196 ὁ
1141 2147 1271 2200 οἶνος
1298 2147 1487 2205 αὐτοῖς,
1517 2147 1601 2194 καὶ
1630 2147 1656 2204 ἡ

244 2225 409 2287 τροφὴ
474 2224 636 2269 πἇσιν
704 2222 849 2278 ἁπλῆ
915 2237 970 2266 τε
1032 2218 1117 2264 καὶ
1180 2216 1388 2276 εὐτελής.
1489 2213 1514 2263 ὁ
1570 2213 1659 2278 μὲν

244 2291 305 2352 δὴ
351 2288 765 2347 Μασσανάσσης
816 2285 1007 2345 ἐπιβὰς
1058 2283 1223 2332 ἵππου
1271 2282 1531 2346 διεκόσμει
1575 2282 1659 2332 τὸν

244 2357 485 2421 στρατόν,
511 2358 597 2406 καὶ
622 2354 953 2419 Ἀσδρούβας
972 2354 1219 2415 ἀντεξῆγε
1246 2352 1331 2401 τὸν
1362 2352 1489 2400 ἴδιον
1506 2352 1658 2415 αὐτῷ,

243 2426 385 2476 πολὺ
411 2426 630 2487 πλῆθος·
666 2425 759 2485 ἤδη
787 2424 886 2484 γὰρ
913 2423 1000 2470 καὶ
1027 2423 1155 2486 τῷδε
1182 2420 1376 2469 πολλοὶ
1402 2427 1657 2479 προσελη-

247 2519 333 2575 516
