1747 2693
109 306 214 343 CAP.

149 351 176 377 X

292 173 588 223 APPIAN'S
628 173 863 226 ROMAN
901 173 1209 226 HISTORY,
1246 173 1424 215 BOOK
1461 171 1578 213 VIII

226 294 459 344 λύθεσαν
486 297 540 344 ἐκ
567 301 656 359 τῆς
682 297 873 360 χώρας.
949 294 973 344 ὁ
1002 294 1050 345 δὲ
1092 292 1321 345 Σκιπίων
1348 295 1526 343 ἐθεᾶτο
1553 292 1643 354 τὴν

225 370 401 433 μάχην
448 370 537 434 ἀφ᾽
573 371 787 433 ὑψηλοῦ
826 370 1064 432 καθάπερ
1103 370 1157 418 ἐκ
1196 370 1427 431 θεάτρου.
1502 369 1646 430 ἔλεγε

228 467 282 493 τε
309 445 570 497 πολλάκις
587 446 816 509 ὕστερον,
838 445 1011 508 ἀγῶσι
1025 444 1350 510 συνενεχθεὶς
1371 447 1644 498 ποικίλοις,

229 520 418 568 οὔποτε
459 520 554 567 ὧδε
597 521 838 578 ἡσθῆναι·
890 519 1042 581 μόνον
1086 519 1185 580 γὰρ
1238 520 1334 581 ἔφη
1376 518 1518 567 τόνδε
1559 517 1645 566 τὸν

230 594 386 649 πόνον
415 594 660 657 ἄφροντις
689 592 829 651 ἰδεῖν,
856 594 1108 655 μυριάδας
1148 593 1340 656 ἀνδρῶν
1367 592 1645 645 συνιούσας

229 671 278 720 ἐς
326 669 501 733 μάχην
554 668 744 719 ἕνδεκα.
821 669 968 732 ἔλεγέ
1018 690 1071 719 τε
1116 668 1377 729 σεμνύνων
1421 668 1507 717 δύο
1547 669 1645 734 πρὸ

230 745 389 792 αὑτοῦ
450 746 542 804 τὴν
605 744 806 793 τοιάνδε
869 745 991 792 θέαν
1043 745 1162 794 ἰδεῖν
1214 746 1266 793 ἐν
1315 747 1385 806 τῷ
1435 747 1646 808 Τρωικῷ

230 819 458 882 πολέμῳ,
477 818 563 868 τὸν
585 820 686 868 Δία
715 818 818 868 ἀπὸ
848 823 935 881 τῆς
939 818 1084 880 Ἴδης
1114 818 1200 868 καὶ
1227 818 1314 868 τὸν
1342 818 1649 867 Ποσειδῶνα

230 896 286 942 ἐκ
314 891 671 960 Σαμοθρᾴκης.

303 974 377 1018 72.
422 969 697 1031 Γενομένης
727 969 777 1018 δὲ
805 975 895 1031 τῆς
920 970 1091 1033 μάχης
1128 971 1176 1022 ἐς
1203 968 1367 1019 νύκτα
1394 968 1486 1019 ἀπ᾽
1511 971 1646 1029 ἠοῦς,

232 1043 320 1097 καὶ
370 1048 587 1099 πολλῶν
649 1043 915 1099 πεσόντων
966 1043 1296 1109 ἑκατέρωθεν,
1346 1043 1515 1107 ἔδοξεν
1567 1046 1649 1093 ἐπὶ

231 1120 547 1185 κρεισσόνων
574 1120 596 1169 ὁ
626 1121 1038 1182 Μασσανάσσης
1064 1120 1323 1184 γενέσθαι.
1399 1121 1484 1168 καὶ
1512 1122 1647 1184 αὐτῷ

235 1197 615 1261 ὑποστρέφοντι
660 1196 765 1245 ἀπὸ
810 1200 900 1245 τοῦ
943 1196 1091 1260 ἔργου
1137 1195 1159 1244 ὁ
1209 1194 1438 1244 Σκιπίων
1485 1196 1647 1258 ὤφθη.

232 1270 255 1317 ὁ
285 1271 336 1318 δὲ
364 1272 519 1319 αὐτὸν
558 1272 646 1319 οἷα
683 1271 836 1328 φίλον
874 1272 928 1319 ἐκ
968 1271 1191 1319 πάππου
1231 1275 1465 1332 περιεῖπε
1504 1271 1649 1334 θερα-

231 1345 416 1395 πεύων.
461 1346 586 1410 ὅπερ
616 1345 662 1394 οἱ
690 1345 1038 1411 Καρχηδόνιοι
1058 1346 1325 1409 μαθόντες,
1345 1347 1540 1393 ἐδέοντο
1560 1349 1650 1399 τοῦ

230 1420 514 1473 Σκιπίωνος
546 1421 669 1484 πρὸς
697 1422 1116 1483 Μασσανάσσην
1135 1424 1274 1484 σφᾶς
1301 1422 1648 1484 συναλλάξαι.

233 1496 255 1543 ὁ
286 1498 335 1544 δὲ
364 1497 627 1558 συνήγαγε
660 1496 751 1558 μὲν
777 1496 981 1552 αὐτούς,
1009 1496 1320 1558 γιγνομένων
1346 1496 1398 1544 δὲ
1425 1496 1651 1558 προκλή-

233 1594 364 1627 σεων
414 1573 459 1619 οἱ
511 1570 859 1636 Καρχηδόνιοι
898 1575 968 1636 τῷ
1009 1571 1394 1636 Μασσανάσσῃ
1436 1570 1526 1632 τὴν
1562 1570 1651 1636 μὲν

234 1646 348 1711 περὶ
399 1646 456 1695 τὸ
513 1646 794 1709 Ἐμπόριον
855 1651 949 1708 γῆν
1012 1647 1192 1708 ἔλεγον
1253 1646 1514 1707 μεθήσειν,
1564 1646 1650 1693 καὶ

232 1721 475 1786 ἀργυρίου
521 1724 758 1770 τάλαντα
805 1721 988 1771 δώσειν
1038 1721 1282 1770 διακόσια
1331 1720 1517 1769 αὐτίκα
1566 1724 1650 1770 καὶ

231 1791 519 1839 ὀκτακόσια
537 1792 632 1838 σὺν
649 1790 835 1855 χρόνῳ,
852 1792 968 1844 τοὺς
990 1791 1028 1838 δ᾽
1048 1792 1367 1849 αὐτομόλους
1386 1792 1648 1842 αἰτοῦντος

232 1862 331 1925 οὐχ
384 1860 690 1920 ὑπέστησαν
752 1859 853 1907 οὐδ᾽
911 1859 1150 1915 ἀκοῦσαι,
1209 1858 1330 1907 ἀλλ᾽
1392 1858 1648 1923 ἄπρακτοι

231 1928 577 1994 διεκρίθησαν.
653 1928 740 1976 καὶ
778 1924 1008 1977 Σκιπίων
1047 1928 1135 1991 μὲν
1174 1930 1221 1979 ἐς
1250 1928 1482 1991 Ἰβηρίαν
1518 1928 1649 1995 ἔχων

240 1997 346 2059 τοὺς
397 1997 684 2059 ἐλέφαντας
734 1995 961 2060 ἐπανῄει,
1006 1996 1418 2057 Μασσανάσσης
1468 1995 1516 2044 δὲ
1564 1996 1649 2045 τὸν

231 2064 397 2129 λόφον
447 2069 546 2114 τῶν
592 2064 852 2126 πολεμίων
894 2065 1332 2128 περιταφρεύσας,
1375 2064 1648 2127 ἐφύλασσε

230 2132 479 2195 μηδεμίαν
508 2134 682 2186 αὐτοῖς
709 2132 901 2197 ἀγορὰν
941 2133 1270 2197 ἐσφέρεσθαι.
1346 2132 1445 2181 οὐδ᾽
1474 2135 1646 2184 ἄλλως

231 2203 380 2264 ἐγγὺς
421 2204 483 2264 ἦν
524 2203 677 2256 οὐδέν,
709 2202 819 2250 ἐπεὶ
861 2202 946 2250 καὶ
990 2203 1127 2269 αὐτῷ
1168 2201 1318 2262 μόλις
1359 2202 1413 2249 ἐκ
1451 2206 1648 2261 μακροῦ

232 2273 436 2334 σφόδρα
478 2272 776 2334 ἐπιμόχθως
818 2271 1025 2334 ἐφέρετο
1073 2269 1240 2333 ὀλίγη.
1316 2269 1643 2333 Ἀσδρούβας

230 2339 270 2385 δ᾽
321 2340 468 2389 εὐθὺς
517 2339 607 2401 μὲν
657 2339 817 2388 ἐδόκει
878 2339 1131 2387 δύνασθαι
1183 2338 1483 2387 διεκπαῖσαι
1533 2338 1647 2389 τοὺς

232 2407 509 2470 πολεμίους
537 2407 798 2472 ἐρρωμένῳ
840 2408 914 2456 ἔτι
953 2409 1039 2455 καὶ
1079 2407 1272 2454 ἀπαθεῖ
1305 2411 1376 2470 τῷ
1420 2411 1641 2470 στρατῷ,

234 2499 320 2553 518
