1747 2693
125 308 228 344 CAP.

164 349 193 376 X

311 170 605 219 APPIAN'S
644 170 880 218 ROMAN
919 172 1228 223 HISTORY,
1264 173 1441 216 BOOK
1482 174 1597 216 VIII

247 290 436 352 ἀγορὰν
489 290 528 338 δ᾽
572 290 706 361 ἔχων
748 292 1165 340 Μασσανάσσου
1210 291 1430 341 πλείονα
1469 316 1658 357 προκα-

244 359 456 416 λεῖσθαι
483 359 572 412 τὸν
598 361 1020 421 Μασσανάσσην
1047 361 1256 423 ἐνόμιζε,
1282 362 1367 411 καὶ
1396 362 1658 427 παρέμενε,

246 428 620 490 πυνθανόμενος
648 428 755 490 ἅμα
785 429 869 477 καὶ
896 430 1160 491 Ῥωμαίων
1189 431 1385 479 ἐπιέναι
1414 432 1661 492 πρέσβεις

244 498 291 547 ἐς
320 497 599 554 διαλύσεις.
677 497 722 546 οἱ
763 498 799 544 δ᾽
842 498 1004 557 ἦλθον
1039 498 1145 557 μέν,
1186 501 1355 562 εἴρητο
1392 499 1433 545 δ᾽
1471 499 1661 556 αὐτοῖς,

245 566 288 613 εἰ
316 565 729 626 Μασσανάσσης
757 566 1055 622 ἐλασσοῖτο,
1085 569 1246 614 λῦσαι
1275 568 1365 628 τὴν
1394 568 1662 630 διαφοράν,

246 633 289 681 εἰ
315 633 354 681 δ᾽
384 633 468 682 ἐπὶ
494 635 813 699 κρεισσόνων
839 639 930 693 εἴη,
961 629 1048 683 καὶ
1076 637 1386 698 παροξῦναι.

315 706 388 749 73.
421 702 490 749 Οἱ
507 703 596 765 μὲν
625 703 682 762 δὴ
712 703 766 751 τὸ
791 704 984 750 ἑαυτῶν
1007 705 1251 765 ἔπραξαν,
1271 704 1294 753 ὁ
1324 704 1374 753 δὲ
1401 704 1550 767 λιμὸς
1578 704 1663 753 τὸν

244 770 578 835 Ἀσδρούβαν
607 771 692 820 καὶ
719 772 836 823 τοὺς
873 773 1261 834 Καρχηδονίους
1291 774 1535 835 ἐξέτριβε·
1576 775 1660 821 καὶ

243 843 349 890 τοῖς
389 840 598 902 σώμασι
637 841 810 888 πάντα
851 842 1054 906 ἔχοντες
1090 842 1330 896 ἀσθενῶς,
1360 843 1660 896 βιάσασθαι

243 908 333 970 μὲν
360 909 528 957 οὐκέτι
558 909 674 962 τοὺς
701 909 978 970 πολεμίους
1011 910 1267 964 ἐδύναντο,
1307 910 1370 957 τὰ
1410 910 1449 957 δ᾽
1481 910 1659 970 ὑποζύ-

243 997 335 1039 για
363 980 582 1039 πρῶτον,
612 977 722 1025 εἶτα
751 978 867 1030 τοὺς
897 977 1085 1030 ἵππους
1113 979 1196 1026 ἐπὶ
1233 982 1336 1030 τοῖς
1375 978 1662 1041 ὑποζυγίοις

244 1046 411 1110 ἔθυον,
453 1046 540 1094 καὶ
580 1046 795 1105 ἱμάντας
843 1046 1088 1109 ἑψοῦντες
1128 1047 1325 1107 ἤσθιον.
1373 1048 1457 1096 καὶ
1500 1047 1662 1097 νόσων

245 1114 430 1174 αὐτοὺς
468 1114 598 1163 ἰδέαι
625 1119 796 1170 πᾶσαι
824 1115 1228 1177 κατελάμβανον
1256 1117 1310 1164 ἔκ
1338 1137 1390 1164 τε
1417 1115 1658 1179 πονηρίας

245 1185 450 1248 τροφῶν
498 1184 584 1232 καὶ
634 1185 904 1245 ἀκινησίας
954 1184 1114 1247 ἔργων
1164 1184 1250 1232 καὶ
1307 1184 1438 1249 ὥρας
1500 1184 1657 1237 ἔτους·

247 1252 644 1309 συνεκέκλειστο
671 1252 771 1320 γὰρ
800 1254 847 1305 ἐς
875 1252 925 1301 ἓν
951 1252 1140 1316 χωρίον
1174 1254 1260 1301 καὶ
1300 1252 1480 1302 στενὸν
1506 1275 1661 1317 στρα-

246 1320 463 1376 τόπεδον
512 1321 670 1385 ὄχλος
743 1322 1030 1385 ἀνθρώπων
1101 1321 1151 1369 ἐν
1224 1322 1398 1385 Λιβύῃ
1471 1321 1658 1385 θέρους.

246 1392 346 1436 τῶν
373 1411 427 1437 τε
456 1389 622 1452 ξύλων
650 1389 836 1442 αὐτοὺς
870 1391 917 1443 ἐς
952 1389 1044 1450 τὴν
1078 1390 1276 1453 ἕψησιν
1313 1389 1661 1439 ἐπιλιπόντων

246 1458 309 1505 τὰ
371 1458 514 1506 ὅπλα
575 1458 864 1508 κατέκαιον.
936 1458 1022 1506 καὶ
1073 1462 1174 1506 τῶν
1224 1458 1660 1519 ἀποθνησκόντων

246 1525 408 1577 οὐδεὶς
437 1527 543 1575 οὔτ᾽
566 1527 846 1593 ἐξεφέρετο,
872 1528 1287 1575 Μασσανάσσου
1309 1525 1400 1589 τὴν
1419 1527 1660 1588 φυλακὴν

245 1596 337 1643 οὐκ
373 1596 614 1650 ἀνιέντος,
654 1596 758 1645 οὔτ᾽
792 1595 1051 1660 ἐξεκαίετο
1081 1595 1248 1660 ξύλων
1276 1596 1483 1663 ἀπορίᾳ.
1525 1595 1547 1644 ὁ
1576 1597 1660 1645 οὖν

247 1664 435 1726 φθόρος
463 1665 636 1718 αὐτοῖς
674 1665 735 1725 ἦν
770 1665 936 1716 πολύς
977 1685 1031 1713 τε
1072 1665 1159 1713 καὶ
1185 1665 1508 1720 περιώδυνος,
1543 1686 1659 1712 συν-

246 1736 395 1780 οῦσιν
448 1733 663 1781 ὀδωδόσι
714 1734 796 1783 καὶ
843 1733 1153 1795 σηπομένοις
1198 1734 1452 1796 σώμασιν.
1506 1733 1561 1780 τό
1608 1756 1660 1780 τε

245 1805 498 1857 πλεῖστον
545 1798 642 1868 ἤδη
694 1806 786 1851 τοῦ
835 1805 1067 1866 στρατοῦ
1115 1801 1409 1868 διέφθαρτο·
1463 1802 1551 1850 καὶ
1603 1801 1656 1851 τὸ

246 1870 532 1926 ὑπόλοιπον
595 1871 831 1932 οὐδεμίαν
893 1870 1078 1934 σφίσιν
1141 1871 1330 1919 ἐλπίδα
1402 1869 1658 1934 σωτηρίας

244 1938 471 2004 ὁρῶντες,
523 1939 639 1992 τοὺς
700 1939 1020 2001 αὐτομόλους
1074 1939 1379 2000 ὑπέστησαν
1427 1938 1658 1987 ἐκδοῦναι

244 2012 313 2073 τῷ
367 2011 768 2072 Μασσανάσσῃ,
816 2010 901 2057 καὶ
952 2007 1365 2073 πεντακισχίλια
1416 2007 1657 2073 ἀργυρίου

243 2077 481 2125 τάλαντα
521 2078 844 2139 πεντήκοντα
893 2078 1060 2126 ἔτεσιν
1104 2078 1403 2135 ἐσενεγκεῖν,
1450 2076 1565 2128 τούς
1606 2098 1658 2124 τε

244 2146 478 2213 φυγάδας
530 2149 680 2210 σφῶν
730 2146 1120 2203 καταδέξασθαι
1170 2145 1314 2207 παρὰ
1363 2144 1421 2194 τὸ
1471 2145 1657 2209 ὅρκιον,

242 2214 328 2270 καὶ
366 2214 513 2263 αὐτοὶ
551 2215 633 2263 διὰ
669 2218 787 2278 μιᾶς
822 2215 991 2276 πύλης
1028 2216 1145 2266 τοὺς
1178 2213 1393 2278 ἐχθροὺς
1428 2214 1545 2261 καθ᾽
1574 2214 1659 2260 ἕνα

243 2284 519 2345 διεξελθεῖν
573 2284 668 2332 σὺν
723 2283 1017 2348 χιτωνίσκῳ
1079 2283 1230 2345 μόνῳ.
1298 2281 1578 2343 Γολόσσης
1620 2282 1657 2328 δ᾽

242 2353 417 2415 αὐτοῖς
456 2353 686 2412 ἀπιοῦσι,
719 2353 1056 2417 χαλεπαίνων
1095 2357 1183 2414 τῆς
1221 2353 1279 2400 οὐ
1314 2350 1415 2415 πρὸ
1453 2355 1657 2408 πολλοῦ

242 2414 473 2481 διώξεως,
537 2423 650 2468 εἴτε
699 2420 987 2472 συνειδότος
1050 2424 1140 2468 τοῦ
1200 2419 1397 2483 πατρὸς
1449 2421 1548 2466 εἴτε
1599 2419 1654 2465 δι᾽

242 2524 331 2563 520
