1747 2693
120 300 224 333 CAP.

156 340 183 366 X

123 1051 207 1080 CAP

148 1092 194 1119 XI

304 162 598 203 APPIAN'S
638 162 871 203 ROMAN
914 161 1221 213 HISTORY,
1259 161 1438 203 BOOK
1475 158 1607 207 VIII

241 287 441 338 ἑαυτοῦ,
470 283 719 344 Νομάδας
758 283 949 336 ἱππέας
989 283 1305 345 ἐπέπεμψεν,
1343 285 1391 331 οἳ
1417 285 1507 331 οὐκ
1536 285 1656 346 ἀμυ-

240 354 491 412 νομένους,
544 354 660 403 οὔτε
708 353 876 401 ὅπλον
936 353 1153 416 ἔχοντας
1202 352 1249 404 ἐς
1300 351 1495 415 ἄμυναν
1545 352 1657 401 οὔτε

242 427 422 485 φυγεῖν
479 421 561 470 ὑπ᾽
613 421 879 474 ἀσθενείας
937 420 1242 483 δυναμένους
1299 420 1541 468 ἔκτειναν.
1607 421 1659 468 ἔκ

240 513 294 538 τε
337 490 595 553 μυριάδων
636 490 787 538 πέντε
832 492 1066 553 στρατοῦ
1113 489 1202 537 καὶ
1252 487 1659 555 ὀκτακισχιλίων

240 561 436 622 ἀνδρῶν
477 554 645 620 ὀλίγοι
685 559 909 621 πάμπαν
953 559 1001 609 ἐς
1052 557 1370 620 Καρχηδόνα
1416 558 1661 620 περιεσώ-

241 631 423 688 θησαν,
448 629 533 677 καὶ
561 629 656 675 σὺν
679 628 852 679 αὐτοῖς
879 624 1208 690 Ἀσδρουβας
1236 646 1291 674 τε
1318 624 1341 674 ὁ
1370 626 1661 689 στρατηγὸς

241 697 328 743 καὶ
356 697 514 762 ἕτεροι
542 699 643 745 τῶν
671 697 952 761 ἐπιφανῶν.

924 910 990 952 XI

317 1041 389 1083 74.
432 1033 649 1083 Τοιόσδε
674 1033 765 1097 μὲν
799 1032 823 1081 ὁ
864 1032 1282 1081 Μασσανάσσου
1320 1032 1410 1080 καὶ
1451 1033 1661 1096 Καρχη-

246 1105 422 1152 δονίων
449 1105 675 1166 πόλεμος
702 1105 778 1165 ἦν,
807 1102 1072 1166 ἐκδέχεται
1114 1100 1152 1149 δ᾽
1182 1099 1338 1149 αὐτὸν
1367 1099 1389 1148 ὁ
1419 1101 1586 1166 τρίτος
1614 1103 1662 1149 ἐν

244 1176 416 1243 Λιβύῃ
443 1175 531 1221 καὶ
558 1176 851 1224 τελευταῖος
888 1169 1169 1233 Ῥωμαίων.
1198 1170 1287 1218 καὶ
1319 1169 1663 1234 Καρχηδόνιοι

244 1247 313 1306 τῷ
364 1245 779 1290 Μασσανάσσου
829 1239 1126 1299 πταίσματι
1184 1239 1554 1299 συμπεσόντες,
1610 1239 1663 1284 ἀ-

244 1311 593 1370 σθενεστάτης
647 1307 730 1358 ὑπ᾽
783 1309 939 1356 αὐτοῦ
994 1313 1083 1363 τῆς
1135 1306 1332 1359 πόλεως
1377 1306 1662 1366 γενομένης,

244 1379 398 1427 αὐτόν
450 1400 504 1427 τε
554 1378 972 1436 Μασσανάσσην
1025 1375 1346 1424 ἐδεδοίκεσαν
1397 1375 1548 1436 ἐγγὺς
1592 1375 1663 1422 ἔτι

243 1451 367 1496 ὄντα
392 1450 520 1510 μετὰ
547 1450 754 1496 πολλοῦ
782 1448 1026 1509 στρατοῦ,
1056 1445 1140 1492 καὶ
1174 1442 1454 1505 Ῥωμαίους
1483 1443 1664 1505 δυσμε-

243 1517 508 1567 ναίνοντας
537 1516 613 1563 ἀεὶ
641 1516 799 1579 σφίσι
833 1515 919 1563 καὶ
953 1514 1221 1575 πρόφασιν
1250 1512 1566 1575 θησομένους
1601 1513 1664 1566 τὰ

244 1586 292 1648 ἐς
354 1586 442 1635 τὸν
497 1584 913 1641 Μασσανάσσην
963 1582 1223 1644 γενόμενα.
1288 1581 1355 1629 ὧν
1406 1580 1665 1644 οὐδέτερον

245 1657 414 1714 κακῶς
456 1651 718 1702 ὑπενόουν·
764 1651 952 1699 αὐτίκα
991 1654 1090 1712 γὰρ
1134 1650 1179 1697 οἱ
1221 1649 1468 1712 Ῥωμαῖοι
1507 1640 1664 1696 πυθό-

244 1744 383 1786 μενοι
418 1720 644 1784 στρατὸν
673 1721 1001 1781 ἐπήγγελλον
1037 1720 1084 1772 ἐς
1122 1718 1250 1777 ὅλην
1289 1718 1380 1776 τὴν
1413 1717 1661 1772 Ἰταλίαν,

246 1791 337 1854 τὴν
362 1792 452 1854 μὲν
478 1800 659 1855 χρείαν
693 1790 751 1838 οὐ
782 1789 1036 1851 λέγοντες,
1070 1788 1133 1839 ὡς
1167 1787 1205 1834 δ᾽
1234 1787 1294 1835 ἂν
1321 1786 1471 1850 ὀξέως
1501 1787 1665 1853 ἔχοιεν

246 1861 293 1926 ἐς
320 1861 386 1909 τὰ
411 1856 886 1923 παραγγελλόμενα
915 1857 1163 1920 χρῆσθαι.
1204 1854 1290 1904 καὶ
1318 1855 1365 1903 οἱ
1394 1854 1663 1919 Καρχηδό-

246 1949 341 1977 νιοι
391 1927 672 1991 νομίζοντες
723 1925 960 1974 ἐκλύσειν
1011 1924 1101 1985 τὴν
1151 1923 1434 1984 πρόφασιν,
1486 1923 1664 1982 ἐπεκή-

246 2018 445 2061 ρυσσον
487 1996 791 2058 Ἀσδρούβᾳ
834 2016 888 2043 τε
928 1998 997 2066 τῷ
1043 1992 1473 2054 στρατηγήσαντι
1520 1992 1665 2039 τοῦδε

248 2070 337 2115 τοῦ
367 2062 493 2130 πρὸς
520 2058 940 2124 Μασσανάσσην
966 2060 1198 2125 πολέμου
1226 2060 1313 2108 καὶ
1352 2060 1663 2125 Καρθάλωνι

249 2139 319 2199 τῷ
346 2135 652 2200 βοηθάρχῳ,
675 2122 762 2181 καὶ
789 2133 835 2180 εἴ
858 2152 932 2183 τις
960 2132 1122 2182 ἄλλος
1148 2131 1351 2193 ἐφῆπτο
1380 2132 1469 2177 τοῦ
1497 2129 1662 2192 ἔργου,

248 2203 487 2259 θάνατον,
516 2202 562 2255 ἐς
591 2200 808 2252 ἐκείνους
837 2199 929 2262 τὴν
956 2197 1126 2247 αἰτίαν
1153 2202 1241 2247 τοῦ
1268 2196 1499 2260 πολέμου
1526 2218 1664 2263 περι-

249 2274 501 2334 φέροντες.
555 2272 602 2322 ἔς
652 2291 706 2318 τε
766 2270 967 2330 Ῥώμην
1023 2268 1270 2329 πρέσβεις
1321 2265 1567 2328 ἔπεμπον,
1620 2265 1665 2311 οἳ

248 2338 568 2401 κατηγόρουν
594 2338 683 2398 μὲν
710 2338 871 2386 αὐτοῦ
890 2337 1319 2390 Μασσανάσσου,
1348 2334 1664 2396 κατηγόρουν

250 2409 298 2457 δὲ
339 2408 426 2456 καὶ
465 2408 621 2455 τῶνδε
661 2410 761 2454 τῶν
803 2405 997 2466 ἀνδρῶν
1038 2406 1101 2454 ὡς
1141 2403 1472 2465 ἀμυναμένων
1510 2401 1660 2450 αὐτὸν

250 2508 336 2551 522
