1747 2693
99 309 199 341 CAP.

122 349 169 377 XI

283 176 583 222 APPIAN'S
621 176 854 223 ROMAN
894 176 1203 228 HISTORY,
1237 176 1415 216 BOOK
1456 175 1570 215 VIII

220 297 372 361 ὀξέως
399 319 453 347 τε
479 298 565 346 καὶ
592 301 862 361 προπετῶς
889 299 975 348 καὶ
1001 299 1093 361 τὴν
1118 299 1274 347 πόλιν
1295 299 1343 349 ἐς
1370 299 1633 362 πρόφασιν

219 374 411 438 ἔχθρας
461 374 817 436 ἐμβαλόντων.
872 375 935 427 ὡς
976 375 1028 422 δέ
1071 395 1148 426 τις
1188 377 1286 421 τῶν
1336 375 1634 432 βουλευτῶν

217 447 335 498 τοὺς
360 447 608 510 πρέσβεις
636 449 783 510 ἤρετο
811 449 949 502 ὅπως
977 449 1068 497 οὐκ
1095 449 1146 497 ἐν
1180 449 1316 512 ἀρχῇ
1356 452 1445 496 τοῦ
1483 447 1633 497 πολέ-

217 544 313 585 μου
358 524 476 578 τοὺς
521 524 732 580 αἰτίους,
775 524 918 572 ἀλλὰ
958 524 1087 584 μετὰ
1128 523 1218 584 τὴν
1252 524 1427 584 ἧσσαν
1469 523 1636 584 ἐξεκή-

216 600 394 662 ρυξαν,
445 600 535 648 καὶ
584 599 711 663 πρὸς
759 602 888 663 ἡμᾶς
952 600 1009 648 οὐ
1058 599 1306 663 πρότερον
1358 599 1503 647 ἀλλὰ
1553 603 1637 648 νῦν

219 674 598 737 πρεσβεύεσθε,
629 675 676 723 οἱ
711 674 800 737 μὲν
852 674 1175 736 ἀποκρίσεως
1213 674 1455 735 ἠπόρουν,
1506 675 1536 736 ἡ
1587 674 1633 721 δὲ

217 750 390 809 βουλὴ
420 751 591 798 πάλαι
631 750 936 810 διεγνωκυῖα
972 755 1274 812 πολεμῆσαι
1313 750 1399 799 καὶ
1437 750 1636 815 προφά-

220 847 326 877 σεις
361 826 727 889 ἐρεσχηλοῦσα
764 825 858 874 ὧδε
892 825 1218 889 ἀπεκρίνατο,
1251 825 1636 890 Καρχηδονίους

218 900 361 947 οὔπω
412 900 684 963 Ῥωμαίοις
731 901 916 954 ἱκανῶς
961 902 1421 963 ἀπολογήσασθαι.
1474 904 1636 949 πάλιν

219 977 307 1024 οὖν
333 978 648 1039 ἀγωνιῶντες
673 978 897 1038 ἠρώτων,
940 979 981 1024 εἰ
1019 979 1261 1024 δοκοῦσιν
1300 980 1562 1040 ἁμαρτεῖν,
1591 981 1637 1025 τί

219 1051 473 1102 παθόντες
516 1052 884 1101 ἀπολύσονται
925 1053 982 1101 τὸ
1022 1053 1274 1115 ἔγκλημα.
1328 1053 1374 1101 οἱ
1400 1053 1452 1101 δὲ
1478 1053 1636 1104 οὕτως

218 1128 425 1191 ἔφασαν
480 1132 550 1194 τῷ
611 1128 819 1190 ῥήματι,
884 1128 980 1177 "εἰ
1038 1128 1094 1176 τὸ
1158 1128 1331 1177 ἱκανὸν
1391 1128 1636 1188 ποιήσετε

216 1201 534 1264 Ῥωμαίοις."
602 1203 888 1264 ζητούντων
936 1204 976 1250 δ᾽
1028 1204 1230 1251 ἐκείνων
1280 1204 1306 1251 ὅ
1355 1225 1403 1252 τι
1453 1205 1529 1264 εἴη
1581 1204 1635 1251 τὸ

220 1278 410 1335 ἱκανόν,
441 1279 487 1325 οἱ
512 1278 602 1340 μὲν
643 1278 801 1343 ᾤοντο
839 1278 1123 1342 Ῥωμαίους
1151 1279 1344 1328 ἐθέλειν
1375 1283 1480 1332 τοῖς
1513 1280 1636 1342 χρή-

218 1374 352 1415 μασι
420 1356 817 1418 προσεπιθεῖναι
885 1359 989 1406 τοῖς
1051 1355 1135 1402 ἐπὶ
1191 1354 1476 1407 Σκιπίωνος
1526 1357 1636 1418 ὡρι-

219 1429 438 1491 σμένοις,
468 1429 519 1478 οἱ
552 1430 602 1479 δὲ
644 1431 1031 1494 Μασσανάσσῃ
1072 1434 1160 1491 τῆς
1203 1431 1503 1493 ἀμφιλόγου
1544 1435 1635 1493 γῆς

217 1510 556 1566 μεταστῆναι.
622 1507 934 1566 ἀποροῦντες
985 1507 1073 1554 οὖν
1121 1505 1286 1554 πάλιν
1337 1506 1385 1558 ἐς
1440 1505 1636 1567 Ῥώμην

219 1581 467 1643 ἔπεμπον,
518 1581 607 1630 καὶ
656 1581 990 1644 παρεκάλουν
1038 1583 1231 1645 γνῶναι
1283 1584 1464 1646 σαφῶς
1513 1581 1538 1630 ὅ
1589 1603 1635 1630 τι

220 1658 362 1704 ἐστὶν
389 1658 565 1705 αὐτοῖς
593 1656 650 1705 τὸ
678 1656 867 1705 ἱκανόν.
909 1656 957 1705 οἱ
983 1656 1033 1704 δὲ
1062 1656 1209 1708 αὖθις
1227 1656 1434 1721 ἔφασαν
1452 1656 1639 1706 εἰδέναι

220 1732 610 1797 Καρχηδονίους
637 1736 824 1787 καλῶς,
855 1733 940 1780 καὶ
968 1733 1194 1784 εἰπόντες
1222 1734 1562 1798 ἀπέπεμψαν.

289 1812 362 1855 75.
407 1810 476 1855 Οἱ
518 1809 609 1869 μὲν
658 1808 716 1869 δὴ
774 1807 944 1868 φόβου
998 1807 1083 1855 καὶ
1134 1808 1354 1869 ἀπορίας
1401 1809 1540 1869 ἦσαν
1589 1810 1636 1857 ἐν

218 1883 399 1947 τούτῳ,
438 1883 610 1945 Ἰτύκη
638 1883 706 1940 δέ,
731 1884 760 1944 ἡ
791 1884 990 1944 Λιβύης
1016 1884 1237 1946 μεγίστη
1263 1884 1393 1947 μετὰ
1421 1886 1634 1949 Καρχη-

218 1958 339 2015 δόνα
367 1958 538 2013 πόλις,
560 1958 772 2017 λιμένας
793 1980 846 2007 τε
876 1959 1073 2028 ἔχουσα
1102 1958 1341 2020 εὐόρμους
1363 1958 1449 2007 καὶ
1477 1980 1632 2023 στρα-

217 2034 447 2081 τοπέδων
474 2034 786 2096 καταγωγὰς
814 2034 1074 2096 δαψιλεῖς,
1111 2034 1358 2096 ἑξήκοντα
1397 2034 1635 2087 σταδίους

217 2109 322 2157 ἀπὸ
351 2109 687 2174 Καρχηδόνος
714 2110 1002 2174 ἀφεστῶσα
1032 2110 1117 2158 καὶ
1148 2113 1320 2162 καλῶς
1342 2111 1389 2162 ἐς
1409 2109 1636 2174 πόλεμον

218 2185 390 2245 αὐτοῖς
417 2185 724 2247 ἐπικειμένη,
764 2185 827 2238 τὰ
869 2186 1239 2255 Καρχηδονίων
1266 2187 1364 2247 ἄρα
1391 2187 1477 2234 καὶ
1505 2187 1632 2247 αὕτη

218 2258 334 2314 τότε
379 2261 687 2322 ἀπογνοῦσα
730 2261 816 2309 καὶ
861 2261 915 2309 τὸ
958 2261 1127 2309 πάλαι
1171 2265 1323 2322 μῖσος
1364 2262 1411 2312 ἐς
1451 2261 1636 2312 αὐτοὺς

219 2335 508 2399 ἐκφέρουσα
537 2337 586 2385 ἐν
612 2340 789 2400 καιρῷ,
812 2337 1062 2401 πρέσβεις
1088 2338 1136 2389 ἐς
1162 2338 1358 2399 Ῥώμην
1387 2338 1632 2402 ἔπεμψεν,

219 2410 267 2456 οἳ
304 2410 395 2471 τὴν
430 2410 635 2472 Ἰτύκην
669 2410 939 2475 Ῥωμαίοις
974 2411 1269 2474 ἐπέτρεπον.
1315 2414 1343 2473 ἡ
1379 2412 1430 2461 δὲ
1465 2413 1631 2473 βουλὴ

221 2512 306 2554 524
