1747 2693
96 315 196 346 CAP.

114 358 157 396 XI

285 175 574 217 APPIAN'S
615 174 848 223 ROMAN
890 173 1195 221 HISTORY,
1234 173 1409 214 BOOK
1448 173 1564 213 VIII

217 299 305 348 καὶ
325 299 446 351 τέως
469 299 516 350 ἐς
544 299 631 346 τὸν
656 303 884 357 πολεμον
906 294 1119 359 ὁρμῶσά
1147 316 1201 344 τε
1227 294 1314 343 καὶ
1330 316 1626 358 παρασκευ-

216 377 447 435 αζομένη,
510 374 710 423 πόλεως
773 370 965 435 ὀχυρᾶς
1022 371 1152 418 οὕτω
1206 370 1290 418 καὶ
1365 369 1629 433 ἐπικαίρου

216 447 625 511 προσγενομένης
667 446 875 507 ἐξέφηνέ
913 467 966 494 τε
1004 446 1097 506 τὴν
1130 445 1349 506 γνώμην,
1386 444 1472 493 καὶ
1503 446 1550 496 ἐς
1576 445 1629 494 τὸ

218 526 574 575 Καπιτώλιον,
620 524 776 581 οὗπερ
820 522 1036 569 εἰώθασι
1081 520 1196 581 περὶ
1236 518 1468 581 πολέμου
1509 540 1629 566 σκο-

217 603 346 649 πεῖν,
375 597 706 646 συνελθοῦσα
734 596 1040 658 ἐψηφίσατο
1078 594 1453 665 Καρχηδονίοις
1478 602 1631 650 πολε-

217 679 343 736 μεῖν.
396 671 720 733 στρατηγούς
762 691 815 720 τε
856 671 972 722 τοὺς
1024 671 1248 722 ὑπάτους
1298 669 1484 718 αὐτίκα
1535 670 1631 731 ἐξέ-

218 770 439 813 πεμπον,
468 747 555 796 ἐπὶ
579 747 671 810 μὲν
698 749 789 795 τοῦ
814 747 971 805 πεζοῦ
1010 746 1212 794 Μάνιον
1240 745 1515 800 Μανίλιον,
1551 745 1632 794 ἐπὶ

217 825 268 872 δὲ
297 828 386 872 τοῦ
415 823 609 871 στόλου
638 821 853 870 Λεύκιον
897 821 1138 885 Μάρκιον
1178 823 1524 885 Κηνσωρῖνον,
1564 821 1635 873 οἷς

217 901 268 949 ἐν
294 900 570 962 ἀπορρήτῳ
610 899 850 946 ἐλέλεκτο
890 895 956 959 μὴ
998 897 1250 961 ἀνασχεῖν
1285 901 1374 945 τοῦ
1401 895 1634 960 πολέμου

218 968 337 1032 πρὶν
366 966 679 1032 Καρχηδόνα
707 966 1076 1029 κατασκάψαι.
1107 966 1153 1013 οἱ
1178 966 1269 1028 μὲν
1295 964 1356 1027 δὴ
1383 964 1633 1017 θύσαντες

220 1046 267 1096 ἐς
316 1040 560 1094 Σικελίαν
609 1042 796 1090 ἔπλεον
846 1042 910 1094 ὡς
959 1041 1151 1090 ἐκεῖθεν
1198 1041 1246 1093 ἐς
1296 1041 1388 1100 τὴν
1433 1041 1635 1100 Ἰτύκην

220 1113 608 1172 διαβαλοῦντες,
650 1111 800 1158 ναυσὶ
839 1110 877 1158 δ᾽
913 1109 1151 1173 ἐφέροντο
1189 1109 1510 1171 πεντήκοντα
1547 1109 1635 1172 μὲν

220 1182 543 1244 πεντήρεσιν,
573 1180 754 1228 ἑκατὸν
788 1179 824 1225 δ᾽
855 1177 1130 1239 ἡμιολίαις,
1160 1178 1442 1243 ἀφράκτοις
1471 1178 1523 1226 δὲ
1549 1178 1634 1225 καὶ

220 1248 509 1313 κερκούροις
537 1248 622 1296 καὶ
654 1247 998 1312 στρογγύλοις
1026 1251 1264 1298 πολλοῖς.
1298 1246 1384 1294 καὶ
1411 1245 1635 1311 στρατὸν

220 1320 344 1381 ἦγον
381 1315 812 1381 ὀκτακισμυρίους
849 1315 1032 1375 πεζοὺς
1058 1315 1146 1363 καὶ
1173 1315 1362 1367 ἱππέας
1391 1315 1437 1366 ἐς
1462 1336 1633 1379 τετρα-

220 1385 532 1454 κισχιλίους,
562 1385 803 1450 ἀρίστους
831 1385 1083 1436 ἅπαντας·
1121 1385 1184 1436 ὡς
1209 1383 1309 1447 γὰρ
1338 1386 1384 1436 ἐς
1412 1386 1634 1446 ἐπιφανῆ

221 1453 502 1520 στρατείαν
545 1453 633 1503 καὶ
677 1456 941 1517 προῦπτον
981 1451 1170 1501 ἐλπίδα
1212 1456 1312 1503 πᾶς
1351 1473 1425 1503 τις
1464 1455 1636 1501 ἀστῶν

221 1525 307 1574 καὶ
348 1524 639 1587 συμμάχων
687 1524 844 1586 ὥρμα,
889 1523 975 1570 καὶ
1018 1521 1212 1570 πολλοὶ
1249 1521 1333 1569 καὶ
1375 1521 1635 1568 ἐθελονταὶ

221 1592 592 1656 παρήγγελλον
619 1592 666 1643 ἐς
694 1590 781 1640 τὸν
806 1592 1118 1653 κατάλογον.

294 1666 371 1710 76.
413 1658 787 1724 Καρχηδονίοις
841 1658 890 1706 δὲ
942 1656 1268 1722 προσέπεσεν
1305 1657 1337 1718 ἥ
1374 1679 1430 1706 τε
1473 1656 1636 1722 κρίσις

222 1733 314 1779 τοῦ
344 1732 577 1792 πολέμου
618 1730 701 1776 καὶ
730 1729 787 1777 τὸ
815 1728 961 1791 ἔργον
994 1726 1119 1790 ὁμοῦ
1161 1726 1221 1775 δι᾽
1250 1726 1355 1780 ἑνὸς
1395 1726 1635 1790 ἀγγέλου·

222 1798 246 1847 ὁ
273 1798 372 1864 γὰρ
400 1797 555 1850 αὐτὸς
594 1795 741 1859 ἔφερέ
779 1816 834 1844 τε
870 1795 928 1843 τὸ
964 1796 1224 1856 ψήφισμα
1264 1799 1354 1843 τοῦ
1391 1795 1637 1853 πολέμου,

222 1868 311 1916 καὶ
352 1868 442 1918 τὰς
482 1869 603 1919 ναῦς
651 1864 837 1921 ἐδήλου
884 1868 1036 1913 πλεῖν
1087 1864 1171 1912 ἐπὶ
1212 1867 1366 1926 σφᾶς.
1440 1864 1635 1911 ἐκπλα-

223 1936 395 1998 γέντες
433 1936 521 1983 οὖν
556 1935 948 1996 ἀπεγίγνωσκον
990 1934 1159 1981 αὑτῶν
1201 1931 1393 1999 ἀπορίᾳ
1433 1953 1487 1980 τε
1520 1935 1639 1979 νεῶν

225 2003 312 2053 καὶ
363 2003 603 2069 ἀπωλείᾳ
653 2002 945 2066 προσφάτῳ
1007 2001 1232 2061 τοσῆσδε
1281 1999 1532 2059 νεότητος,
1584 2002 1641 2050 οὐ

225 2072 535 2139 συμμάχους
575 2072 796 2136 ἔχοντες,
825 2071 882 2119 οὐ
919 2070 1270 2133 μισθοφόρους
1310 2068 1554 2126 ἑτοίμους,
1586 2070 1639 2116 οὐ

226 2145 374 2190 σῖτον
429 2141 477 2190 ἐς
527 2140 836 2203 πολιορκίαν
879 2137 1322 2199 συνενηνεγμένον,
1378 2139 1466 2185 οὐκ
1507 2140 1639 2184 ἄλλο

228 2210 384 2262 οὐδέν,
426 2211 488 2261 ὡς
538 2210 589 2258 ἐν
638 2208 908 2269 ἀκηρύκτῳ
949 2207 1034 2254 καὶ
1075 2210 1228 2270 ταχεῖ
1273 2205 1500 2267 πολέμῳ,
1542 2205 1638 2252 οὐδ᾽

227 2279 374 2326 αὐτοὶ
416 2278 641 2340 διαρκεῖν
678 2274 945 2335 δυνάμενοι
971 2274 1242 2338 Ῥωμαίοις
1281 2295 1334 2322 τε
1373 2276 1458 2321 καὶ
1487 2276 1640 2321 Μασ-

230 2346 495 2407 σανάσσῃ.
605 2345 858 2407 πρέσβεις
919 2344 1006 2392 οὖν
1070 2343 1267 2404 ἑτέρους
1334 2342 1383 2393 ἐς
1443 2341 1639 2403 Ῥώμην

228 2415 457 2477 ἔπεμπον
478 2413 878 2474 αὐτοκράτορας,
907 2410 1009 2473 ὅπῃ
1037 2410 1288 2466 δύναιντο,
1318 2408 1383 2458 τὰ
1407 2408 1638 2474 παρόντα

232 2564 317 2622 526
