1747 2693
92 319 199 351 CAP.

115 359 163 387 XI

282 182 573 223 APPIAN'S
613 182 849 223 ROMAN
892 181 1193 231 HISTORY,
1232 181 1408 229 BOOK
1448 181 1564 221 VIII

215 305 504 362 διαθέσθαι.
593 305 666 362 οἷς
722 307 754 366 ἡ
817 305 1111 366 σύγκλητος
1173 305 1328 358 εἶπεν,
1381 304 1467 353 ἐὰν
1526 307 1630 356 τοῖς

216 381 430 437 ὑπάτοις
464 381 537 428 ἔτι
580 381 726 428 οὖσιν
767 381 818 429 ἐν
857 377 1086 446 Σικελίᾳ,
1117 379 1396 443 τριάκοντα
1438 379 1628 440 ἡμερῶν

216 459 386 518 τῶνδε,
416 455 462 503 οἱ
490 455 838 519 Καρχηδόνιοι
865 454 1192 517 τριακοσίους
1219 454 1336 507 τοὺς
1365 453 1629 516 ἐνδοξοτά-

215 552 330 594 τους
369 535 516 596 σφῶν
565 533 754 584 παῖδας
804 532 853 583 ἐς
892 529 1132 593 ὁμηρείαν
1183 529 1510 594 παράσχωσι
1546 529 1627 576 καὶ

214 607 391 654 τἄλλα
442 605 845 655 κατακούσωσιν
895 606 1080 658 αὐτῶν,
1134 605 1262 668 ἕξειν
1314 603 1627 668 Καρχηδόνα

214 681 489 749 ἐλευθέραν
518 703 571 729 τε
599 681 683 730 καὶ
712 681 1010 743 αὐτόνομον,
1030 681 1117 729 καὶ
1143 685 1238 742 γῆν
1265 680 1395 740 ὅσην
1422 680 1630 746 ἔχουσιν

213 757 264 807 ἐν
291 757 484 821 Λιβύῃ.
557 761 727 806 ταῦτα
752 757 843 820 μὲν
869 757 917 809 ἐς
943 755 1000 804 τὸ
1028 755 1250 820 φανερὸν
1275 754 1629 820 ἐψηφίσαντο,

215 833 301 880 καὶ
330 838 435 883 τοῖς
462 833 755 896 πρέσβεσιν
797 833 993 880 ἔδωκαν
1032 833 1079 884 ἐς
1120 832 1436 895 Καρχηδόνα
1465 831 1629 894 φέρειν

214 908 272 956 τὸ
301 908 480 971 δόγμα·
510 910 560 957 ἐν
582 908 856 971 ἀπορρήτῳ
881 907 932 955 δὲ
953 911 1058 959 τοῖς
1082 904 1295 957 ὑπάτοις
1323 903 1630 954 ἐπέστειλαν

215 983 439 1049 ἔχεσθαι
459 987 558 1032 τῶν
589 982 693 1049 ἰδίᾳ
720 982 908 1046 σφίσιν
935 982 1333 1043 ἐντεταλμένων.

286 1064 363 1106 77.
405 1060 472 1106 Οἱ
512 1058 563 1107 δὲ
604 1058 955 1121 Καρχηδόνιοι
995 1057 1086 1119 τὴν
1124 1057 1215 1119 μὲν
1250 1057 1455 1115 γνώμην
1495 1057 1629 1104 ὑπώ-

212 1156 418 1190 πτευον,
449 1135 537 1182 οὐκ
566 1135 651 1182 ἐπὶ
678 1134 911 1193 συνθήκῃ
952 1132 1154 1203 βεβαίᾳ
1194 1132 1257 1179 τὰ
1285 1132 1449 1196 ὅμηρα
1476 1133 1630 1196 παρέ-

214 1231 408 1276 χοντες·
439 1210 522 1258 οἷα
551 1210 590 1257 δ᾽
619 1210 670 1257 ἐν
709 1209 922 1273 κινδύνῳ
962 1209 1172 1272 τοσῷδε,
1201 1208 1291 1259 τὰς
1332 1207 1546 1260 ἐλπίδας
1577 1211 1627 1255 ἐν

217 1285 253 1350 ᾧ
290 1286 444 1347 μηδὲν
494 1285 806 1348 ἐκλείψουσι
855 1283 1122 1347 τιθέμενοι,
1178 1285 1381 1347 σπουδῇ
1434 1291 1631 1347 προλα-

213 1361 394 1418 βόντες
445 1361 535 1423 τὴν
586 1356 928 1423 προθεσμίαν,
979 1358 1097 1411 τοὺς
1156 1356 1347 1410 παῖδας
1409 1361 1533 1420 ἦγον
1586 1362 1631 1412 ἐς

215 1435 472 1489 Σικελίαν,
523 1434 712 1497 γονέων
764 1455 817 1482 τε
879 1434 1054 1485 αὐτοῖς
1103 1432 1483 1482 ἐπικλαιόντων
1544 1435 1631 1482 καὶ

214 1510 426 1565 οἰκείων,
489 1510 575 1559 καὶ
634 1510 877 1570 μάλιστα
935 1511 1036 1556 τῶν
1098 1508 1353 1579 μητέρων,
1420 1510 1473 1557 αἳ
1533 1510 1627 1559 σὺν

216 1588 449 1648 ὀλολυγῇ
498 1584 741 1647 μανιώδει
801 1588 901 1633 τῶν
962 1583 1152 1632 τέκνων
1202 1586 1484 1646 ἐξήπτοντο
1547 1590 1629 1633 καὶ

218 1665 341 1711 νεῶν
391 1665 492 1711 τῶν
542 1663 810 1725 φερουσῶν
860 1660 992 1708 αὐτὰ
1041 1660 1128 1708 καὶ
1179 1664 1488 1724 στρατηγῶν
1533 1664 1631 1710 τῶν

217 1738 466 1800 ἀγόντων,
495 1738 732 1799 ἀγκυρῶν
753 1755 807 1783 τε
828 1735 1258 1798 ἐπελαμβάνοντο
1287 1736 1372 1783 καὶ
1401 1736 1632 1801 καλῴδια

217 1813 444 1860 διέσπων
471 1811 556 1860 καὶ
585 1811 796 1870 ναύταις
823 1809 1206 1859 συνεπλέκοντο
1235 1805 1322 1859 καὶ
1350 1805 1435 1859 τὸν
1464 1816 1631 1860 πλοῦν

217 1888 459 1937 ἐκώλυον.
560 1886 659 1935 εἰσὶ
721 1886 761 1933 δ᾽
823 1885 880 1931 αἳ
936 1885 1021 1933 καὶ
1082 1884 1238 1950 μέχρι
1287 1891 1494 1936 πολλοῦ
1544 1895 1632 1949 τῆς

217 1965 497 2022 θαλάσσης
535 1962 798 2022 παρένεον,
835 1959 1201 2022 δεδακρυμέναι
1251 1982 1306 2009 τε
1357 1961 1438 2010 καὶ
1485 1964 1532 2022 ἐς
1570 1964 1631 2010 τὰ

217 2039 373 2087 τέκνα
424 2039 717 2100 ἀφορῶσαι.
792 2036 846 2083 αἱ
884 2036 923 2082 δ᾽
963 2036 1047 2083 ἐπὶ
1084 2040 1173 2096 τῆς
1208 2040 1303 2098 γῆς
1342 2036 1432 2087 τὰς
1471 2036 1627 2099 κόμας

217 2116 486 2162 ἐτίλλοντο
528 2113 614 2160 καὶ
652 2112 718 2159 τὰ
759 2110 947 2175 στέρνα
986 2111 1207 2158 ἔκοπτον
1237 2112 1300 2162 ὡς
1327 2113 1410 2159 ἐπὶ
1437 2115 1638 2162 πένθει·

218 2191 424 2237 ἐδόκουν
462 2183 560 2250 γὰρ
599 2189 759 2247 ὄνομα
798 2179 888 2248 μὲν
928 2188 975 2238 ἐς
1014 2186 1326 2249 εὐπρέπειαν
1371 2188 1501 2236 εἶναι
1539 2188 1629 2251 τὴν

219 2264 474 2328 ὁμηρείαν,
539 2263 669 2326 ἔργῳ
732 2260 783 2308 δὲ
845 2265 933 2319 τῆς
1005 2260 1204 2313 πόλεως
1268 2261 1487 2316 ἔκδοσιν,
1551 2266 1630 2311 ἐπ᾽

218 2341 426 2404 οὐδεμιᾷ
467 2337 699 2398 συνθήκῃ
740 2335 896 2385 τῶνδε
946 2339 1046 2384 τῶν
1095 2335 1292 2385 παίδων
1343 2337 1628 2399 διδομένων.

218 2416 304 2463 καὶ
352 2414 554 2460 πολλαὶ
605 2412 690 2458 καὶ
739 2415 890 2457 τοῦτο
944 2413 994 2457 ἐν
1043 2414 1152 2461 ταῖς
1204 2412 1450 2474 οἰμωγαῖς
1490 2435 1633 2462 κατε-

220 2506 305 2559 528
