1747 2693
113 337 207 365 CAP.

144 376 189 404 XI

294 186 588 229 APPIAN'S
628 184 864 229 ROMAN
904 183 1212 234 HISTORY,
1246 180 1425 223 BOOK
1465 179 1580 220 VIII

232 310 543 375 μαντεύοντο
584 312 646 374 τῇ
686 307 854 362 πόλει,
880 304 1036 367 μηδὲν
1082 302 1242 364 αὐτὴν
1289 302 1491 364 ὀνήσειν
1529 302 1639 352 τοὺς

233 382 424 428 παῖδας
475 377 838 438 ἐκδιδομένους·
915 376 964 423 ἐν
1009 372 1098 434 μὲν
1140 372 1197 432 δὴ
1239 375 1301 434 τῇ
1346 369 1640 435 Καρχηδόνι

233 452 333 500 τῶν
385 447 584 509 ὁμήρων
623 446 651 504 ἡ
695 443 939 504 ἀναγωγὴ
981 442 1151 489 τοιάδε
1189 460 1263 492 τις
1301 439 1377 499 ἦν,
1406 439 1456 487 ἐν
1494 439 1546 486 δὲ
1584 441 1642 501 τῇ

233 516 448 582 Σικελίᾳ
482 511 888 574 παραλαβόντες
917 511 1049 557 αὐτὰ
1077 510 1121 556 οἱ
1149 510 1338 557 ὕπατοι
1367 506 1643 569 διέπεμπον

233 588 280 636 ἐς
317 584 533 646 Ῥώμην,
575 583 661 629 καὶ
699 585 803 632 τοῖς
845 578 1220 642 Καρχηδονίοις
1262 578 1467 636 ἔφασαν
1506 577 1554 626 ἐς
1591 574 1644 622 τὸ

236 653 379 700 τέλος
408 656 496 699 τοῦ
525 651 757 711 πολέμου
785 648 848 697 τὰ
874 647 1039 695 λοιπὰ
1067 648 1195 709 ἐρεῖν
1224 647 1272 694 ἐν
1299 644 1493 706 Ἰτύκῃ.

308 727 384 768 78.
415 716 847 768 Διαπλεύσαντές
868 737 921 763 τε
940 717 985 765 ἐς
1006 714 1167 774 αὐτὴν
1186 712 1642 776 ἐστρατοπέδευον,

236 789 260 838 ὁ
287 789 377 853 μὲν
404 788 555 841 πεζὸς
583 788 702 835 ἔνθα
730 786 900 834 πάλαι
929 784 984 832 τὸ
1028 781 1314 833 Σκιπίωνος
1341 783 1399 839 ἦν
1426 779 1646 843 στρατό-

237 858 408 914 πεδον,
436 857 490 905 αἱ
534 856 582 903 δὲ
623 860 732 914 νῆες
775 855 825 902 ἐν
866 857 972 904 τοῖς
1013 852 1189 914 λιμέσι
1229 854 1333 900 τοῖς
1361 848 1645 896 Ἰτυκαίων.

238 925 560 990 ἀφικομένων
584 924 633 973 δὲ
663 924 809 970 κἀκεῖ
833 923 1109 986 πρέσβεων
1138 921 1192 967 ἐκ
1222 917 1572 981 Καρχηδόνος,
1602 918 1645 964 οἱ

238 996 327 1056 μὲν
368 997 556 1044 ὕπατοι
595 992 958 1053 προυκάθηντο
999 990 1084 1037 ἐπὶ
1127 988 1365 1049 βήματος
1419 989 1645 1047 ὑψηλοῦ,

239 1067 498 1125 ἡγεμόνων
542 1082 594 1108 τε
635 1058 791 1124 σφίσι
825 1058 910 1106 καὶ
947 1057 1245 1123 χιλιάρχων
1281 1055 1645 1117 παρεστώτων,

240 1135 268 1194 ἡ
299 1129 520 1194 στρατιὰ
550 1129 586 1176 δ᾽
617 1127 927 1189 ἑκατέρωθεν
968 1127 1052 1173 ἐπὶ
1090 1129 1249 1186 μῆκος
1289 1123 1428 1170 πολὺ
1466 1125 1647 1173 ὅπλοις

241 1223 296 1250 τε
340 1200 612 1261 ἐπισήμοις
657 1198 963 1250 ἐσκεύαστο,
1004 1196 1090 1241 καὶ
1141 1195 1202 1240 τὰ
1244 1196 1435 1255 σημεῖα
1473 1192 1648 1254 ἔφερον

242 1269 385 1334 ὀρθά,
440 1267 520 1315 ἵνα
571 1267 617 1314 οἱ
673 1266 922 1330 πρέσβεις
985 1264 1041 1312 τὸ
1101 1263 1303 1323 πλῆθος
1353 1262 1408 1307 ἐκ
1457 1259 1649 1306 τούτων

245 1339 586 1399 συμβάλοιεν.
660 1335 767 1383 ἐπεὶ
793 1334 833 1381 δ᾽
862 1333 908 1380 οἱ
932 1331 1023 1392 μὲν
1052 1332 1241 1378 ὕπατοι
1281 1332 1350 1391 τῷ
1379 1331 1647 1390 σαλπικτῇ

243 1405 574 1469 προσέταξαν
637 1404 970 1461 ὑποσημῆναι
1033 1401 1251 1459 σιωπήν,
1304 1400 1326 1441 ὁ
1379 1399 1432 1444 δὲ
1493 1397 1650 1457 κήρυξ

243 1478 420 1523 ἀνεῖπε
447 1476 564 1524 τοὺς
593 1471 964 1536 Καρχηδονίων
1004 1469 1254 1531 πρέσβεις
1291 1464 1577 1529 προσιέναι,
1606 1467 1649 1511 οἱ

242 1544 331 1606 μὲν
369 1543 617 1603 ἐσήγοντο
659 1542 738 1587 διὰ
790 1536 1148 1597 στρατοπέδου
1184 1537 1396 1591 μακροῦ,
1438 1533 1526 1580 καὶ
1563 1536 1650 1579 τοῦ

243 1615 481 1673 βήματος
523 1610 577 1657 οὐ
617 1606 1029 1670 προσεπέλαζον,
1059 1605 1203 1652 ἀλλὰ
1241 1601 1650 1666 περισχοίνισμα

244 1682 303 1741 ἦν
331 1682 381 1729 ἐν
407 1681 563 1741 μέσῳ,
594 1679 639 1725 οἱ
668 1678 708 1725 δ᾽
736 1678 928 1724 ὕπατοι
955 1673 1124 1737 λέγειν
1153 1672 1338 1722 αὐτοὺς
1366 1671 1601 1718 ἐκέλευον
1628 1671 1651 1716 ὅ

246 1771 300 1797 τι
345 1747 596 1812 χρῄζοιεν.
671 1745 757 1793 καὶ
820 1743 866 1792 οἱ
927 1743 1177 1804 πρέσβεις
1226 1742 1407 1802 ἔλεγον
1458 1737 1652 1785 ἐλεεινὰ

245 1816 426 1866 πολλὰ
455 1816 540 1864 καὶ
566 1812 801 1868 ποικίλα,
834 1812 1103 1870 συνθηκῶν
1130 1830 1184 1857 τε
1212 1809 1329 1870 πέρι
1366 1810 1465 1854 τῶν
1496 1805 1649 1870 σφίσι

245 1886 372 1950 πρὸς
396 1881 679 1944 Ῥωμαίους
705 1880 1002 1943 γενομένων,
1029 1879 1117 1926 καὶ
1140 1875 1474 1942 Καρχηδόνος
1499 1875 1654 1936 αὐτῆς

245 1953 433 2021 χρόνου
474 1952 561 2001 καὶ
599 1950 832 2010 πλήθους
859 1948 945 1996 καὶ
972 1946 1226 2009 δυνάμεως
1256 1946 1339 1992 καὶ
1366 1945 1531 2007 ἀρχῆς
1568 1947 1652 2004 τῆς

248 2027 295 2074 ἐς
320 2024 459 2071 πολὺ
485 2020 733 2081 μεγίστης
774 2019 824 2066 ἐν
863 2020 927 2081 γῇ
968 2018 1055 2065 καὶ
1093 2014 1343 2073 θαλάσσῃ
1371 2011 1662 2071 γενομένης.

250 2093 339 2139 οὐκ
384 2092 468 2139 ἐπὶ
513 2086 827 2151 σεμνολογίᾳ
873 2086 926 2134 δὲ
970 2086 1176 2148 ἔφασαν
1227 2083 1411 2144 λέγειν·
1452 2081 1506 2127 οὐ
1559 2080 1654 2142 γὰρ

249 2160 378 2207 εἶναι
417 2160 593 2209 καιρὸν
622 2159 671 2205 ἐν
698 2158 991 2217 συμφοραῖς
1029 2148 1384 2213 σεμνολογίας,
1415 2148 1584 2195 "ἀλλ᾽
1611 2149 1656 2200 ἐς

249 2226 594 2292 σωφρόνισμα
624 2226 754 2286 ὑμῖν,
785 2223 820 2270 ὦ
850 2223 1108 2282 Ῥωμαῖοι,
1139 2221 1224 2267 καὶ
1250 2217 1654 2281 μετριοπάθειαν

250 2298 279 2357 ἡ
324 2301 413 2356 τῆς
454 2295 697 2355 ἡμετέρας
739 2291 1039 2351 μεταβολῆς
1080 2287 1260 2350 ὀξύτης
1307 2287 1455 2333 ἔστω.
1540 2285 1657 2348 κρά-

250 2385 422 2413 τιστοι
472 2362 537 2414 δέ,
584 2362 699 2409 ὅσοι
749 2360 866 2411 τοὺς
916 2358 1244 2405 πταίσαντας
1294 2355 1554 2404 ἐλεοῦντες
1604 2352 1655 2399 τὸ

252 2435 500 2498 σφέτερον
551 2431 733 2477 εὔελπι
773 2430 1048 2475 ποιοῦνται
1094 2429 1163 2488 τῷ
1203 2424 1359 2483 μηδὲν
1405 2423 1452 2474 ἐς
1490 2421 1656 2470 ἄλλας

253 2537 338 2578 530
