1747 2693
149 331 246 360 CAP.

172 372 221 400 XI

334 193 628 234 APPIAN'S
669 193 903 234 ROMAN
942 193 1249 245 HISTORY,
1284 193 1462 234 BOOK
1501 193 1616 233 VIII

270 315 435 383 τύχας
461 316 728 380 ἁμαρτεῖν.
793 315 877 364 καὶ
905 316 1024 365 τάδε
1050 316 1141 378 μὲν
1171 317 1306 377 ὑμῶν
1335 316 1455 377 ἄξια
1483 316 1569 363 καὶ
1596 319 1680 375 τῆς

270 391 514 454 ὑμετέρας
570 390 857 451 εὐσεβείας,
907 392 969 453 ἣν
1019 394 1400 454 προσποιεῖσθε
1447 394 1680 451 μάλιστα

269 467 567 529 ἀνθρώπων·

340 545 417 589 79.
458 541 520 588 Εἰ
555 541 607 589 δὲ
636 541 720 589 καὶ
757 541 1017 604 ἀνημέρων
1049 542 1440 608 ἐτετυχήκειμεν
1469 543 1682 607 ἐχθρῶν,

269 615 416 682 κόρος
470 616 610 665 ἐστὶν
667 616 1020 682 ἀτυχημάτων
1074 617 1175 665 ὅσα
1225 608 1585 685 πεπόνθαμεν,
1639 615 1685 661 οἳ

270 692 363 752 τὴν
445 691 722 752 ἡγεμονίαν
796 696 885 752 τῆς
958 712 1014 740 τε
1086 696 1179 751 γῆς
1249 691 1336 740 καὶ
1410 691 1684 750 θαλάσσης

270 767 594 831 ἀφῃρήμεθα,
622 767 711 815 καὶ
749 767 840 820 τὰς
877 770 996 821 ναῦς
1032 767 1147 830 ὑμῖν
1184 767 1570 830 παρεδώκαμεν,
1600 766 1684 813 καὶ

270 842 440 893 ἄλλας
482 844 573 891 οὐκ
612 842 961 904 ἐπικτώμεθα,
989 841 1075 891 καὶ
1121 842 1278 903 θήρας
1325 841 1411 890 καὶ
1455 841 1682 902 κτήσεως

270 918 567 982 ἐλεφάντων
613 916 928 979 ἀπέστημεν,
972 916 1058 966 καὶ
1096 917 1263 981 ὅμηρα
1311 916 1374 964 τὰ
1425 916 1683 981 κράτιστα

272 993 358 1040 καὶ
407 993 577 1041 πάλαι
627 993 714 1041 καὶ
763 995 850 1041 νῦν
913 991 1300 1055 παρεδώκαμεν,
1353 991 1439 1040 καὶ
1501 990 1685 1055 φόρους

271 1072 518 1130 τελοῦμεν
580 1071 835 1120 εὐτάκτως
899 1070 944 1116 οἱ
1007 1069 1131 1128 παρ᾽
1185 1069 1367 1127 ἑτέρων
1425 1066 1503 1115 ἀεὶ
1556 1073 1687 1126 λαμ-

268 1147 535 1199 βάνοντες.
610 1146 698 1192 καὶ
740 1146 860 1191 τάδε
886 1145 1074 1205 ἤρκεσε
1103 1145 1208 1194 τοῖς
1235 1142 1500 1204 πατράσιν
1531 1143 1682 1204 ὑμῶν,

270 1221 345 1270 οἷς
405 1220 819 1281 ἐπολεμήσαμεν·
886 1218 971 1267 καὶ
1045 1217 1308 1278 συνθήκας
1372 1216 1448 1265 ἐπ᾽
1513 1216 1684 1266 αὐτοῖς

269 1297 576 1359 ἐγράψαντο
603 1297 720 1357 ἡμῖν
760 1295 825 1346 ὡς
864 1292 1036 1359 φίλοις
1063 1314 1117 1341 τε
1144 1293 1230 1341 καὶ
1259 1292 1572 1358 συμμάχοις,
1600 1290 1684 1338 καὶ

271 1373 417 1436 ὅρκος
468 1372 609 1420 ἔστιν
659 1371 709 1418 ἐν
760 1373 874 1422 ταῖς
925 1368 1206 1429 συνθήκαις
1258 1368 1450 1428 ἀμφοῖν
1500 1368 1684 1427 ὅμοιος.

274 1447 498 1494 κἀκεῖνοι
558 1446 648 1505 μὲν
711 1446 845 1504 ἡμῖν,
899 1445 974 1496 οἷς
1035 1444 1451 1505 ἐπολεμήσαμεν,
1503 1442 1682 1489 πιστοὶ

271 1521 401 1584 μετὰ
441 1525 608 1570 ταῦτα
647 1519 894 1583 ἐγένοντο·
927 1519 1065 1582 ὑμεῖς
1094 1518 1159 1573 δέ,
1190 1518 1266 1570 οἷς
1302 1517 1403 1566 οὐδ᾽
1432 1518 1480 1570 ἐς
1505 1521 1680 1581 χεῖρας

271 1599 513 1657 ἤλθομεν,
567 1593 618 1645 τί
668 1594 827 1643 τῶνδε
888 1596 988 1642 τῶν
1051 1593 1326 1653 συνθηκῶν
1391 1591 1685 1652 αἰτιώμενοι

273 1673 708 1734 παραβεβάσθαι,
750 1672 835 1718 τὸν
886 1671 1116 1730 πόλεμον
1155 1667 1299 1716 τόνδε
1337 1668 1488 1729 ὀξέως
1528 1668 1683 1719 οὕτως

274 1745 620 1813 ἐψηφίσασθέ
657 1765 712 1793 τε
750 1744 837 1793 καὶ
874 1744 1174 1807 ἀκηρύκτως
1213 1742 1503 1805 ἐπηγάγετε
1544 1743 1684 1804 ἡμῖν;

273 1815 491 1878 πότερον
518 1815 575 1863 οὐ
603 1812 804 1873 δίδομεν
847 1812 964 1863 τοὺς
1004 1810 1214 1875 φόρους;
1253 1810 1283 1873 ἢ
1324 1814 1445 1864 ναῦς
1485 1810 1685 1876 ἔχομεν,

273 1885 304 1945 ἢ
350 1885 466 1936 τοὺς
507 1880 818 1945 ἐπιφθόνους
863 1880 1175 1942 ἐλέφαντας;
1234 1880 1264 1940 ἢ
1306 1880 1365 1928 οὐ
1403 1880 1585 1927 πιστοὶ
1624 1879 1685 1927 τὰ

276 1953 404 2017 πρὸς
445 1954 572 2011 ὑμᾶς
599 1953 655 2013 ἐξ
694 1950 888 2000 ἐκείνου
929 1948 1234 2011 γεγόναμεν;
1273 1948 1302 2009 ἢ
1346 1949 1439 1995 οὐκ
1479 1948 1680 1996 ἐλεεινοὶ

275 2026 376 2070 τῶν
416 2024 569 2070 πέντε
608 2019 866 2080 μυριάδων
910 2021 1010 2066 τῶν
1048 2017 1172 2082 χθὲς
1212 2017 1548 2079 ἀπολομένων
1589 2017 1686 2064 ὑπὸ

276 2094 452 2152 λιμοῦ;
477 2090 620 2137 ἀλλὰ
638 2088 1022 2151 Μασσανάσσῃ
1040 2085 1490 2148 πεπολεμήκαμεν·
1510 2086 1687 2132 πολλά

274 2181 333 2221 γε
373 2160 784 2206 πλεονεκτοῦντι·
825 2154 911 2204 καὶ
948 2154 1124 2202 πάντα
1163 2153 1224 2201 δι᾽
1265 2154 1394 2216 ὑμᾶς
1430 2152 1685 2217 ἐφέρομεν.

279 2229 560 2278 ἀπαύστως
599 2225 639 2273 δ᾽
668 2226 802 2291 ἔχων
836 2224 923 2272 καὶ
961 2221 1250 2286 ἀθεμίστως
1277 2222 1325 2275 ἐς
1353 2223 1483 2285 ἡμᾶς
1510 2222 1595 2271 καὶ
1632 2222 1688 2271 τὸ

278 2298 467 2360 ἔδαφος
493 2296 543 2346 ἐν
570 2295 610 2359 ᾧ
638 2294 724 2342 καὶ
749 2293 946 2355 ἐτράφη
974 2291 1060 2339 καὶ
1088 2289 1381 2351 ἐπαιδεύθη,
1403 2295 1499 2351 γῆν
1520 2289 1687 2351 ἄλλην

277 2366 417 2427 ἡμῶν
443 2361 663 2412 ἀπέσπα
687 2361 805 2424 περὶ
832 2359 888 2409 τὸ
929 2359 1219 2423 Ἐμπόριον·
1260 2359 1346 2407 καὶ
1381 2358 1567 2418 λαβὼν
1604 2359 1687 2406 καὶ

277 2433 423 2493 τήνδε
463 2432 735 2490 ἐπέβαινεν
763 2431 952 2491 ἑτέρας,
986 2430 1140 2491 μέχρι
1167 2429 1257 2479 τὰς
1284 2427 1543 2488 συνθήκας
1569 2428 1686 2489 ἡμῖν

281 2537 363 2577 532
