1747 2693
331 188 622 230 APPIAN'S
663 187 896 230 ROMAN
938 184 1244 234 HISTORY,
1281 182 1459 225 BOOK
1498 180 1613 221 VIII

265 307 356 360 τὰς
382 308 510 374 πρὸς
536 311 662 373 ὑμᾶς
684 309 943 375 συνέχεεν·
985 308 1029 357 εἰ
1049 307 1184 356 τοῦτ᾽
1214 306 1355 356 ἐστὶν
1374 306 1402 364 ἡ
1425 305 1571 352 τοῦδε
1591 305 1679 351 τοῦ

264 384 496 447 πολέμου
526 384 807 448 πρόφασις,
831 386 974 447 ἡμεῖς
1001 383 1051 431 δὲ
1078 383 1164 431 καὶ
1190 382 1306 433 τοὺς
1334 380 1680 441 ἀμυναμένους

261 459 418 508 αὐτὸν
468 459 857 522 ἐξεκηρύξαμεν,
920 458 1006 508 καὶ
1066 457 1193 518 πρὸς
1256 457 1380 517 ὑμᾶς
1434 452 1679 515 πρέσβεις

261 536 570 598 ἐπέμψαμεν
631 536 679 582 οἳ
739 535 856 596 περὶ
922 535 1116 596 τούτων
1166 534 1538 594 ἀπελογοῦντο,
1599 525 1681 575 καὶ

264 611 460 674 ἑτέρους
487 610 874 674 αὐτοκράτορας
906 609 1007 674 ὅπῃ
1046 607 1222 656 θέλετε
1261 604 1564 653 συνθέσθαι.
1638 604 1684 649 τί

265 687 351 734 οὖν
412 685 510 734 ἔδει
557 688 678 734 νεῶν
739 685 827 733 καὶ
888 686 1084 733 στόλου
1134 684 1221 731 καὶ
1269 683 1499 743 στρατοῦ
1559 677 1684 742 πρὸς

266 761 450 824 ἄνδρας
490 761 587 824 οὐχ
627 759 1009 822 ὁμολογοῦντας
1046 758 1135 821 μὲν
1173 759 1436 821 ἁμαρτεῖν,
1476 754 1684 804 ἑαυτοὺς

266 836 316 884 δὲ
369 837 483 898 ὑμῖν
543 834 937 899 ἐπιτρέποντας;
980 834 1058 882 ὅτι
1121 832 1171 881 δὲ
1235 833 1325 880 οὐκ
1387 832 1683 879 ἀπατῶντες

269 912 412 974 ὑμᾶς,
457 912 572 959 οὐδὲ
610 910 1073 973 μικρολογούμενοι
1113 908 1302 957 παθεῖν
1344 907 1371 954 ὅ
1415 926 1463 953 τι
1502 905 1564 954 ἂν
1605 907 1685 962 ζη-

267 989 439 1048 μιῶτε,
480 990 647 1034 ταῦτα
687 985 1065 1047 προυτείνομε,
1105 980 1448 1031 ἐπιδέδεικται
1489 981 1687 1045 σαφῶς.

269 1063 353 1111 ὅτε
393 1062 510 1113 τοὺς
553 1061 797 1126 ἀρίστους
841 1060 1032 1111 παῖδας
1078 1060 1125 1111 ἐς
1164 1055 1404 1120 ὁμηρείαν
1454 1055 1687 1102 αἰτοῦσιν

271 1140 385 1201 ὑμῖν
425 1139 586 1192 εὐθύς,
630 1139 694 1188 ὡς
734 1137 788 1184 τὸ
830 1136 995 1197 δόγμα
1032 1135 1246 1189 ἐκέλευε,
1284 1133 1375 1185 τὰς
1414 1131 1688 1196 τριάκοντα

269 1211 631 1278 προλαβόντες
705 1211 908 1274 ἡμέρας,
985 1209 1387 1263 ἀπεστείλαμεν.
1497 1208 1589 1254 τοῦ
1650 1203 1686 1251 δ᾽

272 1289 427 1337 αὐτοῦ
470 1286 723 1350 δόγματός
765 1288 921 1341 ἐστιν,
966 1286 1026 1346 ἢν
1063 1284 1422 1346 παράσχωμεν
1462 1281 1577 1343 ὑμῖν
1626 1279 1687 1328 τὰ

270 1364 452 1426 ὅμηρα,
493 1363 582 1424 τὴν
626 1359 941 1425 Καρχηδόνα
978 1359 1250 1422 ἐλευθέραν
1290 1359 1375 1404 ἐᾶν
1412 1355 1499 1404 καὶ
1542 1354 1690 1403 αὐτό-

270 1461 437 1502 νομον,
467 1437 779 1500 κεκτημένην
808 1437 837 1484 ἃ
867 1436 1095 1502 ἔχομεν."

932 1630 1023 1671 XII

345 1752 428 1801 80.
459 1745 528 1792 Οἱ
567 1745 656 1806 μὲν
707 1745 765 1805 δὴ
804 1743 1053 1805 πρέσβεις
1093 1745 1325 1789 τοσαῦτα
1370 1739 1530 1793 εἶπον,
1560 1741 1689 1799 Κην-

275 1826 492 1886 σωρῖνος
521 1820 561 1870 δ᾽
590 1819 896 1871 ὑπαναστὰς
935 1818 1202 1879 ἀντέλεξεν
1244 1817 1350 1865 ὧδε·
1428 1813 1569 1867 "τὰς
1606 1813 1693 1876 μὲν

274 1897 442 1948 αἰτίας
470 1900 561 1946 τοῦ
595 1895 828 1955 πολέμου
858 1893 907 1943 τί
942 1893 1015 1942 δεῖ
1046 1893 1217 1955 λέγειν
1257 1892 1388 1955 ὑμῖν,
1418 1890 1454 1939 ὦ
1484 1893 1692 1954 Καρχη-

278 1975 448 2025 δόνιοι,
500 1971 903 2036 πρεσβεύσασιν
942 1969 991 2022 ἐς
1038 1966 1239 2031 Ῥώμην
1289 1966 1375 2014 καὶ
1425 1965 1567 2027 παρὰ
1607 1970 1692 2026 τῆς

276 2047 578 2111 συγκλήτου
605 2047 890 2109 μαθοῦσιν;
931 2043 955 2092 ὃ
984 2043 1036 2092 δὲ
1066 2042 1371 2106 ἐψεύσασθε
1396 2041 1513 2102 περὶ
1538 2041 1693 2104 ἡμῶν,

275 2124 414 2172 τοῦθ᾽
443 2124 572 2186 ὑμᾶς
599 2120 807 2184 ἐλέγξω.
882 2119 968 2168 καὶ
1003 2119 1102 2180 γὰρ
1142 2118 1198 2167 τὸ
1226 2118 1392 2177 δόγμα
1419 2117 1582 2176 δηλοῖ,
1610 2115 1693 2163 καὶ

275 2200 418 2259 ἡμεῖς
446 2197 564 2260 ὑμῖν
590 2198 641 2246 ἐν
669 2195 883 2260 Σικελίᾳ
909 2194 1219 2256 προείπομεν
1246 2192 1310 2240 τὰ
1337 2192 1503 2256 ὅμηρα
1528 2212 1692 2256 παρα-

274 2274 652 2332 λαμβάνοντες,
704 2272 769 2320 τὰ
829 2270 994 2319 λοιπὰ
1055 2272 1156 2319 τῶν
1216 2268 1473 2332 δοξάντων
1527 2268 1691 2313 ἐπικε-

273 2354 481 2398 λεύσειν
521 2350 573 2398 ἐν
609 2348 797 2411 Ἰτύκῃ.
875 2348 973 2393 τῶν
1015 2343 1105 2407 μὲν
1149 2344 1235 2392 οὖν
1274 2343 1475 2404 ὁμήρων
1512 2346 1599 2401 τῆς
1641 2363 1692 2388 τε

275 2430 567 2488 ταχυτῆτος
607 2421 693 2470 καὶ
731 2426 820 2481 τῆς
871 2421 1142 2480 ἐπιλέξεως
1193 2421 1497 2479 ἐπαινοῦμεν
1549 2419 1703 2479 ὑμᾶς·

280 2529 367 2571 534

143 324 248 369 CAP.

164 364 211 391 XI

151 1752 247 1782 CAP.

170 1792 237 1820 XII
