1747 2693
157 320 258 353 CAP.

168 360 233 387 XII

346 183 638 225 APPIAN'S
677 181 909 223 ROMAN
952 178 1257 229 HISTORY,
1296 177 1471 219 BOOK
1512 177 1626 218 VIII

278 305 328 354 τί
353 306 405 354 δὲ
430 305 608 354 ὅπλων
635 303 709 352 δεῖ
735 306 840 353 τοῖς
868 303 1182 367 εἰρηνεύουσι
1209 302 1469 365 καθαρῶς;
1496 300 1690 365 φέρετε·

277 382 451 428 πάντα
500 382 602 428 ὅσα
653 380 879 439 δημόσιά
928 398 982 424 τε
1032 379 1116 425 καὶ
1163 378 1264 425 ἴδια
1304 376 1525 427 ἕκαστος
1559 377 1694 437 ὑμῶν

278 456 401 522 ἔχει,
429 456 564 513 βέλη
607 476 660 503 τε
705 455 789 502 καὶ
834 454 1188 508 καταπέλτας,
1233 453 1352 513 ἡμῖν
1390 451 1692 513 παράδοτε."

277 529 299 578 ὁ
327 531 417 593 μὲν
444 532 603 581 οὕτως
633 530 788 585 εἶπεν,
818 528 865 576 οἱ
903 528 952 577 δὲ
993 528 1245 592 πρέσβεις
1273 527 1477 592 ἔφασαν
1503 526 1695 572 ἐθέλειν

276 605 367 667 μὲν
417 605 503 653 καὶ
561 605 736 652 τοῖσδε
795 605 1105 659 ὑπακοῦσαι,
1175 602 1384 667 ἀπορεῖν
1447 600 1498 650 δὲ
1558 600 1693 651 ὅπως

278 681 627 744 Ἀσδρούβαν,
656 680 692 744 ᾧ
719 680 943 728 θάνατον
970 678 1307 740 ἐπεκήρυξαν,
1336 675 1423 725 δύο
1449 675 1694 740 μυριάδας

277 757 474 820 ἀνδρῶν
514 756 608 817 ἤδη
659 755 1029 818 συναγαγόντα
1081 754 1167 802 καὶ
1217 754 1346 817 αὐτῇ
1398 751 1696 817 Καρχηδόνι

277 829 913 894 παραστρατοπεδεύοντα
947 830 1273 891 ἀμυνοῦνται.
1350 827 1596 875 εἰπόντων
1646 826 1694 875 δὲ

277 909 377 953 τῶν
407 907 616 955 ὑπάτων
654 905 732 955 ὅτι
757 903 1002 965 Ῥωμαῖοι
1042 903 1235 952 τούτων
1272 903 1695 965 ἐπιμελήσονται,

278 981 326 1030 οἱ
351 981 441 1042 μὲν
468 983 555 1030 καὶ
582 983 750 1028 ταῦτα
779 980 961 1028 δώσειν
990 978 1298 1044 ὑπέσχοντο.
1350 979 1437 1027 καὶ
1464 999 1695 1041 συμπεμ-

280 1049 491 1113 φθέντες
519 1049 691 1102 αὐτοῖς
733 1047 1019 1110 Κορνήλιός
1058 1069 1112 1095 τε
1145 1044 1374 1097 Σκιπίων
1402 1045 1425 1095 ὁ
1454 1049 1696 1098 Νασικᾶς

280 1118 367 1167 καὶ
396 1121 577 1168 Γναῖος
608 1118 892 1181 Κορνήλιος
933 1115 955 1165 ὁ
982 1115 1229 1168 Ἱσπανὸς
1261 1114 1540 1176 ἐπίκλησιν
1569 1136 1697 1179 παρ-

279 1187 577 1250 ελάμβανον
599 1188 763 1235 εἴκοσι
789 1185 1038 1247 μυριάδας
1066 1187 1387 1239 πανοπλιῶν,
1411 1187 1497 1233 καὶ
1524 1187 1696 1245 βελῶν

279 1256 365 1303 καὶ
409 1256 658 1304 ἀκοντίων
702 1255 906 1315 πλῆθος
955 1255 1182 1318 ἄπειρον,
1228 1254 1312 1301 καὶ
1362 1253 1694 1304 καταπέλτας

278 1325 548 1386 ὀξυβελεῖς
588 1345 641 1373 τε
686 1324 771 1371 καὶ
809 1323 1126 1381 λιθοβόλους
1172 1323 1218 1375 ἐς
1253 1321 1559 1387 δισχιλίους·
1611 1323 1697 1368 καὶ

278 1391 570 1456 φερομένων
621 1393 789 1441 αὐτῶν
839 1393 867 1453 ἡ
917 1392 1008 1454 μὲν
1059 1392 1183 1454 ὄψις
1233 1393 1294 1453 ἦν
1341 1390 1562 1454 λαμπρὰ
1611 1390 1697 1437 καὶ

278 1463 597 1524 παράλογος,
619 1463 832 1524 ἀμαξῶν
859 1462 1082 1508 τοσῶνδε
1109 1462 1195 1507 ὑπ᾽
1222 1461 1390 1507 αὐτῶν
1417 1463 1516 1506 τῶν
1541 1465 1692 1507 πολε-

278 1530 405 1589 μίων
443 1530 722 1589 ἀγομένων,
774 1529 822 1577 οἱ
859 1529 910 1578 δὲ
959 1529 1209 1590 πρέσβεις
1257 1528 1463 1577 εἵποντο
1503 1529 1695 1583 αὐτοῖς,

277 1598 366 1647 καὶ
415 1598 529 1647 ὅσοι
578 1604 666 1660 τῆς
721 1598 995 1660 γερουσίας
1042 1598 1072 1659 ἢ
1130 1602 1219 1658 τῆς
1281 1597 1448 1658 ἄλλης
1497 1596 1696 1648 πόλεως

279 1668 485 1732 ἄριστοι
513 1668 543 1728 ἢ
585 1668 731 1731 ἱερεῖς
758 1667 788 1729 ἢ
821 1667 997 1718 ἄλλως
1025 1667 1291 1729 ἐπιφανεῖς
1324 1666 1543 1728 ἔμελλον
1581 1665 1695 1718 τοὺς

279 1737 506 1786 ὑπάτους
543 1737 591 1787 ἐς
626 1737 878 1799 ἐντροπὴν
919 1736 948 1796 ἢ
994 1735 1136 1783 ἔλεον
1178 1735 1332 1797 ἄξειν.
1388 1733 1695 1799 ἐσαχθέντες

278 1803 329 1852 δὲ
355 1805 494 1868 αὐτῷ
520 1803 697 1867 κόσμῳ
725 1808 831 1856 τοῖς
870 1803 1091 1856 ὑπάτοις
1117 1802 1473 1864 παρέστησαν.
1545 1802 1632 1850 καὶ
1672 1802 1693 1847 ὁ

280 1875 608 1933 Κηνσωρῖνος
653 1873 736 1933 (ἦν
777 1872 876 1934 γὰρ
918 1872 1078 1921 εἰπεῖν
1121 1873 1422 1934 ἱκανώτερος
1460 1874 1550 1919 τοῦ
1576 1892 1693 1918 συν-

279 1941 467 2006 άρχου)
496 1941 729 1994 ἀναστὰς
766 1942 854 1989 καὶ
892 1940 1025 1997 τότε,
1053 1940 1139 1988 καὶ
1178 1940 1571 2005 σκυθρωπάσας
1611 1940 1694 1987 ἐπὶ

278 2010 433 2066 πολύ,
463 2010 635 2072 ἔλεξεν
663 2010 773 2057 ὧδε.

349 2085 424 2126 81.
467 2082 619 2140 "Τῆς
646 2081 737 2140 μὲν
769 2076 1058 2132 εὐπειθείας
1088 2079 1231 2138 ὑμᾶς,
1260 2077 1297 2128 ὦ
1326 2076 1692 2142 Καρχηδόνιοι,

278 2147 364 2195 καὶ
392 2147 681 2211 προθυμίας
720 2152 809 2209 τῆς
845 2147 998 2213 μέχρι
1038 2149 1124 2197 νῦν
1150 2147 1199 2200 ἔς
1235 2168 1291 2196 τε
1317 2148 1381 2195 τὰ
1412 2148 1577 2210 ὅμηρα
1605 2148 1691 2193 καὶ

277 2216 340 2263 τὰ
384 2217 528 2263 ὅπλα
573 2217 893 2276 ἐπαινοῦμεν,
937 2214 1039 2279 χρὴ
1086 2214 1125 2263 δ᾽
1162 2216 1211 2264 ἐν
1253 2219 1356 2268 τοῖς
1396 2214 1692 2278 ἀναγκαίοις

274 2287 648 2348 βραχυλογεῖν.
724 2285 986 2346 ὑπόστητε
1023 2283 1265 2346 γενναίως
1291 2284 1349 2332 τὸ
1386 2285 1572 2332 λοιπὸν
1605 2288 1690 2344 τῆς

276 2354 580 2415 συγκλήτου
621 2354 901 2415 κέλευσμα·
954 2353 1172 2413 ἔκστητε
1222 2357 1310 2415 τῆς
1356 2350 1689 2415 Καρχηδόνος

275 2422 409 2479 ἡμῖν,
457 2422 541 2470 καὶ
587 2422 930 2469 ἀνοικίσασθε
967 2424 1069 2483 ὅπῃ
1097 2421 1273 2468 θέλετε
1311 2425 1400 2482 τῆς
1434 2420 1690 2482 ὑμετέρας,

279 2513 363 2565 536
