1747 2693
159 339 266 369 CAP.

170 379 237 406 XII

342 197 636 239 APPIAN'S
678 195 913 238 ROMAN
953 193 1261 246 HISTORY,
1296 193 1474 234 BOOK
1512 191 1628 232 VIII

279 316 596 379 ὀγδοήκοντα
636 313 878 366 σταδίους
917 313 1020 362 ἀπὸ
1071 313 1361 373 θαλάσσης·
1414 311 1562 375 τήνδε
1596 311 1692 377 γὰρ

281 393 399 451 ἡμῖν
426 393 684 451 ἔγνωσται
723 386 1124 450 κατασκάψαι."
1200 387 1246 435 οἱ
1284 386 1323 434 δ᾽
1353 386 1425 435 ἔτι
1452 386 1692 449 λέγοντος

277 467 438 513 αὐτοῦ
477 466 568 515 τὰς
608 468 786 529 χεῖρας
831 465 877 515 ἐς
923 464 1011 511 τὸν
1055 462 1270 527 οὐρανὸν
1308 462 1532 528 ἀνέσχον
1568 462 1694 524 μετὰ

274 542 422 597 βοῆς,
452 541 538 588 καὶ
568 540 686 591 τοὺς
714 537 856 590 θεοὺς
897 539 960 590 ὡς
999 537 1319 595 ἠπατημένοι
1357 537 1693 593 κατεκάλουν,

277 619 458 663 πολλά
501 635 557 662 τε
605 614 692 662 καὶ
742 614 969 677 δυσχερῆ
1014 612 1146 660 κατὰ
1192 611 1458 673 Ῥωμαίων
1496 613 1693 670 ἐβλασ--

277 693 497 754 φήμουν,
538 692 568 749 ἢ
615 691 938 739 θανατῶντες
977 688 1007 748 ἢ
1041 686 1281 749 ἔκφρονες
1317 688 1470 742 ὄντες,
1512 686 1542 748 ἢ
1581 686 1694 739 τοὺς

275 763 557 825 Ῥωμαίους
598 765 646 816 ἐς
683 763 847 824 μύσος
897 762 1172 824 πρέσβεων
1212 761 1592 823 διερεθίζοντες.
1650 762 1696 813 ἔς

277 855 332 882 τε
369 833 462 893 τὴν
497 838 592 892 γῆν
632 835 769 893 σφᾶς
820 832 1108 893 ἐρρίπτουν,
1154 830 1243 879 καὶ
1291 831 1441 895 χερσὶ
1482 832 1565 877 καὶ
1617 852 1694 877 κε-

274 913 472 973 φαλαῖς
526 907 684 969 αὐτὴν
736 907 973 955 ἔτυπτον·
1027 906 1073 953 οἱ
1124 905 1177 954 δὲ
1216 906 1301 953 καὶ
1341 906 1430 957 τὰς
1475 907 1696 968 ἐσθῆτας

276 984 673 1049 ἐπερρήγνυντο,
736 981 823 1029 καὶ
895 985 1001 1033 τοῖς
1063 981 1273 1043 σώμασι
1335 984 1442 1030 τοῖς
1504 982 1697 1029 ἑαυτῶν

276 1060 541 1119 ἐνύβριζον
582 1059 646 1110 ὡς
686 1056 786 1106 ὑπὸ
831 1053 1003 1108 ἀνοίας
1049 1053 1413 1118 ἐνηδρευμένοι.
1489 1056 1599 1105 ἐπεὶ
1648 1056 1697 1105 δέ

275 1156 402 1184 ποτε
448 1135 620 1184 αὐτοῖς
663 1131 685 1181 ὁ
729 1131 935 1196 οἶστρος
985 1131 1153 1193 ἔληξε,
1195 1129 1367 1191 σιωπὴ
1406 1130 1584 1192 πολλὴ
1611 1133 1697 1180 καὶ

274 1209 537 1272 κατήφεια
578 1209 639 1269 ἦν
680 1207 765 1255 οἷα
807 1208 994 1269 νεκρῶν
1034 1205 1290 1269 κειμένων.
1363 1204 1608 1269 Ῥωμαῖοι
1658 1207 1694 1255 δ᾽

278 1286 689 1345 ἐξεπλήσσοντο,
718 1284 806 1331 καὶ
832 1283 878 1331 οἱ
918 1283 1109 1330 ὕπατοι
1137 1280 1309 1345 φέρειν
1337 1282 1521 1331 αὐτοὺς
1545 1282 1695 1345 ἐγνώ-

276 1381 438 1407 κεσαν
477 1361 539 1407 ὡς
579 1358 664 1407 ἐπὶ
704 1358 980 1421 ἀλλοκότῳ
1018 1357 1351 1420 κελεύσματι,
1379 1356 1534 1422 μέχρι
1567 1358 1697 1404 παύ-

277 1457 460 1483 σαιντο
523 1436 951 1495 ἀγανακτοῦντες,
1013 1434 1188 1484 καλῶς
1248 1430 1434 1483 εἰδότες
1495 1432 1573 1482 ὅτι
1633 1433 1696 1481 τὰ

275 1510 502 1572 μέγιστα
564 1509 701 1558 δεινὰ
753 1507 943 1556 αὐτίκα
1001 1506 1093 1570 μὲν
1155 1508 1204 1559 ἐς
1263 1508 1568 1569 θρασύτητα
1618 1511 1693 1557 ἐκ-

276 1585 528 1647 πλήσσει,
574 1585 671 1633 σὺν
712 1584 881 1647 χρόνῳ
928 1583 979 1631 δὲ
1022 1581 1346 1630 καταδουλοῖ
1377 1582 1470 1643 τὴν
1501 1581 1697 1645 τόλμαν

275 1663 303 1721 ἡ
348 1663 566 1723 ἀνάγκη.
643 1661 667 1708 ὃ
712 1661 800 1708 καὶ
851 1660 966 1707 τότε
1006 1658 1201 1707 ἔπαθον
1240 1658 1289 1706 οἱ
1327 1658 1692 1722 Καρχηδόνιοι·

278 1735 419 1799 παρὰ
443 1735 546 1798 γὰρ
575 1735 667 1796 τὴν
693 1733 898 1796 σιωπὴν
925 1734 1216 1797 ἁπτομένου
1244 1736 1393 1797 σφῶν
1418 1737 1510 1782 τοῦ
1535 1738 1694 1781 κακοῦ

276 1817 497 1873 μᾶλλον,
525 1814 838 1874 ἀγανακτεῖν
862 1812 953 1874 μὲν
979 1811 1052 1858 ἔτι
1079 1808 1395 1864 ἐπαύσαντο,
1424 1808 1695 1857 ἀνέκλαιον

279 1888 330 1935 δὲ
373 1887 461 1936 καὶ
501 1886 847 1948 κατεθρήνουν
899 1884 1111 1936 ἑαυτούς
1160 1905 1215 1933 τε
1255 1885 1344 1933 καὶ
1384 1885 1574 1937 παῖδας
1611 1885 1696 1933 καὶ

275 1960 522 2019 γυναῖκας
563 1956 618 2016 ἐξ
656 1954 937 2016 ὀνομάτων,
976 1952 1065 2003 καὶ
1112 1952 1203 2015 τὴν
1239 1954 1467 2015 πατρίδα
1518 1952 1693 2015 αὐτήν,

277 2028 341 2075 ὡς
382 2027 430 2075 ἐς
473 2023 746 2086 ἄνθρωπον
791 2022 1087 2070 ἀκούουσαν
1127 2022 1365 2084 λέγοντες
1403 2020 1584 2085 οἰκτρὰ
1610 2023 1692 2069 καὶ

276 2093 475 2142 πολλά.
549 2092 596 2141 οἱ
635 2092 687 2140 δὲ
731 2092 877 2145 ἱερεῖς
916 2091 1005 2139 καὶ
1041 2090 1106 2138 τὰ
1149 2093 1249 2139 τῶν
1292 2090 1435 2152 ἱερῶν
1470 2090 1694 2153 ὀνόματα

277 2162 365 2211 καὶ
391 2162 508 2211 τοὺς
547 2162 598 2209 ἐν
641 2161 812 2211 αὐτοῖς
854 2159 998 2212 θεοὺς
1034 2159 1336 2214 ἀνεκάλουν,
1364 2159 1428 2210 ὡς
1466 2162 1693 2223 παροῦσι

278 2231 529 2279 κἀκείνοις
580 2230 923 2294 προφέροντες
985 2227 1078 2288 τὴν
1140 2228 1424 2276 ἀπώλειαν.
1520 2228 1582 2288 ἦν
1642 2249 1694 2275 τε

278 2297 548 2360 παμμιγὴς
588 2297 676 2345 καὶ
725 2296 939 2348 ἐλεεινὸς
991 2296 1159 2346 οἶκτος
1209 2295 1529 2357 οἰμωζόντων
1572 2293 1694 2358 ὁμοῦ

278 2368 343 2416 τά
393 2388 446 2415 τε
494 2367 638 2415 κοινὰ
689 2366 774 2414 καὶ
827 2365 890 2414 τὰ
942 2365 1061 2419 ἴδια,
1096 2362 1250 2429 μέχρι
1290 2364 1374 2413 καὶ
1412 2362 1693 2427 Ῥωμαίους

279 2437 452 2486 αὐτοῖς
489 2436 850 2497 ἐπιδακρῦσαι.

280 2527 365 2579 538
