1747 2693
136 341 239 378 CAP.

146 381 211 408 XII

319 206 615 247 APPIAN'S
654 207 890 247 ROMAN
926 200 1247 266 HISTORY,
1273 209 1450 252 BOOK
1492 211 1607 252 VIII

328 335 416 380 82.
444 329 572 381 Τοὺς
613 329 665 378 δὲ
707 329 933 381 ὑπάτους
979 331 1117 394 ἐσῄει
1156 331 1246 394 μὲν
1283 331 1451 384 οἶκτος
1483 334 1671 396 ἀνθρω-

255 405 408 464 πίνης
455 407 774 467 μεταβολῆς,
825 406 1129 468 σκυθρωποὶ
1191 405 1231 454 δ᾽
1295 408 1531 468 ἀνέμενον
1589 410 1673 457 καὶ

256 481 450 528 τούτων
499 481 650 544 κόρον
702 482 873 535 αὐτοῖς
925 482 1247 543 ἐγγενέσθαι.
1355 485 1421 533 ὡς
1479 484 1531 531 δὲ
1592 485 1675 532 καὶ

257 556 487 619 ὀδυρμῶν
539 557 748 618 ἔληξαν,
800 557 947 610 αὖθις
995 557 1056 618 ἦν
1107 558 1299 618 σιωπή.
1379 558 1466 607 καὶ
1518 558 1676 622 λόγον

257 631 430 681 αὑτοῖς
474 630 692 684 διδόντες
746 632 809 682 ὡς
857 633 886 693 ἡ
936 632 1028 693 μὲν
1070 633 1226 686 πόλις
1271 634 1412 683 ἐστὶν
1451 634 1674 688 ἄνοπλος

258 706 455 771 ἔρημος,
502 707 559 755 οὐ
600 704 764 769 ναῦν,
790 708 849 756 οὐ
891 709 1245 767 καταπέλτην,
1288 710 1345 757 οὐ
1393 711 1569 765 βέλος,
1619 711 1675 758 οὐ

260 780 404 843 ξίφος
442 781 662 845 ἔχουσα,
704 782 795 830 οὐκ
837 783 1023 844 ἄνδρας
1059 784 1273 836 οἰκείους
1314 785 1514 835 ἱκανοὺς
1549 787 1676 833 ἀπο-

257 857 525 920 μάχεσθαι
550 857 702 906 πέντε
738 858 998 920 μυριάδων
1025 858 1243 924 ἔναγχος
1282 858 1676 923 διεφθαρμένων,

258 931 455 993 ξενικὸν
505 931 557 980 δὲ
607 932 750 981 οὐδὲν
793 932 936 980 ἔστιν
974 933 1004 992 ἢ
1051 934 1202 997 φίλος
1253 935 1284 995 ἢ
1334 935 1609 1001 σύμμαχος
1646 937 1675 998 ἢ

259 1006 432 1071 καιρὸς
460 1008 508 1059 ἐς
535 1011 717 1064 ταῦτα,
746 1009 931 1072 ἔχουσι
969 1009 1009 1056 δ᾽
1049 1010 1224 1061 αὐτοῖς
1256 1010 1303 1058 οἱ
1329 1011 1566 1074 πολέμιοι
1592 1012 1675 1060 καὶ

260 1075 324 1120 τὰ
352 1075 504 1122 τέκνα
542 1076 630 1122 καὶ
667 1076 731 1123 τὰ
769 1079 913 1124 ὅπλα
950 1078 1037 1126 καὶ
1065 1078 1155 1139 τὴν
1194 1079 1388 1141 χώραν,
1417 1079 1502 1127 καὶ
1539 1101 1678 1143 περι-

259 1144 515 1206 κάθηνται
558 1144 614 1192 τὸ
660 1146 796 1193 ἄστυ
846 1146 1057 1194 ἔνοπλοι
1107 1146 1258 1195 ναυσὶ
1295 1148 1382 1196 καὶ
1419 1151 1551 1212 πεζῷ
1593 1152 1673 1197 καὶ

258 1213 604 1279 μηχανήμασι
633 1214 718 1261 καὶ
760 1213 956 1271 ἵπποις,
986 1216 1400 1277 Μασσανάσσης
1428 1215 1465 1264 δ᾽
1495 1217 1676 1282 ἐχθρὸς

261 1283 427 1343 ἕτερος
467 1284 517 1331 ἐν
558 1286 826 1344 πλευραῖς,
857 1284 1084 1344 θορύβου
1120 1284 1211 1345 μὲν
1250 1284 1325 1333 ἔτι
1362 1285 1449 1334 καὶ
1487 1287 1677 1348 ἀγανα-

260 1351 488 1412 κτήσεως
540 1351 767 1418 ἐπέσχον
808 1353 871 1405 ὡς
923 1352 1065 1401 οὐδὲν
1115 1355 1167 1401 ἐν
1221 1358 1334 1407 ταῖς
1384 1359 1676 1419 συμφοραῖς

261 1419 615 1482 ὠφελούντων,
645 1422 691 1473 ἐς
730 1421 780 1468 δὲ
818 1422 1005 1482 λόγους
1043 1423 1192 1474 αὖθις
1218 1423 1518 1486 ἐτράποντο.
1591 1425 1677 1471 καὶ

268 1488 484 1544 Βάννων,
514 1488 551 1552 ᾧ
577 1488 830 1552 Τιγίλλας
858 1489 1123 1553 ἐπώνυμον
1158 1491 1236 1553 ἦν,
1263 1489 1675 1554 ἐπιφανέστατος

259 1557 326 1605 ὢν
357 1558 409 1605 ἐν
447 1562 549 1607 τοῖς
591 1558 705 1606 τότε
743 1562 1018 1622 παροῦσιν,
1048 1560 1269 1619 αἰτήσας
1302 1561 1462 1609 εἰπεῖν
1489 1561 1685 1622 ἔλεξεν·

329 1631 405 1671 83.
448 1625 562 1672 "Εἰ
597 1626 687 1675 μὲν
719 1626 833 1674 ἔστι
873 1627 960 1676 καὶ
987 1630 1087 1675 τῶν
1121 1628 1369 1692 πρότερον
1405 1628 1675 1692 εἰρημένων

258 1693 334 1743 ἔτι
361 1693 486 1758 πρὸς
515 1695 657 1756 ὑμᾶς,
687 1693 724 1743 ὦ
751 1693 1009 1759 Ῥωμαῖοι,
1040 1695 1210 1758 λόγος,
1239 1697 1462 1761 ἐροῦμεν,
1490 1699 1588 1764 οὐχ
1615 1700 1677 1750 ὡς

259 1762 432 1811 δίκαια
463 1764 804 1828 προφέροντες
842 1765 925 1827 (οὐ
961 1766 1062 1829 γάρ
1101 1768 1244 1815 ἐστιν
1283 1767 1333 1815 ἐν
1375 1771 1536 1831 καιρῷ
1575 1771 1677 1819 τοῖς

258 1832 548 1897 ἀτυχοῦσιν
590 1832 903 1897 ἀντιλογία),
947 1832 1067 1882 ἀλλ᾽
1111 1833 1190 1883 ἵνα
1243 1834 1444 1896 μάθητε
1484 1838 1549 1888 ὡς
1587 1838 1675 1884 οὐκ

256 1901 660 1966 ἀπροφάσιστός
687 1901 830 1951 ἐστιν
869 1902 986 1965 ὑμῖν
1012 1901 1035 1951 ὁ
1065 1902 1204 1955 ἔλεος
1244 1901 1267 1951 ὁ
1296 1903 1375 1964 ἐφ᾽
1403 1905 1536 1963 ἡμῖν,
1566 1905 1673 1952 οὐδὲ

256 1969 463 2032 ἄλογος.
537 1970 681 2032 ἡμεῖς
706 1971 805 2033 γὰρ
842 1972 1047 2032 Λιβύης
1074 1972 1321 2053 ἄρχοντες
1361 1973 1445 2021 καὶ
1474 1973 1674 2019 θαλάσ-

256 2059 352 2098 σης
386 2038 464 2087 ὅτι
502 2038 776 2099 πλείστης,
805 2041 922 2100 περὶ
960 2041 1230 2101 ἡγεμονίας
1270 2041 1387 2102 ὑμῖν
1424 2041 1674 2103 ἐπολεμή-

256 2128 436 2169 σαμεν·
478 2107 565 2157 καὶ
591 2107 781 2169 ταύτης
817 2108 1118 2170 ἀπέστημεν
1145 2109 1230 2158 ἐπὶ
1262 2109 1564 2164 Σκιπίωνος,
1591 2110 1673 2158 ὅτε

255 2176 345 2224 τὰς
386 2180 507 2228 ναῦς
557 2177 673 2232 ὑμῖν
724 2178 1010 2239 παρέδομεν
1058 2178 1144 2225 καὶ
1190 2179 1480 2242 ἐλέφαντας
1523 2180 1672 2229 ὅσους

253 2245 478 2309 εἴχομεν,
521 2248 609 2293 καὶ
657 2244 848 2308 φόρους
899 2245 1192 2308 ἐταξάμεθα
1244 2246 1425 2293 δώσειν
1475 2247 1561 2293 καὶ
1602 2246 1671 2294 δί-

255 2313 403 2375 δομεν
433 2314 485 2361 ἐν
510 2318 685 2375 καιρῷ.
751 2314 880 2376 πρὸς
907 2314 995 2364 οὖν
1034 2315 1159 2363 θεῶν
1187 2318 1286 2362 τῶν
1325 2314 1441 2363 τότε
1480 2317 1671 2378 ὀμωμο-

254 2382 469 2441 σμένων,
519 2382 762 2447 φείδεσθε
810 2382 903 2446 μὲν
957 2384 1114 2445 ἡμῶν,
1165 2383 1406 2448 φείδεσθε
1466 2383 1518 2433 δὲ
1574 2387 1670 2432 τῶν

255 2449 541 2502 Σκιπίωνος
579 2451 760 2514 ὅρκων,
800 2450 1085 2514 ὀμόσαντος
1134 2450 1350 2500 ἔσεσθαι
1393 2450 1667 2514 Ῥωμαίους

256 2554 343 2594 540
