1747 2693
95 322 199 355 CAP.

106 362 169 388 XII

278 182 572 222 APPIAN'S
614 181 847 222 ROMAN
886 180 1194 233 HISTORY,
1231 180 1408 222 BOOK
1447 180 1562 221 VIII

217 303 593 368 Καρχηδονίοις
632 303 940 367 συμμάχους
974 301 1060 350 καὶ
1087 301 1287 367 φίλους.
1362 302 1460 350 οὐδ᾽
1488 303 1629 350 ἔστιν

213 380 262 429 ἐς
306 378 451 426 ταυθ᾽
495 378 522 426 ὅ
565 399 613 426 τι
654 378 960 439 ἡμάρτομεν.
1034 378 1092 426 οὐ
1142 380 1263 429 ναῦς
1301 378 1500 441 ἔχομεν,
1540 378 1629 425 οὐκ

213 453 515 518 ἐλέφαντας,
567 455 625 503 οὐ
688 453 802 505 τοὺς
866 453 1052 513 φόρους
1106 451 1426 511 ἐκλείπομεν,
1489 452 1629 499 ἀλλὰ

213 530 295 576 καὶ
354 529 794 593 συνεμαχήσαμεν
852 528 967 591 ὑμῖν
1027 526 1113 577 ἐπὶ
1166 532 1300 590 τρεῖς
1356 526 1628 582 βασιλέας.

212 603 338 666 μηδέ
375 626 445 666 τῳ
483 607 730 666 παραστῇ
770 602 1234 663 καταγιγνώσκειν,
1262 602 1305 651 εἰ
1342 606 1509 650 ταῦτα
1545 604 1627 650 καὶ

214 678 392 743 πρῴην
434 680 657 741 εἴπομεν,
703 678 787 727 ὅτε
832 677 896 726 τὰ
934 678 1077 726 ὅπλα
1117 677 1299 743 ᾐτεῖτε·
1340 677 1401 725 αἵ
1437 699 1491 726 τε
1533 678 1629 743 γὰρ

215 756 481 816 συμφοραὶ
531 756 742 801 ποιοῦσι
790 752 1163 814 μακρολόγους,
1216 753 1301 801 καὶ
1356 753 1463 814 ἅμα
1513 774 1630 801 συν-

216 830 385 889 θηκῶν
435 828 575 877 οὐδὲν
620 828 669 876 ἐν
708 831 822 879 ταῖς
870 827 1088 881 ἱκεσίαις
1127 828 1487 891 δυνατώτερον,
1531 829 1627 877 οὐδ᾽

215 905 398 969 ἔχομεν
436 904 489 953 ἐν
528 902 669 951 οὐδὲν
710 903 878 967 ἕτερον
923 902 1037 951 ἀντὶ
1076 905 1251 966 λόγων
1294 909 1629 968 καταφυγεῖν,

216 979 264 1026 οἳ
306 979 396 1041 τὴν
447 979 662 1041 δύναμιν
712 979 828 1041 ὑμῖν
877 979 1094 1027 ἅπασαν
1142 977 1387 1041 ἐξέδομεν.
1439 980 1504 1028 τὰ
1542 980 1631 1042 μὲν

216 1049 275 1111 δὴ
348 1046 577 1112 πρότερα
654 1050 887 1102 τοιαῦτα,
951 1046 1019 1096 ὧν
1091 1046 1114 1096 ὁ
1188 1046 1418 1097 Σκιπίων
1490 1049 1630 1098 ἐστὶν

215 1119 347 1178 ἡμῖν,
389 1119 425 1163 ὦ
462 1119 725 1179 Ῥωμαῖοι,
764 1115 1080 1176 βεβαιωτής·
1122 1119 1221 1164 τῶν
1265 1115 1318 1164 δὲ
1360 1115 1631 1181 παρόντων

216 1186 370 1249 ὑμεῖς,
409 1184 445 1233 ὦ
488 1185 693 1240 ὕπατοι,
737 1184 1035 1248 δημιουργοὶ
1080 1186 1166 1232 καὶ
1213 1186 1465 1250 μάρτυρές
1514 1187 1630 1234 ἐστε

215 1255 348 1316 ἡμῖν.
422 1255 587 1316 ὅμηρα
613 1254 859 1315 ᾐτήσατε,
887 1253 974 1301 καὶ
1000 1252 1063 1299 τὰ
1089 1253 1348 1316 κράτιστα
1373 1253 1631 1316 ἠγάγομεν

217 1323 346 1384 ὑμῖν.
434 1323 578 1370 ὅπλα
628 1322 874 1383 ᾐτήσατε,
926 1321 1011 1369 καὶ
1055 1322 1227 1369 πάντα
1279 1322 1514 1380 ἐλάβετε,
1565 1323 1631 1371 ὧν

216 1390 330 1438 οὐδὲ
379 1390 425 1438 οἱ
473 1389 758 1453 ληφθέντες
809 1391 858 1438 ἐν
907 1392 1022 1442 ταῖς
1070 1389 1395 1455 πολιορκίαις
1434 1389 1630 1444 ἑκόντες

213 1458 490 1522 μεθίενται.
571 1458 954 1521 ἐπιστεύσαμεν
992 1457 1044 1506 δὲ
1082 1460 1223 1521 ἡμεῖς
1260 1463 1330 1522 τῷ
1366 1459 1631 1522 Ῥωμαίων

215 1529 326 1587 ἤθει
354 1528 442 1576 καὶ
469 1526 662 1589 τρόπῳ·
702 1526 789 1574 καὶ
825 1527 925 1590 γὰρ
965 1527 992 1586 ἡ
1034 1528 1331 1590 σύγκλητος
1370 1529 1490 1590 ἡμῖν
1516 1529 1629 1577 ἐπέ-

215 1602 406 1646 στειλε,
435 1595 521 1644 καὶ
553 1596 704 1658 ὑμεῖς,
736 1594 798 1643 τὰ
837 1595 1004 1658 ὅμηρα
1041 1595 1316 1651 αἰτοῦντες,
1344 1596 1504 1658 ἔφατε
1540 1596 1632 1658 τὴν

217 1663 532 1729 Καρχηδόνα
580 1662 863 1726 αὐτόνομον
913 1664 1100 1719 ἐάσειν,
1139 1664 1182 1712 εἰ
1219 1664 1456 1724 λάβοιτε.
1497 1664 1540 1714 εἰ
1582 1666 1629 1715 δὲ

213 1732 519 1797 προσέκειτο
558 1733 644 1781 καὶ
683 1732 746 1780 τὰ
785 1732 947 1780 λοιπὰ
987 1733 1124 1795 ὑμῶν
1156 1733 1430 1796 ἀνέξεσθαι
1456 1741 1627 1783 κελευ-

215 1800 387 1851 όντων,
433 1801 524 1849 οὐκ
564 1800 696 1853 εἰκὸς
734 1800 794 1858 ἦν
837 1801 963 1862 ὑμᾶς
1003 1800 1085 1849 ἐπὶ
1130 1801 1222 1863 μὲν
1263 1804 1367 1854 τοῖς
1411 1801 1628 1867 ὁμήροις,

212 1869 458 1932 αἰτήματι
510 1872 677 1933 σοφεῖ,
730 1867 821 1931 τὴν
869 1868 1025 1917 πόλιν
1075 1867 1356 1931 αὐτόνομον
1417 1871 1630 1919 ἔσεσθαι

213 1941 614 2003 προαγορεῦσαι,
643 1939 692 1985 ἐν
720 1936 771 1985 δὲ
797 1936 1070 2001 προσθήκῃ
1110 1940 1209 1985 τῶν
1244 1937 1445 2002 ὁμήρων
1471 1944 1626 1989 ποιεῖ-

213 2007 340 2053 σθαι
383 2007 474 2068 τὴν
514 2004 848 2070 Καρχηδόνος
888 2005 1047 2069 αὐτῆς
1088 2009 1451 2070 κατασκαφήν,
1491 2009 1552 2068 ἣν
1590 2010 1632 2057 εἰ

213 2075 353 2137 θέμις
416 2076 531 2137 ὑμῖν
592 2075 733 2122 ἐστὶν
793 2076 1007 2130 ἀνελεῖν,
1058 2077 1168 2127 πῶς
1226 2077 1498 2140 ἐλευθέραν
1557 2077 1628 2125 ἔτι

213 2145 446 2208 ἀφήσετε
470 2144 500 2204 ἢ
529 2141 826 2204 αὐτόνομον,
857 2143 920 2196 ὡς
947 2141 1172 2202 ἐλέγετε;

284 2218 361 2257 84.
402 2211 534 2258 Τάδε
560 2211 651 2273 μὲν
689 2213 895 2273 εἴχομεν
932 2212 1093 2259 εἰπεῖν
1124 2213 1211 2260 καὶ
1235 2213 1354 2273 περὶ
1381 2215 1481 2261 τῶν
1505 2234 1627 2273 προ-

213 2279 369 2343 τέρων
396 2279 667 2341 συνθηκῶν
703 2279 790 2327 καὶ
827 2279 943 2343 περὶ
981 2282 1080 2328 τῶν
1117 2280 1243 2343 πρὸς
1270 2280 1401 2342 ὑμᾶς
1424 2283 1628 2343 γενομέ-

212 2369 325 2396 νων.
413 2348 456 2396 εἰ
499 2346 551 2396 δὲ
592 2347 678 2396 καὶ
722 2346 917 2396 τούτων
956 2347 1047 2396 οὐκ
1089 2347 1345 2410 ἀνέξεσθε,
1387 2348 1626 2416 παρίεμεν

213 2417 435 2470 ἅπαντα,
463 2416 549 2463 καὶ
589 2415 613 2462 ὃ
645 2419 749 2466 τοῖς
776 2415 1063 2480 ἀτυχοῦσίν
1089 2417 1201 2464 ἐστι
1226 2415 1427 2473 λοιπόν,
1455 2417 1625 2483 ὀδυρό-

216 2520 299 2563 542
