1747 2693
67 311 171 341 CAP.

78 352 141 378 XII

252 196 542 238 APPIAN'S
582 193 817 237 ROMAN
857 189 1163 240 HISTORY,
1202 188 1378 229 BOOK
1418 186 1534 227 VIII

186 321 318 382 μεθα
345 321 432 368 καὶ
458 318 688 379 δεόμεθα.
749 315 928 375 πολλὴ
955 314 993 361 δ᾽
1015 313 1044 374 ἡ
1069 310 1239 359 ἱκεσία
1266 310 1326 359 δι᾽
1352 309 1599 375 ἀφθονίαν

187 393 372 435 κακῶν·
427 386 553 448 ὑπέρ
597 407 651 434 τε
691 384 792 446 γὰρ
833 381 1032 433 πόλεως
1071 382 1477 443 παρακαλοῦμεν
1514 380 1598 440 ἀρ-

186 457 359 523 χαίας,
410 458 666 521 χρησμοῖς
713 454 842 515 μετὰ
893 451 1019 498 θεῶν
1067 469 1296 512 συνῳκισμένης,
1519 457 1601 494 καὶ

189 529 313 589 ὑπὲρ
353 527 501 587 δόξης
540 525 625 572 ἐπὶ
661 524 794 585 μέγα
831 520 1207 585 προελθούσης,
1237 517 1322 564 καὶ
1361 515 1602 578 ὀνόματος

187 594 622 660 ἐπιφοιτήσαντος
661 590 746 638 ἐπὶ
784 590 877 650 τὴν
912 593 1007 649 γῆν
1045 587 1187 647 ὅλην,
1217 585 1345 648 ὑπέρ
1382 605 1436 632 τε
1465 582 1604 647 ἱερῶν

189 667 287 713 τῶν
325 666 377 711 ἐν
414 662 542 724 αὐτῇ
583 657 807 707 τοσῶνδε
845 657 930 705 καὶ
956 657 1084 703 θεῶν
1112 655 1255 702 οὐδὲν
1279 652 1603 706 ἀδικούντων,

189 733 272 783 οὓς
321 732 388 792 μὴ
440 727 747 790 πανηγύρεις
799 725 1070 786 ἀφέλησθε
1119 724 1203 771 καὶ
1252 720 1465 784 πομπὰς
1520 723 1604 767 καὶ

190 801 384 865 ἑορτάς,
424 799 549 861 μηδὲ
594 798 711 849 τοὺς
750 794 943 859 τάφους
978 793 1040 841 τὰ
1085 790 1425 853 ἐναγίσματα,
1466 788 1606 836 οὐδὲν

192 871 307 931 ὑμῖν
335 870 409 917 ἔτι
438 870 536 915 τῶν
563 867 750 927 νεκρῶν
788 863 1064 924 ἐπιζημίων
1104 862 1277 908 ὄντων.
1354 857 1394 906 εἰ
1434 857 1484 905 δὲ
1521 858 1606 905 καὶ

190 941 329 999 ἡμῶν
373 937 516 985 ἔστιν
562 933 702 986 ἔλεος
743 931 898 994 (φατὲ
944 930 994 978 δὲ
1043 928 1129 978 καὶ
1174 930 1305 991 ἡμᾶς
1355 928 1513 974 ἐλεεῖν
1562 926 1608 973 οἳ

193 1008 513 1070 συγχωρεῖτε
550 1000 992 1063 μετοικίσασθαι),
1034 996 1291 1064 φείσασθε
1335 999 1609 1054 πολιτικῆς

192 1076 381 1128 ἑστίας,
444 1071 701 1136 φείσασθε
766 1070 972 1132 ἀγορᾶς,
1036 1064 1292 1127 φείσασθε
1351 1062 1607 1124 βουλαίας

193 1145 323 1201 θεοῦ,
363 1142 573 1191 πάντων
617 1160 671 1187 τε
716 1140 817 1187 τῶν
861 1137 1036 1184 ἄλλων
1077 1136 1179 1183 ὅσα
1223 1137 1326 1186 τοῖς
1368 1132 1442 1180 ἔτι
1486 1134 1608 1191 ζῶσι

191 1211 383 1277 τερπνὰ
409 1212 495 1258 καὶ
523 1210 682 1271 τίμια.
750 1208 798 1254 τί
823 1207 923 1268 γὰρ
952 1207 1010 1265 δὴ
1044 1206 1131 1252 καὶ
1170 1205 1276 1254 δέος
1316 1204 1460 1250 ἔστιν
1496 1202 1609 1263 ὑμῖν

193 1281 267 1330 ἔτι
296 1276 647 1342 Καρχηδόνος,
677 1275 726 1324 οἳ
748 1274 835 1323 καὶ
873 1272 965 1326 τὰς
1003 1276 1123 1323 ναῦς
1162 1272 1308 1336 ἔχετε
1346 1271 1487 1330 ἡμῶν
1525 1270 1609 1316 καὶ

195 1350 259 1399 τὰ
285 1350 426 1398 ὅπλα
454 1347 540 1395 καὶ
567 1346 683 1398 τοὺς
711 1342 1018 1406 ἐπιφθόνους
1057 1342 1367 1405 ἐλέφαντας;
1410 1337 1524 1397 περὶ
1561 1337 1609 1385 δὲ

195 1423 283 1480 τῆς
321 1415 634 1470 ἀνοικίσεως,
661 1415 708 1462 εἴ
742 1434 812 1475 τῳ
852 1410 990 1459 δοκεῖ
1014 1413 1165 1458 τοῦτο
1204 1410 1251 1460 ἐς
1289 1405 1611 1471 παρηγορίαν

195 1490 313 1549 ἡμῖν
360 1485 720 1549 προτίθεσθαι,
761 1483 875 1529 ἔστι
915 1480 1001 1527 καὶ
1042 1479 1156 1525 τόδε
1195 1476 1479 1540 ἀμήχανον,
1529 1476 1611 1522 ἀν-

196 1556 380 1620 δράσιν
408 1555 455 1606 ἐς
480 1553 690 1615 ἤπειρον
717 1549 1089 1598 ἀνοικίσασθαι
1129 1544 1610 1600 θαλασσοβιώτοις,

197 1625 264 1672 ὧν
313 1624 522 1687 ἄπειρον
583 1619 784 1681 πλῆθος
845 1618 1110 1681 ἐργάζεται
1173 1614 1264 1673 τὴν
1313 1616 1611 1659 θάλασσαν.

198 1692 397 1754 δίδομεν
436 1690 476 1738 δ᾽
528 1689 642 1751 ὑμῖν
685 1687 946 1735 ἀντίδοσιν
989 1682 1327 1746 αἱρετωτέραν
1370 1683 1489 1742 ἡμῖν
1528 1683 1612 1728 καὶ

198 1761 568 1823 εὐκλεεστέραν
619 1758 748 1820 ὑμῖν.
829 1752 920 1816 τὴν
979 1752 1068 1816 μὲν
1132 1751 1284 1800 πόλιν
1348 1750 1463 1798 ἐᾶτε
1524 1749 1614 1810 τὴν

198 1829 396 1881 οὐδενὸς
426 1829 540 1889 ὑμῖν
560 1823 745 1879 αἰτίαν,
767 1821 952 1875 αὐτοὺς
978 1821 1028 1869 δὲ
1055 1823 1184 1882 ἡμᾶς
1212 1820 1296 1871 οὓς
1323 1817 1612 1877 ἀνοικίζετε,

200 1899 242 1946 εἰ
292 1898 482 1949 θέλετε,
533 1893 909 1958 διαχρήσασθε.
982 1891 1114 1938 οὕτω
1167 1890 1267 1951 γὰρ
1328 1887 1614 1951 ἀνθρώποις

200 1966 372 2029 δόξετε
414 1963 766 2029 χαλεπαίνειν,
819 1961 917 2026 οὐχ
978 1959 1130 2023 ἱεροῖς
1190 1955 1276 2004 καὶ
1338 1955 1469 2006 θεοῖς
1530 1954 1614 2002 καὶ

201 2036 384 2096 τάφοις
411 2034 498 2081 καὶ
523 2031 675 2080 πόλει
701 2030 856 2091 μηδὲν
882 2026 1147 2089 ἀδικούσῃ.

274 2110 352 2149 85.
425 2099 589 2163 Δόξης
618 2099 657 2147 δ᾽
686 2097 885 2159 ἀγαθῆς
924 2096 1010 2144 καὶ
1049 2095 1299 2153 εὐσεβοῦς
1327 2092 1550 2157 ἐφίεσθε,
1579 2092 1613 2138 ὦ

201 2172 464 2234 Ῥωμαῖοι,
491 2169 635 2231 παρὰ
662 2168 835 2216 πάντα
865 2167 1001 2229 ἔργα,
1028 2165 1114 2211 καὶ
1139 2160 1540 2225 μετριοπάθειαν
1567 2160 1614 2206 ἐν

203 2245 307 2290 τοῖς
336 2238 691 2303 εὐτυχήμασιν
729 2232 1139 2296 ἐπαγγέλλεσθε,
1167 2231 1254 2278 καὶ
1291 2230 1429 2278 τοῦθ᾽
1457 2228 1532 2280 οἷς
1557 2228 1616 2277 ἂν

205 2310 282 2357 ἀεὶ
307 2309 512 2367 λάβητε
538 2302 962 2366 καταλογίζεσθε·
1028 2301 1096 2362 μὴ
1126 2300 1202 2360 δή,
1229 2299 1359 2363 πρὸς
1385 2296 1506 2348 Διὸς
1531 2297 1616 2344 καὶ

204 2379 346 2430 θεῶν,
396 2378 496 2424 τῶν
547 2395 599 2422 τε
650 2373 828 2420 ἄλλων
878 2371 964 2418 καὶ
1012 2368 1127 2417 ὅσοι
1179 2364 1494 2428 Καρχηδόνα
1544 2364 1616 2412 ἔτι

205 2444 387 2510 ἔχουσί
427 2464 479 2491 τε
514 2443 598 2490 καὶ
623 2442 691 2499 μή
719 2460 844 2487 ποτε
869 2435 1316 2497 μνησικακήσαιεν
1342 2435 1459 2493 ὑμῖν
1493 2433 1615 2492 μηδὲ

207 2546 294 2586 544
