1747 2693
85 308 191 341 CAP.

96 348 163 376 XII

269 173 563 213 APPIAN'S
603 174 684 215 RO
695 174 837 215 MAN
878 174 1184 226 HISTORY,
1220 175 1399 217 BOOK
1438 175 1553 216 VIII

206 292 387 340 παισὶν
417 293 688 357 ὑμετέροις,
715 292 785 355 μὴ
811 294 1014 356 ἀγαθὴν
1041 292 1194 357 δόξαν
1219 295 1355 357 ὑμῶν
1383 295 1550 345 αὐτῶν
1571 297 1619 345 ἐν

206 369 326 430 ἡμῖν
368 368 591 430 πρώτοις
636 367 941 429 διαβάλητε,
977 368 1104 429 μηδὲ
1144 369 1320 433 τοιῷδε
1363 369 1491 433 ἔργῳ
1533 369 1621 432 τὴν

204 443 440 491 εὔκλειαν
493 444 630 506 ὑμῶν
677 445 1042 506 καταμιάνητε,
1082 448 1303 507 χαλεπῷ
1346 445 1436 507 μὲν
1475 445 1617 508 ἐργα-

205 518 395 579 σθῆναι
431 521 652 580 χαλεπῷ
680 518 730 565 δὲ
759 518 1095 580 ἀκουσθῆναι,
1126 519 1271 582 παρά
1310 539 1364 567 τε
1401 519 1621 584 πρώτοις

205 594 320 656 ὑμῖν
358 594 414 656 ἐξ
450 594 679 646 ἅπαντος
719 597 807 641 τοῦ
838 593 962 653 βίου
988 594 1329 658 γενησομένῳ.
1404 594 1622 658 πόλεμοι

203 668 303 731 γὰρ
329 668 524 717 πολλοὶ
542 668 633 732 μὲν
648 668 918 729 Ἕλλησιν
943 669 1173 731 ἐγένοντο
1201 670 1288 718 καὶ
1313 670 1620 735 βαρβάροις,

203 746 400 792 πολλοὶ
451 742 501 792 δὲ
548 743 679 805 ὑμῖν,
726 742 762 790 ὦ
805 742 1069 805 Ῥωμαῖοι,
1114 745 1241 807 πρὸς
1282 746 1495 809 ἑτέρους·
1537 748 1622 792 καὶ

204 819 366 869 οὐδείς
393 840 473 867 πω
501 819 811 884 κατέσκαψε
850 818 1007 867 πόλιν
1043 820 1220 884 χεῖράς
1248 840 1302 868 τε
1328 820 1428 882 πρὸ
1451 820 1621 884 μάχης

205 895 455 942 καθεῖσαν
484 895 570 941 καὶ
597 895 740 942 ὅπλα
769 893 856 943 καὶ
882 893 1035 942 τέκνα
1073 893 1429 958 παραδοῦσαν.
1458 896 1543 942 καὶ
1582 896 1626 942 εἴ

205 990 280 1020 τις
319 969 462 1017 ἔστιν
499 970 546 1022 ἐς
585 968 884 1031 ἀνθρώπους
924 968 1062 1029 ἄλλη
1103 968 1271 1030 ζημία,
1309 969 1394 1019 καὶ
1432 970 1620 1031 ταύτην

206 1039 392 1087 παθεῖν
418 1037 793 1100 ὑπομένουσαν.
843 1037 1186 1100 προφέροντες
1215 1037 1253 1085 δ᾽
1284 1039 1397 1100 ὑμῖν
1426 1037 1621 1100 ὁρκίους

205 1107 350 1157 θεοὺς
370 1107 454 1154 καὶ
477 1108 640 1172 τύχην
668 1105 991 1167 ἀνθρωπείαν
1021 1106 1105 1154 καὶ
1134 1106 1225 1168 τὴν
1251 1107 1621 1170 φοβερωτάτην

207 1179 311 1227 τοῖς
371 1178 651 1239 εὐτυχοῦσι
702 1174 943 1238 Νέμεσιν,
996 1174 1211 1237 δεόμεθα
1257 1175 1385 1237 μήτε
1435 1176 1482 1229 ἐς
1532 1175 1622 1237 τὴν

208 1241 455 1306 ὑμετέραν
514 1241 800 1306 εὐπραγίαν
862 1244 988 1306 ὑμᾶς
1052 1241 1283 1304 ὑβρίσαι,
1344 1244 1471 1306 μήτε
1534 1245 1623 1294 τὰς

207 1314 453 1374 ἡμετέρας
515 1310 786 1374 συμφορὰς
848 1311 895 1364 ἐς
957 1312 1239 1373 ἀνήκεστον
1287 1316 1620 1374 προαγαγεῖν,

209 1385 558 1443 συγχωρῆσαι
596 1380 654 1434 δ᾽,
694 1380 736 1427 εἰ
772 1379 841 1442 μὴ
881 1379 1044 1427 δίδοτε
1083 1380 1175 1442 τὴν
1200 1380 1358 1429 πόλιν
1386 1381 1538 1445 ἔχειν,
1578 1381 1623 1433 ἔς

206 1471 266 1511 γε
292 1449 382 1509 τὴν
411 1449 709 1511 σύγκλητον
738 1448 811 1495 ἔτι
839 1449 1172 1511 πρεσβεῦσαι
1209 1449 1327 1511 περὶ
1354 1450 1512 1511 αὐτῆς
1537 1450 1622 1498 καὶ

209 1519 462 1579 δεηθῆναι.
558 1516 738 1578 βραχὺ
788 1515 826 1565 δ᾽
879 1516 1030 1580 ὁρᾶτε
1089 1518 1146 1566 τὸ
1213 1519 1474 1580 διάστημα
1535 1522 1624 1567 τοῦ

207 1585 413 1651 χρόνου,
439 1584 677 1647 βάσανον
700 1584 791 1648 μὲν
817 1587 937 1647 ἡμῖν
962 1584 1118 1647 φέρον
1142 1584 1343 1649 μακρὰν
1377 1587 1429 1636 ἐν
1465 1585 1621 1652 ὀλίγῳ

209 1655 292 1703 διὰ
319 1655 409 1715 τὴν
437 1658 535 1703 τῶν
563 1654 815 1716 ἐσομένων
843 1653 1188 1717 ἀμφιβολίαν·
1231 1655 1346 1718 ὑμῖν
1374 1653 1424 1702 δὲ
1450 1654 1508 1703 τὸ
1534 1656 1623 1718 μὲν

208 1724 447 1787 ἀσφαλὲς
491 1725 619 1778 ἴσον,
647 1723 677 1784 ἢ
723 1725 808 1771 νῦν
843 1722 872 1785 ἢ
911 1722 1020 1785 μετ᾽
1058 1721 1235 1785 ὀλίγον
1271 1722 1337 1771 τὰ
1375 1722 1620 1771 δοκοῦντα

208 1791 346 1858 δρᾶν,
374 1791 431 1840 τὸ
460 1791 498 1838 δ᾽
526 1791 738 1850 εὐσεβὲς
766 1791 850 1839 καὶ
877 1790 1250 1855 φιλάνθρωπον
1276 1791 1609 1854 ἐπιγίγεται."

279 1866 357 1909 86.
397 1862 625 1909 Τοιαῦτα
651 1860 740 1920 μὲν
768 1860 906 1906 εἶπεν
945 1858 968 1907 ὁ
1009 1860 1231 1913 Βάννων,
1261 1861 1306 1909 οἱ
1345 1861 1397 1909 δὲ
1435 1861 1621 1908 ὕπατοι

209 1929 357 1992 δῆλοι
393 1929 484 1992 μὲν
520 1930 655 1991 ἦσαν
681 1927 1143 1992 ἐσκυθρωπακότες
1169 1928 1313 1992 παρὰ
1339 1929 1512 1978 πάντα
1539 1929 1623 1978 τὸν

207 2002 367 2059 λόγον
393 2001 470 2046 ὅτι
494 1998 650 2058 μηδὲν
675 1996 986 2044 ἐνδώσουσιν
1004 1996 1189 2051 αὐτοῖς,
1213 1996 1550 2059 παυσαμένου
1571 1997 1620 2046 δὲ

208 2066 232 2115 ὁ
274 2070 599 2129 Κηνσωρῖνος
637 2065 780 2127 ἔλεξε
821 2065 981 2129 "περὶ
1015 2065 1106 2127 μὲν
1148 2065 1215 2113 ὧν
1255 2067 1283 2127 ἡ
1330 2065 1620 2128 σύγκλητος

209 2134 516 2200 προσέταξε,
558 2135 610 2182 τί
658 2132 731 2180 δεῖ
779 2133 1039 2185 πολλάκις
1089 2133 1281 2194 λέγειν;
1334 2134 1622 2198 προσέταξε

208 2204 322 2267 γάρ,
352 2203 439 2251 καὶ
463 2203 566 2267 χρὴ
591 2201 849 2265 γενέσθαι·
891 2202 1003 2249 οὐδὲ
1043 2202 1328 2249 ἀναθέσθαι
1368 2204 1622 2265 δυνάμεθα

209 2271 274 2320 τὰ
301 2271 393 2333 ἤδη
422 2270 799 2332 κεκελευσμένα
832 2270 1089 2332 γενέσθαι.
1165 2274 1328 2319 ταῦτα
1367 2270 1418 2319 δὲ
1456 2271 1498 2319 εἰ
1533 2270 1622 2334 μὲν

211 2343 274 2390 ὡς
312 2340 515 2405 ἐχθροῖς
557 2338 939 2400 ἐπεκελεύομεν,
981 2338 1080 2386 ἔδει
1127 2338 1281 2400 μόνον
1329 2339 1489 2387 εἰπεῖν
1538 2340 1621 2388 καὶ

209 2413 373 2456 ποιεῖν
423 2409 742 2469 ἀναγκάζειν·
801 2408 910 2454 ἐπεὶ
960 2408 1010 2454 δὲ
1059 2406 1139 2454 ἐπ᾽
1189 2406 1414 2473 ὠφελείᾳ
1463 2412 1618 2471 κοινῇ,

211 2501 295 2552 546
