1747 2693
92 314 199 348 CAP.

102 355 167 382 XII

278 175 570 214 APPIAN'S
608 175 841 215 ROMAN
882 174 1191 226 HISTORY,
1227 174 1407 215 BOOK
1445 172 1558 213 VIII

214 295 353 361 τάχα
402 295 493 359 μέν
535 317 586 345 τι
635 296 722 344 καὶ
772 297 928 358 ἡμῶν,
970 295 1028 345 τὸ
1078 295 1129 344 δὲ
1179 295 1341 345 πλέον
1387 296 1539 359 ὑμῶν,
1591 294 1624 341 ὦ

214 370 578 435 Καρχηδόνιοι,
604 371 851 429 γίγνεται,
880 371 970 419 οὐκ
999 370 1200 431 ὀκνήσω
1223 373 1308 419 καὶ
1335 373 1452 422 τοὺς
1488 380 1626 432 λογι-

212 445 372 508 σμοὺς
399 447 514 507 ὑμῖν
542 445 718 502 εἰπεῖν,
741 446 802 506 ἢν
830 445 1051 505 δύνησθε
1077 446 1358 505 πεισθῆναι
1375 449 1582 504 μᾶλλον
1598 445 1626 503 ἢ

208 523 513 581 βιασθῆναι.
609 523 638 582 ἡ
681 522 933 570 θάλασσα
979 522 1107 582 ὑμᾶς
1145 521 1247 581 ἥδε,
1288 519 1625 583 μεμνημένους

209 602 298 658 τῆς
348 599 398 645 ἐν
439 599 568 660 αὐτῇ
612 598 741 645 ποτὲ
783 598 948 661 ἀρχῆς
992 597 1075 645 καὶ
1123 596 1393 654 δυνάμεως,
1438 595 1624 643 ἀδικεῖν

210 670 423 735 ἐπαίρει,
466 672 553 720 καὶ
590 672 694 719 ἀπὸ
738 671 885 720 τοῦδε
934 672 983 724 ἐς
1033 670 1303 735 συμφορὰς
1351 669 1624 735 περιφέρει.

211 748 424 814 Σικελίᾳ
484 768 539 796 τε
597 747 696 812 γὰρ
759 747 822 795 δι᾽
883 746 1042 809 αὐτὴν
1105 747 1492 812 ἐπεχειρήσατε,
1543 747 1622 793 καὶ

208 820 450 872 Σικελίαν
477 821 809 871 ἀπωλέσατε·
851 821 900 874 ἔς
926 843 981 870 τε
1005 820 1242 887 Ἰβηρίαν
1270 820 1627 876 διεπλεύσατε,

209 898 297 946 καὶ
339 896 574 961 Ἰβηρίαν
614 897 903 962 ἀφῄρησθε.
977 896 1029 946 ἔν
1079 919 1132 946 τε
1184 901 1296 950 ταῖς
1347 896 1625 958 συνθήκαις

211 972 457 1036 ἐλῄζεσθε
517 972 634 1026 τοὺς
696 972 963 1035 ἐμπόρους,
1026 972 1114 1022 καὶ
1178 972 1295 1026 τοὺς
1356 971 1626 1036 ἡμετέρους

209 1049 460 1109 μάλιστα,
528 1049 608 1097 ἵνα
680 1049 1004 1104 λανθάνοιτε,
1079 1050 1475 1103 κατεποντοῦτε,
1539 1047 1627 1096 ἕως

211 1116 421 1169 ἁλόντες
471 1116 655 1179 ποινὴν
702 1118 822 1179 ἡμῖν
870 1116 1012 1165 ἔδοτε
1059 1113 1256 1180 Σαρδώ.
1354 1116 1487 1164 οὕτω
1542 1116 1627 1163 καὶ

211 1183 438 1249 Σαρδοῦς
476 1185 765 1249 ἀφῃρέθητε
803 1184 886 1233 διὰ
924 1184 1015 1247 τὴν
1047 1184 1344 1240 θάλασσαν,
1372 1185 1402 1246 ἣ
1431 1185 1627 1249 πέφυκε

209 1253 406 1303 πείθειν
444 1255 679 1304 ἅπαντας
717 1253 797 1302 ἀεὶ
836 1258 927 1302 τοῦ
971 1253 1186 1306 πλέονος
1229 1253 1501 1318 ὀρέγεσθαι
1545 1252 1626 1300 διὰ

211 1324 303 1385 τὴν
331 1325 382 1372 ἐν
407 1324 538 1387 αὐτῇ
567 1321 896 1387 ταχυεργίαν.

282 1397 357 1441 87.
386 1391 458 1440 ὃ
502 1392 589 1441 καὶ
627 1391 949 1452 Ἀθηναίους,
977 1391 1062 1439 ὅτε
1106 1389 1335 1452 ἐγένοντο
1380 1389 1624 1446 ναυτικοί,

211 1462 446 1522 μάλιστα
490 1459 685 1522 ηὔξησέ
728 1482 781 1509 τε
822 1460 907 1509 καὶ
949 1460 1204 1508 καθεῖλεν·
1244 1459 1375 1508 ἔοικε
1424 1459 1523 1523 γὰρ
1564 1458 1625 1506 τὰ

211 1532 487 1579 θαλάσσια
538 1534 642 1580 τοῖς
693 1531 988 1592 ἐμπορικοῖς
1037 1527 1283 1592 κέρδεσιν,
1328 1528 1359 1575 ἃ
1409 1528 1494 1576 καὶ
1537 1527 1625 1589 τὴν

210 1599 432 1661 αὔξησιν
457 1599 564 1663 ἔχει
589 1599 676 1647 καὶ
704 1599 794 1660 τὴν
821 1598 1087 1646 ἀπώλειαν
1113 1596 1321 1660 ἀθρόαν.
1369 1598 1481 1645 ἴστε
1505 1599 1625 1659 γοῦν

212 1668 397 1718 αὐτοὺς
418 1668 636 1720 ἐκείνους
664 1667 732 1715 ὧν
757 1666 1099 1729 ἐπεμνήσθην,
1128 1666 1206 1714 ὅτι
1233 1664 1323 1727 τὴν
1350 1664 1517 1729 ἀρχὴν
1544 1665 1625 1712 ἐπὶ

214 1736 299 1784 τὸν
323 1734 504 1784 Ἰόνιον
530 1734 832 1785 ἐκτείνοντες
872 1737 918 1786 ἐς
959 1732 1204 1784 Σικελίαν
1244 1735 1301 1783 οὐ
1339 1735 1462 1797 πρὶν
1501 1732 1622 1781 ἀπέ-

212 1827 418 1867 στησαν
445 1810 534 1867 τῆς
572 1805 892 1867 πλεονεξίας,
920 1804 1040 1866 πρὶν
1077 1804 1168 1866 τὴν
1206 1802 1373 1867 ἀρχὴν
1411 1802 1625 1849 ἅπασαν

212 1875 569 1936 ἀφαιρεθῆναι,
612 1873 698 1922 καὶ
746 1871 955 1935 λιμένας
1005 1872 1091 1921 καὶ
1141 1875 1260 1924 ναῦς
1305 1871 1622 1936 παραδοῦναι

212 1947 316 1993 τοῖς
343 1941 628 2006 πολεμίοις,
655 1941 743 1991 καὶ
768 1941 998 2005 φρουρὰν
1024 1940 1328 2003 ἐνδέξασθαι
1368 1944 1428 2002 τῇ
1456 1939 1621 1995 πόλει,

212 2012 298 2059 καὶ
326 2012 390 2060 τὰ
416 2012 563 2076 τείχη
593 2014 741 2075 σφῶν
767 2010 914 2059 αὐτοὶ
942 2010 1006 2057 τὰ
1032 2008 1206 2074 μακρὰ
1243 2009 1497 2061 καθελεῖν,
1538 2008 1622 2056 καὶ

209 2079 398 2145 σχεδὸν
426 2081 707 2143 ἠπειρῶται
742 2079 858 2127 τότε
894 2079 1120 2126 κἀκεῖνοι
1145 2077 1402 2140 γενέσθαι.
1476 2077 1500 2124 ὃ
1538 2077 1619 2125 καὶ

211 2149 459 2196 διέσωσεν
509 2149 593 2196 ἐπὶ
643 2152 897 2196 πλεῖστον
942 2147 1143 2198 αὐτούς.
1217 2145 1618 2209 εὐσταθέστερος

210 2219 323 2281 γάρ,
368 2219 405 2267 ὦ
447 2217 812 2281 Καρχηδόνιοι,
843 2216 865 2265 ὁ
912 2216 962 2264 ἐν
1004 2215 1197 2278 ἠπείρῳ
1239 2213 1370 2274 βίος,
1398 2214 1618 2281 γεωργίᾳ

211 2288 296 2334 καὶ
318 2286 498 2352 ἠρεμίᾳ
524 2288 852 2349 προσπονῶν·
894 2284 980 2332 καὶ
1018 2283 1330 2345 σμικρότερα
1369 2283 1460 2344 μὲν
1499 2284 1613 2333 ἴσως

210 2354 274 2402 τὰ
316 2354 482 2420 κέρδη,
508 2352 828 2417 βεβαιότερα
874 2352 924 2400 δὲ
965 2352 1052 2401 καὶ
1092 2352 1453 2416 ἀκινδυνότερα
1497 2352 1613 2398 καθ-

207 2424 351 2484 άπαξ
390 2424 453 2470 τὰ
494 2429 581 2485 τῆς
629 2423 880 2485 γεωργίας
926 2424 1025 2468 τῶν
1068 2420 1320 2484 ἐμπόρων.
1396 2423 1527 2472 ὅλως
1567 2428 1616 2465 τέ

206 2515 292 2568 548
