1747 2693
104 313 212 351 CAP.

115 352 180 379 XII

284 175 579 218 APPIAN'S
617 173 851 217 ROMAN
891 169 1200 222 HISTORY,
1237 166 1415 210 BOOK
1457 165 1570 206 VIII

222 321 307 362 μοι
335 300 472 348 δοκεῖ
506 297 660 349 πόλις
707 299 734 357 ἡ
778 297 868 356 μὲν
912 294 963 344 ἐν
1001 297 1064 355 τῇ
1107 292 1355 353 θαλάσσῃ
1401 292 1520 341 ναῦς
1564 309 1632 340 τις

224 376 352 423 εἶναι
389 378 593 435 μᾶλλον
621 374 647 433 ἣ
675 377 757 432 γῆ,
785 372 952 420 πολὺν
997 368 1085 418 τὸν
1124 368 1291 415 σάλον
1332 368 1432 414 τῶν
1475 385 1636 425 πραγ-

223 452 396 511 μάτων
446 451 648 515 ἔχουσα
692 448 777 495 καὶ
819 447 909 497 τὰς
947 443 1266 505 μεταβολάς,
1307 442 1336 503 ἡ
1382 440 1430 488 δὲ
1479 441 1528 488 ἐν
1572 441 1637 502 τῷ

222 525 475 588 μεσογείῳ
504 523 839 588 καρποῦσθαι
866 519 922 569 τὸ
951 519 1217 566 ἀκίνδυνον
1244 518 1307 568 ὡς
1335 517 1385 564 ἐν
1411 517 1492 577 γῇ.
1561 512 1636 560 διὰ

226 599 365 649 τοῦτ᾽
392 599 492 664 ἄρα
517 598 604 646 καὶ
632 597 694 645 τὰ
733 597 902 644 πάλαι
942 594 1199 651 βασίλεια
1245 593 1308 643 ὡς
1352 589 1546 638 ἐπίπαν
1583 589 1639 650 ἦν

227 677 279 724 ἐν
327 676 484 735 μέσῳ,
536 673 622 720 καὶ
672 671 776 719 ἀπὸ
827 667 974 718 τοῦδε
1021 667 1245 730 μέγιστα
1295 666 1524 728 ἐγένοντο
1579 664 1638 711 τὰ

227 749 424 811 Μήδων
451 748 537 797 καὶ
562 743 859 807 Ἀσσυρίων
888 743 974 792 καὶ
1000 745 1218 805 Περσῶν
1244 740 1331 788 καὶ
1361 739 1554 803 ἑτέρων.

298 831 371 872 88.
411 823 583 871 Ἀλλὰ
619 823 918 881 βασιλικῶν
953 820 1043 881 μὲν
1084 817 1474 877 ὑποδειγμάτων
1514 815 1642 862 παύ-

228 921 363 963 ομαι,
415 897 557 947 οὐδὲν
610 898 726 959 ὑμῖν
789 894 862 944 ἔτι
913 893 1272 956 διαφερόντων·
1348 891 1395 942 ἐς
1452 889 1505 938 δὲ
1553 889 1642 952 τὴν

230 975 477 1038 ὑμετέραν
502 972 709 1032 Λιβύην
747 968 974 1024 ἀπίδετε,
1013 967 1135 1015 ὅσαι
1171 966 1430 1029 μεσόγειοι
1467 964 1641 1017 πόλεις

229 1049 502 1099 ἀκινδύνως
543 1050 769 1106 βιοῦσιν.
844 1044 911 1093 ὧν
950 1044 1007 1104 ἧς
1049 1043 1111 1090 ἂν
1160 1040 1385 1102 ἐθέλητε,
1425 1040 1642 1104 γείτονες

229 1126 430 1177 ἔσεσθε,
474 1123 554 1172 ἵνα
599 1123 689 1181 τὴν
743 1119 1068 1184 ἐρεθίζουσαν
1121 1119 1247 1180 ὑμᾶς
1291 1118 1418 1181 ὄψιν
1458 1137 1511 1163 τε
1560 1117 1645 1164 καὶ

229 1200 429 1263 μνήμην
457 1200 624 1264 ἀφῆτε
651 1200 751 1245 τῶν
778 1199 865 1244 νῦν
883 1196 1234 1258 ἐνοχλούντων
1247 1194 1432 1244 κακῶν,
1450 1192 1573 1240 ὅταν
1599 1193 1644 1244 ἐς

231 1275 322 1338 τὴν
349 1275 633 1323 θάλασσαν
653 1272 800 1331 κενὴν
818 1272 1034 1333 σκαφῶν
1057 1270 1346 1332 ἀφορῶντες
1365 1267 1642 1329 ἀναμιμνή-

231 1351 432 1410 σκησθε
471 1353 559 1398 τοῦ
598 1371 637 1397 π
641 1347 832 1408 λήθους
873 1347 940 1393 ὧν
977 1346 1144 1409 εἴχετε
1182 1346 1319 1398 νεῶν,
1359 1341 1445 1391 καὶ
1481 1341 1645 1405 λαφύ-

231 1448 333 1489 ρων
372 1425 508 1474 ὅσων
547 1423 767 1486 ἐφέρετε,
803 1420 888 1469 καὶ
927 1420 975 1472 ἐς
1015 1416 1149 1470 οἵους
1189 1439 1246 1481 γε
1286 1416 1401 1469 τοὺς
1438 1416 1644 1480 λιμένας

232 1500 523 1562 κατήγεσθε
573 1498 816 1558 σοβαροί,
861 1497 946 1544 καὶ
998 1496 1063 1542 τὰ
1106 1494 1285 1557 νεώρια
1325 1491 1411 1540 καὶ
1449 1491 1513 1540 τὰ
1551 1495 1648 1540 τῶν

233 1580 431 1625 σκευῶν
481 1577 689 1635 ταμιεῖα
731 1573 1104 1631 ἐνεπίμπλατε.
1176 1566 1228 1617 τί
1265 1567 1317 1616 δὲ
1361 1567 1416 1616 αἱ
1456 1568 1506 1617 ἐν
1545 1572 1646 1618 τοῖς

233 1650 461 1716 τείχεσιν
490 1648 748 1712 ὑποδοχαὶ
777 1646 1147 1711 στρατοπέδων
1173 1663 1228 1691 τε
1253 1644 1341 1691 καὶ
1365 1643 1538 1691 ἵππων
1565 1645 1646 1692 καὶ

235 1726 551 1791 ἐλεφάντων;
593 1721 643 1771 τί
669 1722 719 1771 δὲ
756 1719 1008 1784 θησαυροὶ
1047 1718 1246 1770 τούτοις
1283 1718 1647 1781 παρῳκοδομη-

235 1796 396 1857 μένοι;
439 1795 488 1842 τί
527 1796 696 1841 ταῦτα
739 1793 958 1851 μνημεῖα
999 1789 1115 1850 ὑμῖν
1160 1785 1325 1840 ἐστίν;
1372 1787 1399 1847 ἢ
1429 1788 1481 1833 τί
1515 1785 1647 1835 ἄλλο

236 1863 377 1925 πλὴν
405 1862 570 1922 ὀδύνη,
598 1860 686 1909 καὶ
713 1858 960 1924 ἐρέθισμα
998 1855 1301 1904 ἐπανελθεῖν
1338 1855 1386 1908 ἐς
1422 1855 1572 1908 αὐτά,
1610 1858 1651 1903 εἴ

236 1954 365 1981 ποτε
427 1930 690 1982 δύναισθε;
754 1927 919 1979 πάθος
981 1926 1122 1974 ἐστίν
1184 1923 1500 1987 ἀνθρώπειον
1548 1928 1649 1976 τοῖς

236 1999 565 2063 μεμνημένοις
605 2003 693 2059 τῆς
730 1994 859 2045 ποτὲ
896 1994 1073 2058 τύχης,
1100 1991 1326 2053 ἐλπίζειν
1363 1991 1454 2054 τὴν
1492 1992 1651 2056 τύχην

239 2067 696 2120 ἐπανελεύσεσθαι,
732 2066 1008 2127 φάρμακον
1045 2060 1098 2109 δὲ
1136 2064 1309 2109 κακῶν
1347 2060 1651 2124 ἀκεστήριον

238 2138 391 2200 λήθη,
418 2138 476 2198 ἧς
504 2136 596 2183 οὐκ
622 2136 692 2183 ἔνι
717 2135 1002 2196 μετασχεῖν
1041 2130 1171 2193 ὑμῖν,
1198 2129 1257 2190 ἢν
1293 2128 1362 2191 μὴ
1401 2129 1491 2191 τὴν
1526 2131 1653 2194 ὄψιν

241 2205 529 2265 ἀπόθησθε.
607 2203 688 2251 καὶ
718 2202 901 2249 τούτου
943 2197 1276 2263 σαφέστατος
1315 2197 1547 2262 ἔλεγχος,
1575 2197 1652 2245 ὅτι

240 2274 500 2324 πολλάκις
519 2270 825 2333 συγγνώμης
845 2269 926 2315 καὶ
951 2268 1221 2327 συνθηκῶν
1236 2264 1479 2330 τυχόντες
1496 2287 1649 2330 παρε-

242 2343 593 2403 σπονδήσατε.
634 2339 676 2387 εἰ
700 2337 790 2401 μὲν
817 2337 903 2385 οὖν
923 2336 996 2384 ἔτι
1025 2339 1112 2396 τῆς
1141 2335 1304 2398 ἀρχῆς
1324 2334 1530 2399 ἐφίεσθε
1568 2335 1651 2382 καὶ

244 2408 604 2473 δυσμεναίνετε
626 2409 744 2469 ἡμῖν
766 2407 829 2456 ὡς
847 2404 1162 2469 ἀφῃρημένοι
1191 2407 1272 2449 καὶ
1301 2407 1648 2468 καιροφυλακ-

244 2516 330 2558 550
