1747 2693
114 299 209 328 CAP.

122 339 191 369 XII

298 164 594 204 APPIAN'S
633 163 868 204 ROMAN
910 162 1217 213 HISTORY,
1252 162 1433 205 BOOK
1470 162 1586 202 VIII

234 292 349 340 εῖτε,
381 291 452 337 δεῖ
471 288 631 347 τῆσδε
651 292 741 347 τῆς
761 294 964 340 πόλεως
984 288 1101 348 ὑμῖν
1126 288 1213 336 καὶ
1237 288 1459 349 λιμένων
1484 289 1650 335 τοιῶν-

235 369 289 418 δε
315 370 401 419 καὶ
427 369 647 435 νεωρίων
671 369 755 418 καὶ
786 372 972 434 τειχῶν
999 370 1046 420 ἐς
1075 369 1435 433 στρατοπέδου
1465 367 1652 433 τρόπον

235 451 599 517 εἰργασμένων.
653 451 738 500 καὶ
766 450 817 500 τί
843 451 916 500 ἔτι
942 449 1224 515 φειδόμεθα
1253 450 1452 516 ἐχθρῶν
1476 449 1652 511 εἰλημ-

235 534 418 592 μένων;
459 534 501 583 εἰ
530 534 581 582 δὲ
610 539 698 595 τῆς
724 533 816 595 μὲν
843 533 1007 598 ἀρχῆς
1037 532 1302 593 ἀπέστητε
1328 532 1581 595 καθαρῶς,
1599 532 1655 578 οὐ

234 614 380 679 λόγῳ
406 620 616 680 μᾶλλον
640 615 671 678 ἢ
698 614 889 679 γνώμῃ,
917 614 1047 678 μόνα
1087 612 1126 661 δ᾽
1156 612 1409 676 ἐξῄρησθε
1453 612 1653 672 Λιβύης

236 698 268 745 ἃ
295 698 455 763 ἔχετε,
486 697 571 746 καὶ
599 697 720 745 τάδε
747 696 1163 760 ἀπροφασίστως
1203 694 1484 743 συνέθεσθε
1521 696 1654 757 ἡμῖν,

237 782 430 845 φέρετε,
450 781 540 829 καὶ
565 781 696 844 ἔργῳ
724 783 891 828 ταῦτα
921 777 1229 839 ἐπιδείξατε,
1253 777 1300 829 ἐς
1320 777 1409 837 μὲν
1436 776 1653 836 Λιβύην,

235 863 297 924 ἣν
323 862 484 929 ἔχετε,
513 861 913 922 ἀνοικισάμενοι,
942 864 1032 921 τῆς
1060 859 1112 907 δὲ
1139 859 1417 920 θαλάσσης
1445 858 1657 907 ἐκστάν-

237 966 332 999 τες,
358 946 417 1006 ἧς
444 943 724 1005 ἀπέστητε.

307 1032 382 1075 89.
422 1024 560 1087 Μηδ᾽
580 1025 917 1087 ὑποκρίνεσθε
938 1025 1097 1073 ἐλεεῖν
1125 1023 1232 1088 ἱερὰ
1254 1023 1338 1072 καὶ
1367 1022 1542 1075 ἑστίας
1569 1023 1653 1070 καὶ

237 1108 427 1172 ἀγορὰς
454 1108 543 1157 καὶ
568 1108 780 1171 τάφους·
823 1107 889 1155 ὧν
917 1107 1076 1170 τάφοι
1099 1106 1190 1167 μὲν
1217 1106 1380 1154 ἔστων
1409 1106 1654 1165 ἀκίνητοι,

237 1190 323 1237 καὶ
351 1190 608 1252 ἐναγίζετε
645 1190 821 1241 αὐτοῖς
859 1186 1197 1251 ἐπερχόμενοι
1241 1187 1327 1236 καὶ
1366 1191 1471 1239 τοῖς
1509 1186 1656 1250 ἱεροῖς

239 1271 372 1319 θύειν
400 1271 441 1319 εἰ
470 1270 645 1319 θέλετε
671 1267 916 1323 ἐπιόντες,
946 1269 1009 1317 τὰ
1051 1268 1103 1317 δὲ
1140 1268 1303 1317 λοιπὰ
1342 1271 1671 1330 καθέλωμεν.

238 1354 295 1402 οὐ
322 1352 422 1416 γὰρ
450 1353 534 1401 καὶ
564 1352 784 1417 νεωρίοις
814 1351 974 1406 θύετε,
994 1351 1107 1399 οὐδὲ
1131 1350 1386 1414 ἐναγίζετε
1413 1349 1654 1417 τείχεσιν.

239 1435 414 1485 ἑστίας
443 1435 493 1483 δὲ
520 1435 608 1483 καὶ
637 1434 746 1498 ἱερὰ
773 1434 915 1481 ἄλλα
944 1433 1028 1481 καὶ
1058 1432 1250 1495 ἀγορὰς
1272 1434 1343 1482 ἔνι
1369 1437 1455 1481 καὶ
1480 1439 1656 1494 μετελ-

239 1517 419 1568 θόντας
449 1516 795 1581 ἐργάσασθαι,
825 1514 913 1564 καὶ
939 1514 1076 1580 ταχὺ
1104 1515 1315 1563 κἀκεῖνα
1356 1515 1470 1577 ὑμῖν
1510 1514 1657 1561 ἔσται

237 1600 450 1664 πάτρια,
491 1600 528 1664 ᾧ
577 1599 720 1662 λόγῳ
759 1598 844 1646 καὶ
885 1598 950 1646 τὰ
993 1599 1044 1646 ἐν
1088 1597 1235 1662 Τύρῳ
1276 1595 1657 1647 καταλιπόντες

238 1682 548 1744 ἠλλάξασθε
597 1678 819 1741 Λιβύην,
865 1679 930 1728 τά
981 1700 1034 1728 τε
1086 1678 1342 1740 ἐπίκτητα
1388 1679 1503 1742 ὑμῖν
1543 1677 1657 1725 τότε

237 1763 484 1826 γενόμενα
520 1767 608 1812 νῦν
648 1763 846 1825 πάτρια
893 1762 1115 1809 τίθεσθε.
1188 1761 1387 1823 βραχεῖ
1426 1780 1480 1808 τε
1517 1759 1656 1823 λόγῳ

237 1843 452 1905 μάθοιτε
500 1842 561 1890 ἂν
613 1842 677 1894 ὡς
727 1841 827 1905 οὐχ
889 1840 990 1889 ὑπὸ
1052 1839 1350 1902 δυσμενείας
1402 1836 1523 1885 ἀλλ᾽
1573 1837 1657 1884 ἐπὶ

237 1926 445 1988 βεβαίῳ
507 1944 562 1972 τε
611 1924 821 1989 ὁμονοίᾳ
874 1923 958 1971 καὶ
1010 1921 1285 1987 ἀμεριμνίᾳ
1345 1923 1487 1982 κοινῇ
1539 1919 1657 1966 τάδε

239 2005 664 2070 προστάσσομεν,
695 2004 737 2052 εἰ
763 2001 1175 2064 ἀναμνησθείητε
1212 2002 1292 2050 ὅτι
1330 2002 1416 2050 καὶ
1447 2002 1657 2061 Ἄλβην

240 2087 397 2145 ἡμεῖς,
426 2084 516 2132 οὐκ
555 2083 748 2147 ἐχθρὰν
783 2083 925 2129 ἀλλὰ
968 2082 1290 2144 μητρόπολιν
1328 2081 1505 2134 οὖσαν,
1545 2079 1656 2126 οὐδὲ

240 2162 658 2226 δυσμεναίνοντες
693 2159 815 2208 ἀλλ᾽
843 2161 907 2213 ὡς
945 2157 1154 2207 ἄποικοι
1181 2161 1545 2221 προτιμῶντες,
1574 2157 1657 2205 ἐπὶ

241 2243 559 2305 συμφέροντι
611 2242 758 2303 κοινῷ
803 2235 1165 2301 μετῳκίσαμεν
1216 2237 1262 2288 ἐς
1303 2235 1520 2297 Ῥώμην,
1572 2236 1654 2282 καὶ

240 2320 615 2379 ἐλυσιτέλησεν
642 2317 966 2380 ἀμφοτέροις.
1031 2313 1153 2362 ἀλλ᾽
1182 2314 1281 2362 εἰσὶ
1310 2313 1409 2376 γὰρ
1438 2313 1555 2376 ὑμῖν
1581 2313 1654 2360 ἔτι

240 2398 580 2462 χειρώνακτες
608 2396 804 2443 πολλοὶ
832 2394 1284 2453 θαλασσοβίωτοι.
1359 2393 1446 2439 καὶ
1473 2392 1653 2439 τούτου

241 2501 325 2544 552
