1747 2693
307 140 598 182 APPIAN'S
640 141 874 182 ROMAN
908 135 1232 203 HISTORY,
1258 143 1436 186 BOOK
1473 144 1591 186 VIII

240 268 666 329 πεφροντικαμεν
696 265 760 316 ὡς
799 264 858 313 ἂν
902 265 1126 318 εὐκόλως
1168 267 1557 328 ἐπιμιγνύοισθε
1594 271 1653 329 τῇ

243 339 508 403 θαλάσσῃ,
548 339 635 388 καὶ
676 340 768 401 τὴν
809 341 910 389 τῶν
953 341 1153 404 ὡραίων
1200 342 1431 389 διάθεσίν
1471 362 1526 389 τε
1570 343 1653 390 καὶ

239 413 528 476 ἀντίληψιν
576 414 747 479 ἔχοιτε
787 415 1000 479 εὐμαρῆ·
1053 416 1110 463 οὐ
1149 416 1248 478 γὰρ
1287 417 1489 479 μακρὰν
1531 417 1656 479 ὑμᾶς

238 489 344 537 ἀπὸ
387 489 683 549 θαλάσσης,
725 489 846 536 ἀλλ᾽
893 490 1209 551 ὀγδοήκοντα
1252 490 1493 542 σταδίους
1535 493 1653 540 ἀνα-

240 565 451 628 δραμεῖν
477 563 765 627 κελεύομεν.
807 565 948 627 ἡμεῖς
969 563 1006 611 δ᾽
1031 568 1198 612 ταῦτα
1227 566 1656 629 προστάσσοντες

241 639 355 700 ὑμῖν
385 638 569 687 ἑκατὸν
596 643 684 700 τῆς
713 639 992 700 θαλάσσης
1021 640 1300 704 ἀπέχομεν.
1375 639 1568 706 χωρίον
1606 641 1656 689 δὲ

241 713 356 776 ὑμῖν
398 713 614 776 δίδομεν,
655 715 678 761 ὃ
724 716 918 770 θέλετε,
947 718 1310 775 ἐπιλέξασθαι,
1358 722 1440 764 καὶ
1478 723 1656 778 μετελ-

240 788 422 835 θοῦσιν
448 787 750 850 αὐτονόμοις
789 789 932 837 εἶναι.
1008 793 1160 838 τοῦτο
1200 790 1238 837 δ᾽
1268 790 1410 839 ἐστὶν
1452 790 1476 839 ὃ
1502 812 1654 856 πρου-

239 863 470 925 λέγομεν,
502 863 784 926 αὐτόνομον
810 864 980 912 ἐάσειν
1009 863 1340 927 Καρχηδόνα,
1360 866 1399 914 εἰ
1427 866 1654 916 πείθοιτο

241 941 373 1000 ἡμῖν·
419 939 733 1003 Καρχηδόνα
766 939 866 1004 γὰρ
908 940 1050 1003 ὑμᾶς,
1090 940 1148 988 οὐ
1187 940 1244 989 τὸ
1282 941 1469 1005 ἔδαφος
1508 941 1669 1005 ἡγού-

238 1015 414 1076 μεθα."

896 1185 1017 1226 XIII

313 1324 403 1373 90.
427 1323 672 1367 Τοσαῦτα
692 1319 847 1368 εἰπὼν
867 1317 889 1367 ὁ
911 1321 1239 1381 Κηνσωρῖνος
1261 1323 1545 1386 ἡσύχασεν.
1574 1324 1655 1372 καὶ

242 1397 342 1442 τῶν
370 1394 744 1459 Καρχηδονίων
771 1395 857 1443 ὑπ᾽
884 1396 1180 1458 ἐκπλήξεως
1208 1397 1351 1446 οὐδὲν
1377 1399 1654 1462 ἀποκρινα-

238 1469 400 1533 μένων
427 1471 661 1518 ἐπεῖπεν·
716 1470 796 1517 "ἃ
821 1470 913 1533 μὲν
939 1470 1286 1521 ἔδειπείθοντα
1311 1473 1402 1522 καὶ
1426 1495 1653 1537 παρηγο-

238 1548 427 1610 ροῦντα
479 1545 652 1601 εἰπεῖν,
705 1548 919 1609 εἴρηται·
985 1546 1043 1595 τὸ
1093 1546 1144 1595 δὲ
1194 1546 1512 1610 πρόσταγμα
1570 1554 1658 1610 τῆς

240 1621 440 1680 βουλῆς
467 1620 540 1669 δεῖ
565 1620 808 1681 γενέσθαι
835 1620 921 1670 καὶ
952 1620 1138 1670 αὐτίκα
1175 1621 1432 1685 γενέσθαι.
1505 1622 1656 1673 ἄπιτε

241 1695 343 1743 οὖν·
386 1695 504 1743 ἐστὲ
531 1695 629 1759 γὰρ
657 1696 729 1744 ἔτι
756 1695 1053 1759 πρέσβεις."
1127 1697 1151 1744 ὃ
1176 1698 1267 1757 μὲν
1305 1698 1446 1748 εἶπεν
1482 1700 1654 1755 οὕτως,

241 1771 289 1815 οἱ
338 1771 379 1816 δ᾽
418 1771 753 1834 ἐξωθούμενοι
802 1773 929 1834 πρὸς
979 1774 1080 1821 τῶν
1132 1774 1411 1838 ὑπηρετῶν,
1463 1776 1549 1822 καὶ
1599 1775 1656 1823 τὸ

240 1845 434 1909 μέλλον
483 1847 582 1895 ὑπὸ
634 1848 1008 1910 Καρχηδονίων
1057 1849 1272 1896 ἔσεσθαι
1321 1853 1654 1913 προορῶντες,

240 1921 441 1983 ᾔτησαν
465 1922 610 1975 αὖθις
637 1922 810 1971 εἰπεῖν.
875 1923 960 1971 καὶ
987 1923 1296 1987 ἐσαχθέντες
1323 1924 1527 1988 ἔφασαν
1552 1925 1654 1973 "τὸ

238 1996 330 2058 μὲν
373 1997 733 2058 ἀπαραίτητον
781 2001 872 2046 τοῦ
916 1999 1268 2060 κελεύσματος
1319 2000 1523 2061 ὁρῶμεν·
1599 2001 1656 2047 οὐ

239 2072 338 2133 γὰρ
366 2072 479 2120 οὐδὲ
507 2073 836 2133 πρεσβεῦσαι
874 2072 1040 2122 δίδοτε
1067 2074 1114 2125 ἐς
1147 2072 1364 2136 Ῥώμην.(ἐσμὲν
1437 2075 1579 2136 ἡμεῖς
1616 2073 1653 2121 δ᾽

242 2146 689 2196 ἐπανελεύσεσθαι
738 2146 830 2209 μὲν
878 2147 1006 2209 πρὸς
1059 2148 1186 2210 ὑμᾶς
1230 2148 1320 2196 οὐκ
1366 2148 1652 2210 ἐλπίζομεν,

241 2221 362 2269 ἀλλ᾽
391 2221 492 2270 ὑπὸ
519 2222 892 2285 Καρχηδονίων
929 2223 1003 2270 ἔτι
1040 2224 1277 2276 λέγοντες
1316 2225 1652 2271 ἀπολεῖσθαι·

241 2297 456 2359 δεόμεθα
502 2296 544 2344 δ᾽
588 2297 741 2359 ὑμῶν,
779 2297 878 2360 οὐχ
930 2296 1056 2361 ὑπὲρ
1098 2297 1293 2346 ἑαυτῶν
1333 2294 1528 2366 (ἐσμὲν
1555 2297 1652 2362 γὰρ

239 2373 413 2420 πάντα
474 2372 662 2418 παθεῖν
722 2372 938 2433 ἕτοιμοι)
999 2372 1121 2417 ἀλλ᾽
1172 2372 1302 2434 ὑπὲρ
1362 2372 1520 2434 αὐτῆς
1579 2372 1651 2421 ἔτι

244 2474 327 2517 554

122 280 230 312 CAP.

131 319 197 347 XII

122 1332 233 1364 CAP.

122 1373 204 1400 XIII
