1747 2693
112 281 219 317 CAP.

111 321 194 348 XIII

295 144 589 185 APPIAN'S
630 144 865 185 ROMAN
904 144 1212 198 HISTORY,
1248 146 1426 189 BOOK
1465 147 1580 189 VIII

235 266 584 330 Καρχηδόνος,
609 267 650 316 εἰ
677 267 884 316 δύναιτο
902 273 1313 331 καταπλαγεῖσα
1334 269 1423 321 τὰς
1445 276 1643 333 συμφο-

228 342 321 404 ρὰς
349 343 658 403 ὑποστῆναι.
731 344 1089 405 περιστήσατε
1115 344 1247 405 αὐτῇ
1287 344 1378 398 τὰς
1416 347 1538 397 ναῦς
1557 345 1644 397 ἕως

229 415 484 467 ὁδεύοντες
514 417 718 481 ἄπιμεν,
743 417 822 467 ἵνα
844 417 931 467 καὶ
948 418 1253 483 θεωροῦντες
1272 419 1358 467 καὶ
1380 419 1644 472 ἀκούοντες

231 492 297 541 ὧν
324 493 687 558 προσετάξατε
713 494 1004 557 ἐνέγκωσιν,
1034 494 1095 542 ἂν
1122 494 1222 558 ἄρα
1260 493 1525 545 δύνωνται.
1600 497 1646 547 ἐς

229 571 379 614 τοῦτο
432 567 473 615 δ᾽
524 570 643 630 ἡμῖν
693 569 921 631 ἀνάγκης
970 569 1186 633 ἀφῖκται
1237 569 1325 618 καὶ
1375 570 1535 635 τύχης
1585 573 1647 622 ὡς

229 643 377 691 αὐτοὶ
402 647 733 707 παρακαλεῖν
760 644 886 707 ὑμᾶς
912 643 1003 696 τὰς
1030 647 1149 696 ναῦς
1187 644 1397 707 ἐπάγειν
1435 645 1521 694 ἐπὶ
1558 644 1647 707 τὴν

229 717 505 782 πατρίδα."
579 717 628 766 οἱ
649 717 741 781 μὲν
768 718 828 780 δὴ
855 723 1089 767 τοσαῦτα
1117 719 1347 772 εἰπόντες
1392 719 1645 780 ἀπῄεσαν,

228 793 316 839 καὶ
346 793 369 838 ὁ
402 795 732 854 Κηνσωρῖνος
750 794 1058 856 πεντήρεσιν
1079 795 1243 843 εἴκοσι
1262 794 1647 860 παραπλεύσας

229 867 516 933 ἀνεκώχευε
544 867 686 933 παρὰ
717 867 809 931 τὴν
834 868 1006 917 πόλιν·
1048 871 1149 918 τῶν
1193 869 1246 918 δὲ
1287 870 1420 933 πρέσ-
1426 872 1563 931 βεων
1601 871 1649 918 οἱ

227 942 317 1005 μὲν
369 945 424 990 ἐκ
474 948 563 1005 τῆς
615 943 732 992 ὁδοῦ
796 942 1166 1009 διεδίδρασκον,
1217 945 1265 994 οἱ
1325 945 1377 995 δὲ
1436 945 1646 998 πλέονες

229 1018 534 1080 ἐπορεύοντο
563 1022 700 1080 σιγῇ.

299 1098 373 1140 91.
416 1094 766 1159 Καρχηδόνιοι
806 1093 846 1141 δ᾽
885 1094 930 1142 οἱ
967 1095 1058 1157 μὲν
1098 1095 1200 1142 ἀπὸ
1242 1098 1342 1145 τῶν
1379 1099 1564 1161 τειχῶν
1601 1098 1647 1149 ἐς

228 1168 345 1218 τοὺς
406 1168 673 1233 πρέσβεις,
738 1165 892 1215 ὁπότε
958 1170 1190 1232 ἥξουσιν,
1258 1171 1504 1235 ἀφεώρων
1564 1172 1648 1220 καὶ

226 1243 578 1304 βραδύνουσιν
638 1244 814 1296 αὐτοῖς
885 1244 1128 1303 ἤχθοντο,
1190 1245 1277 1293 καὶ
1340 1245 1430 1297 τὰς
1489 1244 1646 1304 κόμας

229 1317 515 1365 ἐτίλλοντο·
579 1317 626 1365 οἱ
680 1317 719 1364 δ᾽
767 1317 1005 1380 ὑπήντων
1055 1317 1128 1367 ἔτι
1178 1324 1506 1380 προσιοῦσιν,
1557 1322 1646 1369 οὐκ

228 1392 561 1455 ἀναμένοντες
603 1394 723 1441 ἀλλ᾽
770 1394 1091 1457 ἐπειγόμενοι
1130 1395 1332 1457 μαθεῖν.
1415 1396 1645 1460 σκυθρω-

228 1467 353 1519 ποὺς
376 1467 430 1517 δὲ
450 1467 662 1533 ὁρῶντες
690 1469 973 1518 ἐτύπτοντο
1002 1470 1065 1518 τὰ
1092 1470 1323 1530 μέτωπα,
1346 1470 1432 1519 καὶ
1470 1470 1645 1535 διηρώ-

227 1565 343 1600 των,
372 1543 417 1593 οἱ
441 1544 532 1608 μὲν
559 1543 685 1607 ὁμοῦ
711 1545 912 1598 πάντας
940 1544 988 1592 οἱ
1013 1544 1051 1592 δ᾽
1081 1546 1318 1602 ἕκαστον,
1347 1547 1410 1599 ὡς
1437 1546 1548 1611 εἶχέ
1573 1569 1646 1601 τις

227 1618 406 1685 φιλίας
445 1619 476 1681 ἢ
517 1618 755 1683 γνώσεως
800 1620 848 1672 ἐς
891 1618 1063 1675 αὐτόν,
1093 1620 1423 1685 ἐπιστρέφων
1465 1642 1518 1670 τε
1561 1623 1643 1670 καὶ

224 1691 620 1757 πυνθανόμενος.
672 1695 737 1748 ὡς
763 1693 815 1742 δὲ
841 1694 1002 1748 οὐδεὶς
1029 1693 1348 1759 ἀπεκρίνετο,
1375 1695 1645 1760 ἀνῴμωζον

227 1772 290 1821 ὡς
339 1768 417 1819 ἐπ᾽
468 1769 664 1836 ὀλέθρῳ
715 1774 891 1834 σαφεῖ.
967 1770 1052 1818 καὶ
1098 1770 1145 1818 οἱ
1187 1769 1273 1819 ἐπὶ
1312 1774 1403 1818 τοῦ
1444 1770 1644 1837 τείχους

225 1839 495 1888 ἀκούοντες
536 1839 912 1903 συνανῴμωζον
961 1839 1151 1894 αὐτοῖς,
1192 1839 1282 1887 οὐκ
1322 1838 1508 1892 εἰδότες
1555 1840 1643 1903 μὲν

226 1907 385 1959 οὐδέν,
420 1908 484 1960 ὡς
523 1907 561 1955 δ᾽
591 1907 672 1956 ἐπὶ
710 1910 877 1973 σαφεῖ
916 1908 1002 1956 καὶ
1046 1908 1259 1972 μεγάλῳ
1295 1911 1454 1972 κακῷ.
1529 1909 1643 1973 περὶ

225 1975 279 2024 δὲ
305 1975 395 2027 τὰς
420 1975 592 2026 πύλας
619 1975 800 2037 ὀλίγου
836 1975 928 2037 μὲν
965 1975 1151 2028 αὐτοὺς
1176 1976 1264 2024 καὶ
1303 1976 1641 2034 συνεπάτουν,

225 2044 590 2095 ἐπιπίπτοντες
618 2043 808 2107 ἀθρόοι,
839 2043 1018 2106 ὀλίγου
1047 2044 1095 2093 δὲ
1136 2045 1220 2093 καὶ
1260 2045 1572 2101 διέσπασαν,
1603 2046 1641 2093 εἰ

222 2112 292 2174 μὴ
321 2112 533 2160 τοσόνδε
559 2112 778 2176 ἔφασαν,
799 2113 875 2161 ὅτι
902 2113 1003 2177 χρὴ
1032 2116 1094 2177 τῇ
1120 2115 1369 2179 γερουσίᾳ
1395 2113 1642 2178 πρότερον

225 2183 471 2245 ἐντυχεῖν.
546 2181 661 2230 τότε
686 2181 788 2244 γὰρ
815 2181 863 2229 οἱ
886 2181 978 2241 μὲν
1006 2181 1271 2229 διίσταντο
1297 2183 1487 2237 αὐτοῖς,
1516 2183 1564 2230 οἱ
1590 2182 1640 2230 δὲ

223 2249 308 2297 καὶ
336 2249 617 2297 ὡδοποίουν
655 2250 902 2315 ἐπιθυμίᾳ
938 2253 1031 2298 τοῦ
1069 2250 1272 2298 θᾶσσον
1305 2250 1501 2308 μαθεῖν.
1577 2253 1641 2305 ὡς

223 2317 274 2364 δὲ
319 2319 366 2368 ἐς
406 2317 464 2366 τὸ
507 2317 885 2380 βουλευτήριον
926 2318 1165 2380 ἐσῆλθον,
1193 2319 1222 2379 ἡ
1262 2318 1353 2379 μὲν
1395 2318 1639 2382 γερουσία

223 2386 339 2438 τοὺς
376 2385 572 2438 ἄλλους
609 2386 987 2447 μετεστήσατο,
1027 2387 1112 2433 καὶ
1150 2385 1295 2446 μόνοι
1331 2386 1639 2446 συνήδρευον

223 2477 309 2531 556
