1747 2693
75 296 182 328 CAP.

88 335 170 362 XIII

263 158 555 199 APPIAN'S
594 157 831 199 ROMAN
866 155 1182 210 HISTORY,
1212 155 1391 197 BOOK
1428 153 1545 195 VIII

198 283 274 348 ἐφ᾽
328 283 534 337 ἑαυτῶν,
588 279 646 330 τὸ
691 280 741 329 δὲ
785 280 988 341 πλῆθος
1029 279 1122 340 ἔξω
1164 278 1608 339 περιειστήκεσαν.

198 359 244 406 οἱ
271 359 321 406 δὲ
338 358 588 421 πρέσβεις
607 357 947 419 ἀπήγγελλον
964 358 1146 419 πρῶτα
1168 353 1257 416 μὲν
1279 353 1334 402 τὸ
1354 355 1613 415 κέλευσμα

197 439 299 482 τῶν
325 435 549 481 ὑπάτων·
589 433 677 481 καὶ
703 432 849 484 εὐθὺς
876 432 937 490 ἦν
967 431 1070 490 βοὴ
1098 433 1187 490 τῆς
1214 427 1502 493 γερουσίας,
1530 428 1613 474 καὶ

199 509 222 557 ὁ
251 509 403 570 δῆμος
431 508 524 570 ἔξω
554 507 799 567 συνεβόα.
875 507 938 557 ὡς
978 505 1030 554 δὲ
1069 505 1262 565 ἐπῆγον
1289 503 1334 551 οἱ
1370 502 1614 564 πρέσβεις

197 587 300 633 ὅσα
327 584 606 644 ἀντέλεξαν
645 577 1121 642 δικαιολογούμενοι
1158 578 1244 626 καὶ
1285 576 1506 641 δεόμενοι
1533 577 1615 624 καὶ

198 662 246 711 ἐς
284 660 484 721 Ῥώμην
528 658 863 720 πρεσβεῦσαι
906 653 1326 716 παραιτούμενοι,
1371 653 1516 705 αὖθις
1559 653 1618 711 ἦν

200 741 287 797 τῆς
323 735 524 793 βουλῆς
565 733 689 793 σιγὴ
728 732 934 788 βαθεῖα,
976 730 1033 779 τὸ
1074 728 1221 783 τέλος
1257 728 1441 792 μαθεῖν
1479 748 1616 792 περι-

197 809 465 871 μενούσης,
512 808 598 857 καὶ
641 808 663 856 ὁ
711 807 865 870 δῆμος
909 806 1040 870 αὐτῇ
1081 804 1400 852 συνεσιώπα.
1476 803 1540 854 ὡς
1579 801 1616 847 δ᾽

200 886 390 949 ἔμαθον
416 884 496 933 ὅτι
521 883 647 945 μηδὲ
674 882 986 945 πρεσβεύειν
1014 880 1326 941 ἐπέτρεψαν,
1345 878 1619 939 ἠλάλαξαν

200 962 429 1024 ἐξαίσιον
479 957 785 1023 ὀδυρόμενοι,
837 957 925 1007 καὶ
976 954 999 1005 ὁ
1052 955 1205 1020 δῆμος
1256 954 1531 1019 ἐσέδραμεν
1575 954 1618 1002 ἐς

201 1036 398 1088 αὐτούς.

272 1118 347 1160 92.
391 1112 493 1160 Καὶ
533 1111 636 1159 ἀπὸ
679 1110 826 1158 τοῦδε
870 1109 930 1168 ἦν
972 1107 1176 1170 οἶστρος
1218 1105 1408 1168 ἄλογός
1441 1126 1494 1152 τε
1536 1105 1620 1153 καὶ

200 1187 470 1250 μανιώδης,
500 1187 606 1235 οἷον
634 1187 684 1234 ἐν
710 1189 814 1238 τοῖς
852 1183 1124 1248 βακχείοις
1149 1180 1344 1230 πάθεσί
1373 1185 1505 1245 φασι
1532 1180 1621 1231 τὰς

201 1262 450 1327 μαινάδας
519 1261 788 1310 ἀλλόκοτα
848 1261 1181 1323 καινουργεῖν.
1268 1257 1315 1305 οἱ
1373 1256 1463 1320 μὲν
1524 1258 1620 1303 τῶν

201 1341 504 1399 βουλευτῶν
531 1339 649 1390 τοὺς
679 1337 797 1399 περὶ
836 1338 935 1384 τῶν
973 1333 1175 1396 ὁμήρων
1203 1330 1618 1393 ἐσηγησαμένους

204 1417 268 1469 ὡς
319 1415 570 1478 ἐξάρχους
608 1418 698 1476 τῆς
735 1411 933 1475 ἐνέδρας
972 1408 1210 1473 ᾐκίζοντο
1251 1408 1334 1456 καὶ
1379 1406 1620 1462 διέσπων,

204 1491 252 1539 οἱ
277 1491 330 1539 δὲ
356 1490 472 1541 τοὺς
498 1488 1004 1551 συμβουλεύσαντας
1030 1486 1147 1549 περὶ
1184 1486 1282 1532 τῶν
1310 1484 1504 1530 ὅπλων.
1577 1482 1619 1530 οἱ

205 1566 256 1614 δὲ
281 1566 399 1617 τοὺς
436 1565 686 1629 πρέσβεις
726 1561 1005 1610 κατέλευον
1043 1562 1107 1611 ὡς
1145 1561 1315 1607 κακῶν
1354 1557 1619 1620 ἀγγέλους,

205 1642 251 1690 οἱ
292 1642 343 1691 δὲ
386 1641 472 1689 καὶ
517 1638 822 1703 περιέσυρον
861 1637 957 1685 ἀνὰ
996 1636 1088 1697 τὴν
1127 1636 1299 1683 πόλιν.
1375 1634 1534 1698 ἕτεροι
1573 1632 1619 1680 δὲ

206 1709 324 1761 τοὺς
361 1707 612 1762 Ἰταλούς,
641 1707 690 1755 οἳ
716 1707 791 1755 ἔτι
832 1705 954 1767 παρ᾽
982 1706 1157 1756 αὐτοῖς
1195 1704 1259 1755 ὡς
1298 1703 1348 1751 ἐν
1385 1700 1620 1767 αἰφνιδίῳ

206 1779 294 1828 καὶ
322 1776 595 1840 ἀκηρύκτῳ
634 1779 775 1839 κακῷ
812 1774 964 1834 ἦσαν,
993 1773 1327 1835 ἐλυμαίνοντο
1354 1769 1620 1825 ποικίλως,

206 1848 534 1909 ἐπιλέγοντες
564 1844 763 1909 ὁμήρων
800 1841 918 1908 πέρι
955 1841 1040 1890 καὶ
1079 1841 1259 1889 ὅπλων
1296 1838 1382 1887 καὶ
1421 1839 1618 1898 ἀπάτης

207 1917 508 1980 ἀμύνεσθαι.
560 1915 782 1976 οἰμωγῆς
809 1932 864 1960 τε
891 1912 996 1973 ἅμα
1036 1910 1132 1958 παὶ
1171 1910 1323 1972 ὀργῆς
1362 1907 1448 1956 καὶ
1486 1906 1618 1958 δέους

208 1986 292 2035 καὶ
343 1986 564 2043 ἀπειλῆς
604 1984 632 2041 ἡ
679 1978 832 2034 πόλις
883 1978 1258 2034 ἐνεπέπληστο,
1296 1976 1382 2024 καὶ
1421 1977 1472 2025 ἐν
1513 1979 1620 2027 ταῖς

209 2053 341 2103 ὁδοῖς
383 2051 666 2101 ἀνεκάλουν
706 2050 770 2098 τὰ
811 2049 1059 2113 φίλτατα,
1088 2047 1173 2095 καὶ
1216 2046 1262 2098 ἐς
1298 2046 1363 2093 τὰ
1410 2043 1517 2109 ἱερὰ
1561 2045 1617 2096 ὡς

208 2123 388 2171 ἄσυλα
435 2121 768 2184 κατέφευγον,
812 2118 898 2167 καὶ
938 2117 1054 2168 τοὺς
1095 2115 1238 2166 θεοὺς
1279 2112 1528 2173 ὠνείδιζον
1563 2113 1618 2164 ὡς

209 2190 321 2239 οὐδὲ
397 2188 583 2254 σφίσιν
644 2188 818 2239 αὐτοῖς
891 2186 1232 2246 ἐπικουρῆσαι
1305 2181 1620 2244 δυναμένους.

209 2261 371 2323 ἕτεροι
432 2257 484 2306 δὲ
546 2257 593 2310 ἐς
660 2255 751 2308 τὰς
814 2253 1113 2314 ὁπλοθήκας
1182 2250 1339 2302 ἰόντες
1401 2250 1618 2304 ἔκλαιον,

210 2327 420 2391 ὁρῶντες
471 2324 633 2378 κενάς·
694 2324 739 2371 οἱ
781 2323 818 2372 δ᾽
860 2324 909 2376 ἐς
951 2322 1015 2370 τὰ
1060 2321 1241 2385 νεώρια
1290 2318 1617 2369 καταθέοντες

210 2396 460 2460 ὠδύροντο
488 2393 577 2446 τὰς
604 2396 722 2444 ναῦς
761 2393 824 2443 ὡς
862 2389 1106 2440 ἀπίστοις
1145 2388 1393 2452 ἀνδράσιν
1429 2385 1618 2433 ἐκδεδο-

214 2488 298 2542 558
