1747 2693
80 288 187 319 CAP.

90 327 173 354 XIII

267 151 560 191 APPIAN'S
600 151 834 192 ROMAN
875 150 1183 203 HISTORY,
1217 150 1396 191 BOOK
1436 148 1549 191 VIII

200 274 369 335 μένας.
460 274 546 321 καὶ
598 274 661 322 τὰ
720 273 946 335 ὀνόματά
995 293 1123 324 τινες
1174 274 1272 319 τῶν
1321 271 1614 335 ἐλεφάντων

201 344 486 390 ἀνεκάλουν
531 343 595 392 ὡς
639 341 713 391 ἔτι
755 341 1040 406 παρόντων,
1084 339 1198 391 τούς
1243 361 1296 388 τε
1336 338 1615 403 προγόνους

201 411 290 459 καὶ
329 414 467 474 σφᾶς
509 410 695 463 αὐτοὺς
735 408 1042 474 ἐλοιδόρουν,
1071 410 1135 461 ὡς
1176 408 1286 456 δέον
1330 409 1458 470 μήτε
1499 411 1617 460 ναῦς

200 480 328 541 μήτε
355 478 643 541 ἐλέφαντας
669 479 797 541 μήτε
825 478 1010 540 φόρους
1037 478 1165 539 μήτε
1192 478 1256 526 τὰ
1283 477 1425 525 ὅπλα
1448 497 1615 540 παρα-

202 547 381 599 δόντας
441 548 721 597 ἀποθανεῖν
783 548 877 596 σὺν
925 551 987 610 τῇ
1036 545 1247 609 πατρίδι
1297 544 1617 608 ὡπλισμένῃ.

202 618 439 674 μάλιστα
478 618 518 664 δ᾽
545 617 732 669 αὐτοὺς
769 617 816 669 ἐς
856 616 1009 679 ὀργὴν
1049 615 1285 663 ἀνέκαιον
1321 614 1376 662 αἱ
1411 613 1616 676 μητέρες

200 685 256 734 αἱ
306 688 406 734 τῶν
455 683 670 748 ὁμήρων,
721 683 805 732 οἷά
848 705 976 735 τινες
1015 684 1070 732 ἐκ
1108 681 1394 746 τραγῳδίας
1435 681 1616 744 ἐρινύες

201 754 613 818 ἐντυγχάνουσαι
663 753 770 816 μετ᾽
821 753 1077 815 ὀλολυγῆς
1129 752 1348 816 ἑκάστῳ,
1392 751 1478 798 καὶ
1529 749 1616 813 τὴν

201 822 406 870 ἔκδοσιν
434 826 534 870 τῶν
560 822 758 871 παίδων
797 821 1155 885 προφέρουσαι
1192 820 1280 868 καὶ
1308 819 1398 879 τὴν
1427 819 1619 867 ἑαυτῶν

202 891 507 955 ἀπόρρησιν·
549 891 808 952 ἐπεγέλων
847 911 900 939 τε
942 891 1117 941 αὐτοῖς
1163 890 1226 941 ὡς
1265 890 1393 937 θεῶν
1434 889 1616 948 ἀμυνο-

200 959 362 1022 μένων
400 959 585 1011 αὐτοὺς
623 959 738 1008 ἀντὶ
776 961 874 1008 τῶν
913 957 1127 1006 παίδων.
1202 956 1378 1019 ὀλίγον
1418 956 1455 1003 δ᾽
1496 956 1617 1004 ὅσον

203 1026 501 1092 ἐσωφρόνει,
547 1027 639 1080 τὰς
688 1027 861 1081 πύλας
907 1026 1165 1080 ἀπέκλειε,
1206 1025 1290 1074 καὶ
1341 1024 1398 1074 τὸ
1449 1028 1617 1090 τεῖχος

201 1096 362 1145 λίθων
389 1096 503 1145 ἀντὶ
528 1099 874 1144 καταπελτῶν
908 1096 1181 1158 ἐπλήρουν.

275 1171 350 1212 93.
386 1167 453 1213 Ἡ
482 1167 536 1212 δὲ
560 1166 732 1224 βουλὴ
760 1168 1003 1226 πολεμεῖν
1029 1164 1118 1227 μὲν
1137 1164 1447 1227 ἐψηφισατο
1466 1165 1619 1225 αὐτῆς

202 1233 407 1294 ἡμέρας,
459 1234 544 1282 καὶ
594 1233 709 1286 τοὺς
761 1233 972 1286 δούλους
1030 1233 1270 1294 ἐκήρυξεν
1326 1231 1618 1295 ἐλευθέρους

203 1303 346 1355 εἶναι,
370 1301 694 1367 στρατηγοὺς
722 1301 770 1349 δὲ
799 1300 999 1350 εἵλοντο
1027 1304 1127 1349 τῶν
1151 1301 1242 1363 μὲν
1268 1301 1362 1361 ἔξω
1386 1301 1619 1362 πράξεων

202 1370 551 1435 Ἀσδρούβαν,
589 1371 626 1434 ᾧ
668 1370 887 1424 θάνατος
932 1370 1273 1434 ἐπικήρυκτος
1313 1368 1389 1429 ἦν,
1430 1368 1617 1434 ἔχοντα

205 1438 483 1502 δισμυρίων
511 1439 604 1501 ἤδη
633 1438 848 1488 σύνοδον
886 1439 1094 1502 ἀνδρῶν·
1136 1436 1224 1485 καί
1253 1458 1328 1489 τις
1360 1436 1621 1502 ἐξέτρεχεν

204 1509 365 1571 αὐτοῦ
407 1507 708 1570 δεησόμενος
756 1507 827 1569 μὴ
869 1511 1263 1568 μνησικακῆσαι
1308 1510 1369 1570 τῇ
1409 1506 1618 1570 πατρίδι

196 1573 264 1632 ἐν
262 1578 487 1642 ἐσ χάτῳ
514 1577 761 1632 κινδύνου,
788 1576 930 1639 μηδέ,
961 1576 1028 1624 ὧν
1058 1574 1138 1623 ὑπ᾽
1161 1575 1387 1635 ἀνάγκης
1407 1574 1620 1633 ἠδικήθη

203 1645 470 1708 Ῥωμαίων
520 1645 632 1701 δέει,
674 1649 760 1694 νῦν
801 1644 1089 1708 ἀναφέρειν.
1164 1642 1302 1696 ἐντὸς
1344 1643 1396 1691 δὲ
1437 1645 1621 1708 τειχῶν

204 1714 360 1777 ᾑρέθη
389 1714 681 1778 στρατηγὸς
718 1715 885 1777 ἕτερος
910 1712 1257 1776 Ἀσδρούβας,
1285 1711 1622 1775 θυγατριδοῦς

206 1784 637 1831 Μασσανάσσου.
701 1784 946 1846 ἔπεμψαν
974 1781 1023 1829 δὲ
1050 1781 1137 1829 καὶ
1163 1782 1211 1832 ἐς
1239 1780 1355 1834 τοὺς
1377 1780 1619 1835 ὑπάτους,

205 1852 466 1902 αἰτοῦντες
517 1852 662 1905 αὖθις
710 1853 907 1912 ἡμερῶν
957 1851 1234 1912 τριάκοντα
1285 1850 1495 1913 ἀνοχάς,
1543 1849 1621 1896 ἵνα

205 1920 592 1984 πρεσβεύσειαν
648 1921 696 1972 ἐς
742 1919 959 1982 Ῥώμην.
1034 1917 1387 1983 ἀποτυχόντες
1437 1918 1488 1965 δὲ
1537 1918 1621 1964 καὶ

208 1988 339 2041 τότε,
372 1989 459 2038 ἐπὶ
484 1989 790 2050 θαυμαστῆς
829 1988 1090 2049 ἐγίγνοντο
1128 1987 1428 2047 μεταβολῆς
1457 2006 1512 2034 τε
1536 1987 1621 2033 καὶ

208 2058 400 2120 τόλμης
437 2058 607 2106 ὁτιοῦν
643 2058 829 2106 παθεῖν
864 2060 1068 2117 μᾶλλον
1105 2056 1135 2115 ἢ
1175 2053 1266 2116 τὴν
1295 2053 1452 2101 πόλιν
1485 2055 1618 2101 ἐκλι-

207 2130 339 2175 πεῖν.
413 2128 553 2190 ταχὺ
603 2128 653 2175 δὲ
703 2126 789 2174 καὶ
833 2125 1059 2188 θάρσους
1098 2125 1153 2171 ἐκ
1197 2129 1287 2186 τῆς
1323 2125 1621 2185 μεταβολῆς

208 2196 555 2257 ἐπίμπλαντο.
629 2194 715 2244 καὶ
765 2194 1093 2255 δημιουργεῖα
1146 2192 1235 2255 μὲν
1286 2191 1350 2239 τὰ
1400 2190 1622 2254 δημόσια

208 2264 387 2325 τεμένη
414 2264 500 2311 καὶ
528 2263 635 2326 ἱερὰ
661 2263 851 2318 πάντα,
880 2262 965 2310 καὶ
1002 2262 1048 2310 εἴ
1083 2281 1132 2309 τι
1170 2261 1305 2308 ἄλλο
1333 2260 1620 2325 εὐρύχωρον

206 2332 284 2393 ἦν,
335 2332 547 2394 ἐγένετο·
607 2331 899 2393 εἰργάζοντο
944 2329 998 2378 δὲ
1041 2328 1167 2389 ὁμοῦ
1217 2328 1390 2389 ἄνδρες
1441 2349 1494 2376 τε
1536 2329 1617 2376 καὶ

205 2405 440 2462 γυναῖκες
478 2399 667 2462 ἡμέρας
707 2421 760 2447 τε
799 2398 885 2446 καὶ
923 2396 1116 2452 νυκτός,
1144 2396 1212 2458 μὴ
1241 2396 1616 2458 ἀναπαυόμενοι

209 2493 296 2545 560
