1747 2693
82 272 187 307 CAP.

90 312 175 338 XIII

265 135 558 176 APPIAN'S
599 135 834 176 ROMAN
875 135 1183 188 HISTORY,
1220 135 1398 176 BOOK
1437 135 1552 176 VIII

201 256 287 305 καὶ
314 260 463 305 σῖτον
487 256 777 319 αἱρούμενοι
803 257 946 319 παρὰ
973 257 1140 318 μέρος,
1169 257 1255 306 ἐπὶ
1292 258 1394 320 ὅρῳ
1432 258 1618 320 τακτῷ,

202 331 410 397 θυρεοὺς
440 330 622 380 ἑκατὸν
648 330 837 397 ἡμέρας
856 331 1078 393 ἑκάστης
1097 331 1183 381 καὶ
1201 330 1322 397 ξίφη
1346 333 1619 397 τριακόσια

202 407 290 455 καὶ
352 405 714 455 καταπελτικὰ
774 406 910 466 βέλη
971 406 1141 472 χίλια,
1195 405 1382 456 σαυνία
1437 406 1489 457 δὲ
1538 405 1620 453 καὶ

200 481 404 547 λόγχας
478 481 844 536 πενκακοσίας,
907 482 994 530 καὶ
1068 482 1406 534 καταπέλτας
1468 482 1618 533 ὅσους

202 557 476 618 δυνηθεῖεν.
551 557 598 611 ἐς
626 556 678 607 δὲ
716 556 808 610 τὰς
847 558 1113 610 ἐπιτάσεις
1152 559 1318 606 αὐτῶν
1346 556 1622 619 ἀπέκειραν

204 632 295 685 τὰς
320 634 585 691 γυναῖκας,
612 634 806 698 τριχῶν
831 630 1012 697 ἑτέρων
1039 630 1246 698 ἀπορία.

276 712 378 760 94.
394 707 497 762 Καὶ
540 706 587 752 οἱ
625 706 715 768 μὲν
757 707 808 755 ἐν
851 706 1016 772 τούτῳ
1062 707 1292 769 σπουδῆς
1332 706 1417 755 καὶ
1455 728 1619 771 παρα-

204 786 389 844 σκευῆς
415 781 567 842 ἦσαν,
596 781 642 830 οἱ
680 781 721 829 δ᾽
751 782 939 831 ὕπατοι
979 782 1120 848 τάχα
1157 781 1247 845 μέν
1285 803 1335 831 τι
1361 781 1449 830 καὶ
1475 782 1620 846 ὄκνῳ,

203 860 272 920 μὴ
316 856 462 908 εὐθὺς
501 857 781 921 ἐπιχειρεῖν
821 857 870 909 ἐς
912 856 1060 920 ἔργον
1098 857 1406 912 ἀλλόκοτον,
1434 857 1541 919 ἅμα
1573 857 1642 904 δὲ

204 934 291 978 καὶ
339 932 431 993 τὴν
480 929 637 979 πόλιν
687 930 915 980 ἄνοπλον
965 932 1130 980 οὖσαν
1171 931 1446 996 λήψεσθαι
1491 930 1622 978 κατὰ

204 1006 409 1069 κράτος,
437 1006 521 1054 ὅτε
559 1006 774 1063 θέλοιεν,
802 1006 1086 1068 ἡγούμενοι,
1115 1007 1385 1069 διέμελλον
1424 1007 1498 1054 ἔτι
1535 1007 1623 1054 καὶ

203 1080 442 1127 ἐνδώσειν
481 1080 666 1130 αὐτοὺς
693 1080 920 1143 ἐνόμιζον
955 1082 1009 1130 ἐκ
1053 1086 1143 1143 τῆς
1181 1081 1415 1144 ἀπορίας,
1444 1081 1549 1131 οἷον
1576 1083 1623 1130 ἐν

205 1159 311 1206 τοῖς
352 1156 633 1220 δυσχερέσι
668 1156 938 1220 γίγνεσθαι
976 1161 1133 1220 φιλεῖ,
1163 1156 1309 1209 εὐθὺς
1351 1156 1442 1220 μὲν
1486 1158 1621 1203 ἀντι-

204 1231 392 1293 λέγειν,
420 1230 688 1293 προϊόντος
728 1231 780 1280 δὲ
817 1230 1007 1293 χρόνου
1044 1231 1133 1281 καὶ
1169 1235 1429 1293 λογισμοῦ
1457 1230 1623 1291 φόβον

205 1306 468 1353 ἅπτεσθαι
505 1308 605 1353 τῶν
639 1307 1005 1355 ἀπειθούντων.
1080 1308 1110 1354 ἃ
1146 1308 1232 1354 καὶ
1270 1309 1370 1354 τῶν
1411 1308 1619 1371 Καρχη-

208 1380 383 1428 δονίων
438 1403 512 1431 τις
568 1382 752 1433 αὐτῶν,
802 1381 1014 1435 εἰκάσας
1066 1385 1215 1446 σφῶν
1263 1381 1357 1443 ἤδη
1408 1380 1467 1431 τὸ
1518 1380 1621 1435 δέος

207 1456 486 1508 ἅπτεσθαι,
505 1456 794 1518 ἐτόλμησεν
820 1457 884 1510 ὡς
910 1456 994 1505 ἐπὶ
1021 1456 1081 1519 δή
1108 1477 1156 1505 τι
1184 1456 1318 1504 ἄλλο
1348 1456 1624 1519 παρελθὼν

206 1532 254 1582 ἐς
283 1530 339 1581 τὸ
365 1530 523 1593 μέσον
548 1531 725 1588 εἰπεῖν,
744 1531 823 1581 ὅτι
842 1530 946 1595 χρὴ
974 1535 1074 1580 τῶν
1096 1535 1266 1580 κακῶν
1286 1531 1624 1595 ἐπιλέγεσθαι

208 1606 271 1653 τὰ
319 1606 649 1672 μετριώτερα,
711 1607 861 1660 ὄντας
922 1606 1198 1660 ἀνόπλους,
1249 1609 1381 1655 οὕτω
1444 1609 1625 1659 σαφῶς

210 1675 364 1722 εἰπὼν
392 1675 457 1723 τὰ
484 1679 572 1735 τῆς
599 1674 817 1737 γνώμης.
893 1676 1304 1736 Μασσανάσσης
1344 1677 1396 1724 δὲ
1432 1677 1622 1740 ἤχθετο

208 1744 492 1807 Ῥωμαίοις,
513 1744 600 1792 καὶ
627 1744 774 1807 ἔφερε
798 1743 1001 1807 βαρέως
1029 1744 1107 1792 ὅτι
1134 1743 1225 1806 τὴν
1256 1742 1625 1807 Καρχηδονίων

210 1812 418 1876 δύναμιν
458 1813 609 1865 αὐτὸς
649 1813 697 1866 ἐς
739 1814 862 1875 γόνυ
911 1814 1097 1872 βαλὼν
1146 1815 1341 1866 ἄλλους
1386 1816 1516 1876 ἑώρα
1556 1816 1623 1877 τῷ

209 1882 563 1944 ἐπιγράμματι
590 1882 747 1943 αὐτῆς
774 1882 1141 1944 ἐπιτρέχοντάς
1171 1902 1226 1929 τε
1251 1880 1338 1928 καὶ
1366 1882 1424 1928 οὐ
1450 1880 1622 1926 κοινώ-

210 1971 404 2000 σαντας
455 1950 592 2013 αὐτῷ
644 1949 764 2013 πρὶν
816 1950 1064 2005 ἐπελθεῖν,
1109 1951 1171 2001 ὡς
1221 1950 1271 1998 ἐν
1312 1953 1418 2001 τοῖς
1455 1950 1623 1997 πάλαι

208 2017 455 2079 πολέμοις
503 2017 724 2066 ἐποίουν.
798 2018 929 2080 ὅμως
971 2018 1009 2065 δ᾽
1055 2019 1215 2067 αὐτοῦ
1264 2021 1362 2066 τῶν
1414 2018 1624 2065 ὑπάτων

209 2086 640 2148 ἀποπειρωμένων
689 2086 774 2135 καὶ
823 2086 1119 2135 καλούντων
1168 2086 1252 2135 ἐπὶ
1302 2086 1622 2151 συμμαχίαν,

210 2155 307 2220 ἔφη
370 2156 461 2216 τὴν
511 2154 818 2221 συμμαχίαν
877 2154 1123 2220 πέμψειν,
1188 2155 1312 2204 ὅταν
1373 2155 1623 2215 αἴσθηται

211 2224 472 2286 δεομένων.
559 2224 646 2271 καὶ
693 2223 802 2286 μετ᾽
845 2224 902 2272 οὐ
951 2224 1090 2271 πολὺ
1130 2225 1349 2286 πέμψας
1392 2226 1543 2286 ἤρετο
1582 2227 1625 2267 εἴ

210 2313 345 2342 τινος
383 2292 476 2352 ἤδη
523 2291 733 2340 δέονται.
809 2291 855 2340 οἱ
895 2291 947 2339 δὲ
989 2292 1046 2340 οὐ
1089 2291 1326 2355 φέροντες
1372 2292 1531 2339 αὐτοῦ
1568 2291 1622 2338 τὸ

210 2359 458 2423 σοβαρόν,
487 2359 582 2420 ἤδη
610 2357 669 2408 δέ
688 2376 748 2412 τι
764 2362 848 2408 καὶ
889 2361 1230 2410 ἀπιστοῦντες
1266 2361 1328 2411 ὡς
1356 2359 1620 2421 δυσμεναί-

212 2453 296 2506 562
