1747 2693
112 272 223 305 CAP.

124 312 209 339 XIII

116 1162 228 1196 CAP.

125 1203 199 1230 XIV

299 131 593 171 APPIAN'S
635 130 867 171 ROMAN
909 129 1216 180 HISTORY,
1254 127 1429 170 BOOK
1467 127 1586 169 VIII

236 274 386 309 νοντι,
439 253 780 316 ἀπεκριναντο
843 249 1216 313 προσπέμψειν
1274 249 1357 298 ὅτε
1417 249 1659 309 δεηθεῖεν.

235 323 352 386 περὶ
379 320 432 369 δὲ
459 321 649 384 ἀγορᾶς
695 324 764 383 τῷ
805 323 1013 382 στρατῷ
1050 319 1134 367 καὶ
1178 319 1315 365 πάνυ
1343 317 1649 380 ἐφρόντιζον,

236 392 290 437 ἐκ
330 387 482 451 μόνης
531 388 736 453 ἔχοντες
777 387 1101 451 Ἀδρυμητοῦ
1151 386 1237 434 καὶ
1279 384 1517 438 Λέπτεως
1569 384 1647 432 καὶ

237 461 433 523 Θάψου
481 459 570 506 καὶ
621 457 820 516 Ἰτύκης
863 455 950 503 καὶ
997 454 1279 520 Ἀχόλλης·
1339 453 1403 502 τὰ
1452 453 1550 517 γὰρ
1594 452 1652 514 δὴ

235 529 400 575 λοιπὰ
428 528 628 583 Λιβύης
655 527 714 586 ἦν
743 526 815 572 ἔτι
853 525 1027 572 πάντα
1067 522 1166 572 ὑπὸ
1193 522 1513 587 Ἀσδρούβᾳ,
1540 522 1653 570 ὅθεν

236 597 422 645 ἐκεῖνος
462 594 654 658 ἀγορὰν
695 594 743 646 ἐς
783 590 1098 655 Καρχηδόνα
1140 591 1381 654 ἔπεμπεν.
1468 590 1652 653 ὀλίγων

237 662 276 709 δ᾽
315 664 362 714 ἐς
401 667 565 710 ταῦτα
591 662 994 726 διατριφθεισῶν
1020 662 1229 723 ἡμερῶν,
1259 660 1302 708 οἱ
1339 660 1429 722 μὲν
1467 660 1650 706 ὕπατοι

236 730 539 795 προσῄεσαν
577 730 728 794 ἄμφω
770 734 831 793 τῇ
870 729 1023 777 πόλει
1061 732 1161 777 τῶν
1200 727 1570 791 Καρχηδονίων
1609 727 1651 776 ἐς

234 801 412 863 μάχην
438 799 826 862 ἐσκευασμένοι,
865 799 951 846 καὶ
979 796 1294 863 ἐπεχείρουν.

897 1014 1004 1055 XIV

307 1149 394 1194 95.
414 1142 517 1191 Ἦν
556 1142 604 1190 δὲ
644 1144 672 1203 ἡ
711 1142 862 1192 πόλις
889 1142 940 1189 ἐν
976 1144 1126 1202 μυχῷ
1164 1138 1366 1187 κόλπου
1392 1138 1656 1199 μεγίστου,

237 1212 535 1275 χερρονήσῳ
576 1233 623 1259 τι
657 1212 895 1273 μάλιστα
933 1212 1289 1272 προσεοικυῖα.
1363 1209 1533 1270 αὐχὴν
1560 1208 1655 1269 γὰρ

238 1279 397 1342 αὐτὴν
434 1279 536 1329 ἀπὸ
577 1285 665 1341 τῆς
701 1276 912 1340 ἠπείρου
952 1278 1182 1339 διεῖργεν,
1223 1277 1365 1338 εὖρος
1405 1276 1470 1324 ὢν
1507 1276 1657 1324 πέντε

237 1349 325 1397 καὶ
368 1350 532 1397 εἴκοσι
574 1346 812 1396 σταδίων·
853 1346 957 1395 ἀπὸ
1003 1346 1055 1394 δὲ
1096 1349 1186 1393 τοῦ
1227 1345 1441 1409 αὐχένος
1486 1343 1654 1392 ταινία

238 1417 391 1478 στενὴ
453 1419 540 1465 καὶ
602 1416 865 1477 ἐπιμήκης,
932 1415 1241 1477 ἡμισταδίου
1301 1414 1537 1475 μάλιστα
1602 1412 1657 1461 τὸ

237 1486 451 1539 πλάτος,
491 1485 576 1533 ἐπὶ
616 1483 810 1544 δυσμὰς
849 1483 1046 1547 ἐχώρει,
1084 1482 1215 1544 μέση
1254 1480 1437 1543 λίμνης
1476 1503 1529 1529 τε
1574 1481 1657 1529 καὶ

239 1560 326 1616 τῆς
362 1555 759 1615 θαλάσσης ...
789 1553 942 1616 ἁπλῷ
978 1552 1138 1616 τείχει
1173 1550 1490 1613 περίκρημνα
1518 1551 1656 1605 ὄντα,

239 1623 303 1670 τὰ
346 1623 395 1670 δὲ
435 1623 560 1687 πρὸς
600 1622 930 1684 μεσημβρίαν
971 1621 1020 1673 ἐς
1063 1621 1290 1681 ἤπειρον,
1336 1620 1456 1667 ἔνθα
1499 1619 1586 1666 καὶ
1628 1620 1653 1680 ἡ

239 1692 421 1755 Βύρσα
447 1692 507 1753 ἦν
533 1691 618 1739 ἐπὶ
644 1694 735 1739 τοῦ
762 1688 990 1754 αὐχένος,
1014 1692 1218 1752 τριπλῷ
1247 1687 1423 1752 τείχει.
1464 1687 1656 1734 τούτων

239 1760 279 1807 δ᾽
307 1761 528 1808 ἕκαστον
561 1760 621 1820 ἦν
655 1760 790 1822 ὕψος
830 1759 918 1821 μὲν
948 1760 1133 1822 πηχῶν
1170 1757 1462 1821 τριάκοντα,
1501 1756 1655 1820 χωρὶς

239 1829 507 1889 ἐπάλξεών
535 1849 589 1876 τε
632 1828 718 1875 καὶ
759 1827 983 1888 πύργων,
1029 1826 1077 1873 οἳ
1118 1825 1171 1873 ἐκ
1214 1824 1498 1887 διπλέθρου
1550 1824 1655 1871 δια-

240 1897 503 1960 στήματος
544 1898 716 1948 αὐτοῖς
759 1895 1072 1959 τετρώροφοι
1120 1892 1449 1959 περιέκειντο,
1493 1892 1656 1945 βάθος

242 1967 293 2015 δὲ
343 1967 512 2015 ποδῶν
570 1966 865 2028 τριάκοντα,
917 1962 1169 2026 διώροφον
1224 1960 1262 2008 δ᾽
1322 1962 1382 2021 ἦν
1437 1960 1658 2008 ἑκάστου

241 2033 444 2099 τείχους
496 2033 552 2082 τὸ
604 2035 755 2097 ὕψος,
807 2032 895 2081 καὶ
943 2032 993 2080 ἐν
1043 2032 1179 2093 αὐτῷ
1230 2029 1389 2093 κοίλῳ
1440 2050 1494 2076 τε
1554 2029 1660 2077 ὄντι

240 2105 326 2151 καὶ
378 2106 613 2164 στεγανῷ
663 2100 801 2149 κάτω
856 2100 947 2163 μὲν
1007 2099 1322 2161 ἐστάθμευον
1384 2098 1657 2162 ἐλέφαντες

241 2170 545 2235 τριακόσιοι,
590 2170 675 2218 καὶ
716 2169 966 2232 θησαυροὶ
1008 2167 1310 2232 παρέκειντο
1350 2168 1526 2218 αὐτοῖς
1560 2168 1658 2214 τῶν

244 2244 461 2302 τροφῶν,
505 2237 840 2288 ἱπποστάσια
891 2237 930 2285 δ᾽
977 2237 1103 2297 ὑπὲρ
1143 2235 1331 2286 αὐτοὺς
1368 2235 1430 2295 ἦν
1479 2255 1656 2295 τετρα-

243 2307 528 2371 κισχιλίοις
584 2307 780 2362 ἵπποις,
829 2307 914 2354 καὶ
978 2307 1182 2368 ταμιεῖα
1243 2307 1402 2369 χιλοῦ
1462 2323 1514 2349 τε
1574 2303 1657 2349 καὶ

243 2377 433 2440 κριθῆς,
485 2376 702 2437 ἀνδράσι
765 2395 817 2422 τε
879 2373 1182 2434 καταγωγαὶ
1244 2374 1414 2431 πεζοῖς
1473 2371 1564 2432 μὲν
1613 2371 1655 2420 ἐς

245 2469 329 2518 564
