1747 2693
135 270 242 303 CAP.

145 310 219 336 XIV

315 125 608 168 APPIAN'S
648 125 883 168 ROMAN
922 124 1229 174 HISTORY,
1265 124 1443 166 BOOK
1483 124 1599 165 VIII

252 247 565 312 δισμυρίους,
610 247 830 296 ἱππεῦσι
870 247 920 295 δὲ
956 247 1003 299 ἐς
1038 246 1507 311 τετρακισχιλίους.
1581 267 1660 295 το-

253 319 378 381 σήδε
415 317 722 381 παρασκευὴ
761 316 993 376 πολέμου
1034 313 1327 363 διετέτακτο
1360 313 1664 376 σταθμεύειν

252 388 303 434 ἐν
352 389 457 437 τοῖς
508 384 708 449 τείχεσι
755 384 939 447 μόνοις.
1013 383 1174 446 γωνία
1223 382 1261 430 δ᾽
1311 382 1340 443 ἣ
1394 382 1535 446 παρὰ
1576 382 1664 444 τὴν

250 458 506 517 γλῶσσαν
548 457 602 502 ἐκ
644 456 789 501 τοῦδε
832 455 924 500 τοῦ
958 450 1160 517 τείχους
1191 450 1276 500 ἐπὶ
1310 450 1424 503 τοὺς
1457 450 1665 514 λιμένας

253 523 649 584 περιέκαμπτεν,
679 520 897 582 ἀσθενὴς
935 520 996 580 ἦν
1032 519 1159 580 μόνη
1196 519 1283 568 καὶ
1321 520 1553 579 ταπεινή,
1581 520 1665 567 καὶ

251 592 477 653 ἠμέλητο
505 593 559 653 ἐξ
585 593 763 654 ἀρχῆς.

323 665 424 716 96.
438 659 507 706 Οἱ
532 659 582 707 δὲ
610 659 807 721 λιμένες
851 659 897 710 ἐς
939 658 1205 715 ἀλλήλους
1239 657 1553 710 διεπλέοντο,
1581 657 1665 704 καὶ

251 729 481 777 ἔσπλους
510 729 564 776 ἐκ
591 726 852 789 πελάγους
880 727 927 779 ἐς
954 726 1139 778 αὐτοὺς
1164 726 1225 785 ἦν
1251 726 1298 777 ἐς
1327 724 1468 790 εὖρος
1495 724 1664 772 ποδῶν

251 797 624 856 ἑβδομήκοντα,
677 796 731 845 ὃν
780 793 1034 842 ἁλύσεσιν
1092 793 1368 842 ἀπέκλειον
1416 793 1664 856 σιδηραῖς.

252 864 275 913 ὁ
314 864 402 925 μὲν
443 864 500 926 δὴ
539 867 740 927 πρῶτος
780 863 1017 926 ἐμπόροις
1057 862 1239 917 ἀνεῖτο,
1277 862 1365 911 καὶ
1401 861 1665 912 πείσματα

251 934 310 994 ἦν
349 935 399 983 ἐν
436 935 574 997 αὐτῷ
615 932 782 981 πυκνὰ
822 931 909 980 καὶ
946 929 1178 979 ποικίλα·
1237 934 1326 979 τοῦ
1365 929 1402 977 δ᾽
1443 929 1581 981 ἐντὸς
1618 929 1666 979 ἐν

249 1001 391 1066 μέσῳ
426 1007 579 1063 νῆσος
617 1001 692 1062 ἦν,
721 1001 807 1048 καὶ
845 1002 1064 1064 κρηπῖσι
1089 1000 1343 1061 μεγάλαις
1371 1002 1400 1060 ἥ
1428 1020 1482 1047 τε
1516 1003 1665 1061 νῆσος

252 1071 338 1118 καὶ
396 1071 419 1119 ὁ
457 1071 614 1132 λιμὴν
666 1070 947 1130 διείληπτο.
1024 1066 1240 1132 νεωρίων
1290 1088 1342 1115 τε
1392 1066 1571 1130 ἔγεμον
1613 1066 1666 1115 αἱ

253 1140 494 1203 κρηπῖδες
557 1139 664 1186 αἵδε
731 1139 777 1190 ἐς
846 1140 967 1188 ναῦς
1029 1135 1297 1186 διακοσίας
1358 1135 1443 1184 καὶ
1504 1138 1665 1184 εἴκοσι

254 1206 625 1268 πεποιημένων,
669 1206 757 1255 καὶ
797 1203 1037 1268 ταμιείων
1077 1203 1160 1252 ἐπὶ
1205 1208 1311 1257 τοῖς
1351 1203 1568 1268 νεωρίοις
1623 1205 1667 1256 ἐς

253 1274 546 1339 τριηρετικὰ
592 1274 767 1334 σκεύη.
842 1273 1002 1325 κίονες
1048 1271 1086 1319 δ᾽
1129 1272 1353 1320 ἑκάστου
1393 1272 1666 1320 νεωσοίκου

252 1348 484 1410 προῦχον
520 1343 737 1392 Ἰωνικοὶ
775 1342 879 1398 δύο,
924 1343 972 1394 ἐς
1010 1340 1178 1390 εἰκόνα
1218 1344 1377 1394 στοᾶς
1413 1340 1504 1403 τὴν
1541 1343 1667 1406 ὄψιν

253 1417 342 1461 τοῦ
377 1434 431 1462 τε
463 1411 666 1475 λιμένος
697 1411 784 1460 καὶ
822 1415 911 1472 τῆς
945 1409 1104 1471 νήσου
1136 1410 1509 1474 περιφέροντες.
1584 1409 1666 1458 ἐπὶ

254 1481 305 1529 δὲ
331 1486 420 1542 τῆς
447 1482 608 1541 νήσου
643 1479 808 1541 σκηνὴ
844 1477 1123 1539 ἐπεποίητο
1161 1482 1229 1542 τῷ
1268 1478 1526 1542 ναυάρχῳ,
1554 1478 1665 1526 ὅθεν

253 1552 350 1599 ἔδει
377 1550 460 1599 καὶ
490 1548 575 1598 τὸν
603 1546 905 1609 σαλπικτὴν
932 1546 1212 1609 σημαίνειν,
1242 1546 1323 1594 καὶ
1354 1546 1440 1595 τὸν
1467 1546 1663 1609 κήρυκα

252 1618 544 1684 προλέγειν,
580 1618 667 1667 καὶ
709 1616 795 1665 τὸν
836 1614 1097 1679 ναύαρχον
1140 1616 1344 1678 ἐφορᾶν.
1418 1615 1581 1662 ἔκειτο
1627 1614 1665 1662 δ᾽

251 1689 278 1745 ἡ
308 1692 461 1748 νῆσος
500 1688 636 1735 κατὰ
676 1686 763 1735 τὸν
802 1685 1049 1739 ἔσπλουν,
1076 1685 1162 1732 καὶ
1203 1682 1476 1731 ἀνετέτατο
1514 1682 1662 1747 ἰσχυ-

249 1759 361 1817 ρῶς,
406 1754 485 1803 ἵνα
530 1755 556 1803 ὅ
600 1775 655 1803 τε
694 1753 951 1818 ναύαρχος
993 1751 1056 1800 τὰ
1097 1752 1150 1799 ἐκ
1193 1752 1453 1814 πελάγους
1493 1752 1665 1799 πάντα

251 1826 427 1889 ἐφορᾷ,
456 1824 541 1872 καὶ
576 1826 681 1875 τοῖς
721 1819 1061 1870 ἐπιπλέουσιν
1100 1819 1301 1881 ἀφανὴς
1335 1820 1363 1880 ἡ
1400 1823 1499 1868 τῶν
1529 1819 1665 1867 ἔνδον

250 1893 279 1954 ᾖ
308 1894 433 1955 ὄψις
463 1894 490 1954 ἡ
518 1892 756 1954 ἀκριβής.
820 1891 874 1938 οὐ
903 1888 1002 1951 μὴν
1028 1887 1141 1937 οὐδὲ
1168 1892 1273 1940 τοῖς
1302 1887 1665 1936 ἐσπλεύσασιν

252 1959 492 2025 ἐμπόροις
542 1959 689 2011 εὐθὺς
737 1959 796 2021 ἦν
845 1957 911 2006 τὰ
958 1957 1139 2023 νεώρια
1189 1955 1443 2006 σύνοπτα·
1497 1955 1666 2022 τεῖχός

253 2051 308 2077 τε
356 2028 455 2092 γὰρ
506 2029 678 2079 αὐτοῖς
727 2027 945 2075 διπλοῦν
994 2023 1293 2091 περιέκειτο,
1346 2024 1432 2073 καὶ
1485 2023 1665 2079 πύλαι,

252 2097 308 2146 αἳ
334 2097 449 2148 τοὺς
476 2096 729 2159 ἐμπόρους
762 2095 866 2144 ἀπὸ
899 2098 988 2142 τοῦ
1023 2094 1229 2157 πρώτου
1263 2093 1466 2149 λιμένος
1503 2094 1550 2145 ἐς
1577 2092 1666 2156 τὴν

253 2164 410 2215 πόλιν
435 2165 677 2230 ἐσέφερον
705 2165 762 2213 οὐ
788 2162 1142 2228 διερχομένους
1168 2160 1230 2209 τὰ
1258 2160 1453 2224 νεώρια.

325 2239 399 2282 97.
441 2237 592 2281 Οὕτω
637 2234 727 2295 μὲν
772 2232 910 2296 εἶχεν
959 2232 988 2293 ἡ
1036 2228 1189 2281 πόλις
1229 2230 1258 2291 ἡ
1299 2228 1665 2293 Καρχηδονίων

254 2305 282 2362 ἡ
328 2301 459 2358 τότε,
502 2301 552 2350 οἱ
588 2301 627 2349 δ᾽
673 2302 862 2349 ὕπατοι
903 2299 1182 2361 διελόμενοι
1227 2298 1283 2347 τὸ
1326 2298 1474 2362 ἔργον
1509 2297 1665 2361 ᾔεσαν

253 2372 337 2418 ἐπὶ
400 2371 516 2422 τοὺς
577 2370 873 2430 πολεμίους,
936 2368 1193 2420 Μανίλιος
1255 2367 1345 2427 μὲν
1406 2365 1511 2414 ἀπὸ
1578 2369 1665 2426 τῆς

256 2462 341 2516 566
