1747 2693
148 275 248 303 CAP.

149 313 221 341 XIV

328 131 622 174 APPIAN'S
662 129 896 173 ROMAN
936 128 1241 180 HISTORY,
1279 128 1457 170 BOOK
1494 128 1610 168 VIII

265 256 479 320 ἠπείρου
542 255 675 302 κατὰ
737 255 825 301 τὸν
885 254 1096 317 αὐχένα,
1162 253 1412 316 ἐγχώσων
1476 271 1529 298 τε
1589 250 1677 312 τὴν

268 325 464 389 τάφρον
524 325 611 371 καὶ
667 322 849 385 βραχὺ
911 318 1245 384 ἐπιτείχισμα
1296 319 1353 369 τὸ
1411 318 1490 368 ἐπ᾽
1549 318 1679 383 αὐτῇ

264 394 595 449 βιασόμενος,
646 391 733 439 καὶ
793 389 871 437 ἐπ᾽
933 387 1105 451 ἐκείνῳ
1153 387 1215 435 τὰ
1268 387 1453 451 ὑψηλὰ
1513 387 1675 451 τείχη·

267 464 595 523 Κηνσωρῖνος
658 459 706 507 δὲ
768 456 1026 520 κλίμακας
1078 456 1131 504 ἔκ
1182 477 1236 504 τε
1284 460 1376 517 γῆς
1426 456 1513 504 καὶ
1561 458 1681 504 νεῶν

265 530 481 594 ἐπέφερε
532 528 665 576 κατὰ
715 525 807 588 τὴν
855 526 1036 585 εὐτελῆ
1089 528 1178 572 τοῦ
1229 526 1431 589 τείχους
1475 523 1676 587 γωνίαν.

264 598 417 662 ἄμφω
469 597 508 645 δ᾽
559 598 623 649 ὡς
684 596 925 643 ἀνόπλων
985 592 1346 658 κατεφρόνουν,
1398 594 1487 645 ἕως
1545 593 1680 639 ἐντυ-

263 665 444 733 χόντες
485 666 669 718 ὅπλοις
714 685 768 712 τε
808 665 1000 715 καινοῖς
1051 662 1133 710 καὶ
1187 660 1383 720 ἀνδρῶν
1421 660 1680 727 προθυμίᾳ

262 733 554 796 παραλόγῳ
605 731 1021 793 κατεπλάγησαν
1068 731 1154 778 καὶ
1206 730 1522 794 ὑπεχώρουν.
1596 732 1679 777 καὶ

262 804 411 852 εὐθὺς
449 786 622 854 αὐτοῖς
661 805 813 850 τοῦτο
851 803 1055 862 πρῶτον
1094 798 1493 862 ἀντεκεκρούκει,
1536 797 1678 846 ἐλπί-

265 893 426 921 σασιν
463 872 631 936 ἀμαχὶ
681 870 953 933 λήψεσθαι
1004 868 1095 928 τὴν
1132 866 1304 916 πόλιν.
1381 868 1446 920 ὡς
1497 867 1549 915 δὲ
1597 867 1681 915 καὶ

265 941 414 994 αὖθις
474 937 776 1008 ἐπεχείρουν
839 937 923 985 καὶ
985 937 1128 989 αὖθις
1191 935 1569 1001 ἀπετύγχανον,
1620 935 1679 982 τὰ

265 1010 355 1071 μὲν
440 1012 539 1058 τῶν
626 1004 997 1071 Καρχηδονίων
1082 1006 1388 1068 φρονήματα
1473 1008 1680 1069 ἐπῇρτο,

266 1076 318 1125 οἱ
390 1076 426 1125 δ᾽
490 1078 683 1125 ὕπατοι
761 1074 974 1126 δεδιότες
1053 1072 1385 1137 Ἀσδρούβαν
1467 1073 1683 1120 ὄπισθεν

266 1149 418 1210 σφῶν
466 1144 595 1206 ὑπὲρ
658 1144 747 1205 τὴν
808 1144 994 1204 λίμνην
1055 1143 1145 1190 οὐκ
1204 1143 1259 1189 ἐκ
1318 1145 1517 1204 μακροῦ
1579 1141 1682 1188 δια-

266 1215 531 1277 στήματος
635 1210 1178 1276 ἐστρατοπεδευμένον,
1273 1209 1506 1275 ὠχύρουν
1597 1211 1682 1258 καὶ

266 1284 412 1330 αὐτοὶ
528 1283 613 1330 δύο
714 1278 1061 1345 στρατόπεδα,
1160 1280 1489 1342 Κηνσωρῖνος
1595 1278 1684 1342 μὲν

267 1353 351 1399 ἐπὶ
393 1356 483 1413 τῆς
520 1349 704 1412 λίμνης
749 1349 849 1398 ὑπὸ
895 1352 998 1400 τοῖς
1041 1347 1239 1412 τείχεσι
1274 1349 1374 1395 τῶν
1406 1347 1681 1410 πολεμίων,

267 1421 528 1470 Μανίλιος
581 1420 620 1467 δ᾽
672 1420 722 1469 ἐν
773 1421 842 1481 τῷ
891 1415 1071 1481 αὐχένι
1123 1421 1211 1479 τῆς
1249 1416 1296 1469 ἐς
1335 1415 1427 1477 τὴν
1474 1416 1682 1479 ἤπειρον

268 1487 402 1537 ὁδοῦ.
477 1490 541 1540 ὡς
592 1487 643 1536 δὲ
700 1486 875 1537 αὐτοῖς
924 1485 1169 1549 ἐγήγερτο
1220 1484 1285 1533 τὰ
1335 1483 1682 1548 στρατόπεδα,

269 1556 292 1605 ὁ
323 1560 654 1620 Κηνσωρῖνος
691 1555 776 1604 ἐπὶ
814 1555 912 1618 ὕλῃ
950 1555 997 1605 ἐς
1025 1552 1263 1619 μηχανὰς
1301 1552 1575 1600 διέπλευσε
1602 1552 1682 1600 διὰ

270 1631 357 1687 τῆς
395 1627 592 1687 λίμνης·
656 1626 743 1673 καὶ
791 1625 1063 1681 ἀπέβαλεν
1105 1621 1370 1684 ὑλοτόμων
1405 1623 1455 1672 ἐς
1497 1643 1680 1669 πεντα-

269 1693 475 1744 κοσίους
540 1693 724 1756 ἄνδρας
793 1691 936 1739 ὅπλα
1004 1712 1057 1738 τε
1122 1691 1320 1745 πολλά,
1388 1689 1682 1753 Ἱμίλκωνος

267 1762 523 1827 αἰφνίδιον
589 1762 744 1826 αὐτῷ,
802 1763 891 1808 τοῦ
961 1759 1333 1824 Καρχηδονίων
1395 1758 1683 1824 ἱππάρχου,

269 1828 680 1894 προσπεσόντος,
719 1829 756 1894 ᾧ
789 1828 1000 1890 Φαμέας
1025 1828 1292 1886 ἐπώνυμον
1316 1828 1392 1888 ἦν.
1465 1827 1683 1888 κομίσας

270 1901 316 1945 δ᾽
338 1901 471 1963 ὅμως
497 1899 612 1948 τινὰ
639 1899 782 1958 ὕλην,
801 1896 1039 1961 μηχανὰς
1064 1894 1278 1956 ἐποίησε
1297 1896 1385 1944 καὶ
1409 1897 1692 1959 κλίμακας.

270 1968 359 2015 καὶ
399 1968 563 2015 πάλιν
605 1964 902 2031 ἐπεχείρουν
938 1964 1090 2027 ἄμφω
1133 1968 1194 2025 τῇ
1237 1963 1404 2018 πόλει,
1438 1964 1524 2010 καὶ
1559 1966 1682 2011 ἀπε-

270 2036 531 2101 τύγχανον
575 2036 773 2099 ὁμοίως.
849 2034 1107 2084 Μανίλιος
1145 2034 1235 2095 μὲν
1272 2033 1360 2080 οὖν
1394 2032 1573 2096 μικρὸν
1612 2033 1685 2080 ἔτι

270 2103 592 2169 προσκαμὼν
640 2104 729 2152 καὶ
778 2103 926 2163 μόλις
987 2123 1035 2150 τι
1096 2105 1186 2149 τοῦ
1247 2100 1683 2166 προτειχίσματος

271 2175 611 2234 καταβαλών,
652 2170 858 2234 ἀπέγνω
906 2170 1034 2233 μηδὲ
1072 2171 1350 2234 ἐπιχειρεῖν
1386 2170 1459 2217 ἔτι
1505 2170 1681 2234 ταύτῃ·

343 2247 421 2288 98.
462 2244 792 2302 Κηνσωρῖνος
819 2243 867 2287 δὲ
896 2242 1079 2302 χώσας
1116 2258 1165 2287 τι
1203 2243 1291 2300 τῆς
1326 2237 1506 2301 λίμνης
1540 2238 1682 2302 παρὰ

271 2309 364 2371 τὴν
424 2309 637 2365 ταινίαν,
700 2308 780 2357 ἵνα
839 2307 1104 2371 εὐρύτερον
1162 2307 1253 2367 εἴη,
1305 2305 1393 2354 δύο
1450 2306 1685 2370 μηχανὰς

273 2380 575 2442 κριοφόρους
625 2379 784 2438 ἐπῆγε
829 2376 1077 2436 μεγάλας,
1120 2374 1210 2435 τὴν
1258 2374 1349 2434 μὲν
1399 2374 1686 2433 ὠθουμένην

276 2469 360 2523 568
