1747 2693
153 281 257 316 CAP.

162 322 238 349 XIV

333 153 626 194 APPIAN'S
667 155 900 195 ROMAN
941 156 1248 208 HISTORY,
1285 157 1462 199 BOOK
1503 157 1617 199 VIII

270 275 647 338 ἑξακισχιλίοις
687 278 872 337 πεζοῖς,
911 277 1202 341 ἡγουμένων
1239 281 1338 327 τῶν
1373 279 1681 343 χιλιάρχων,

270 348 359 410 τὴν
406 349 455 397 δὲ
503 349 601 400 ὑπὸ
645 354 744 399 τῶν
795 353 991 415 ἐρετῶν,
1034 353 1327 415 ἡγουμένων
1376 353 1460 400 καὶ
1512 352 1683 401 τοῖσδε

266 425 555 490 ναυάρχων.
628 425 948 490 φιλονεικίας
993 425 1049 482 δ᾽,
1080 428 1144 480 ὡς
1185 428 1236 476 ἐν
1274 427 1370 500 ἴσῳ
1409 426 1496 475 καὶ
1530 425 1682 491 ὁμοίῳ

266 498 412 571 ἔργῳ,
441 502 544 552 τοῖς
572 521 626 548 τε
662 500 939 572 ὑπηρέταις
976 501 1063 549 καὶ
1097 505 1202 554 τοῖς
1237 500 1493 567 ἄρχουσιν
1516 504 1685 550 αὐτῶν

265 574 549 635 γενομένης,
589 575 843 624 συνέπεσέ
884 596 931 624 τι
968 579 1058 624 τοῦ
1093 576 1311 641 τείχους,
1340 576 1427 625 καὶ
1456 576 1520 625 τὰ
1546 576 1681 628 ἐντὸς

258 648 359 709 ἤδη
386 648 743 711 κατεφαίνετο.
819 651 1170 714 Καρχηδόνιοι
1207 651 1258 699 δὲ
1289 652 1375 700 καὶ
1410 652 1474 703 ὣς
1500 652 1682 705 αὐτοὺς

264 725 616 787 ἀπωσάμενοι,
648 724 711 773 τὰ
746 724 976 774 πεσόντα
1011 725 1190 777 νυκτὸς
1214 726 1520 798 ᾠκοδόμουν.
1594 727 1684 776 οὐκ

265 799 522 864 ἀρκούσης
556 799 594 847 δ᾽
631 802 679 852 ἐς
715 799 773 849 τὸ
813 800 959 864 ἔργον
994 801 1169 853 αὐτοῖς
1201 805 1290 862 τῆς
1333 799 1537 866 νυκτός,
1557 802 1682 850 δεδι-

265 874 373 925 ότες
423 876 540 939 περὶ
591 879 660 939 τῷ
708 875 803 936 ἤδη
853 876 1103 938 γεγονότι,
1142 876 1212 939 μὴ
1260 877 1349 925 καὶ
1387 880 1537 925 τοῦτο
1574 877 1681 940 μεθ᾽

264 951 455 1015 ἡμέραν
503 950 557 999 αἱ
618 949 885 1013 Ῥωμαίων
944 951 1177 1016 μηχαναὶ
1242 949 1538 1001 νεότευκτον
1599 953 1683 1000 καὶ

267 1026 417 1090 ὑγρὸν
444 1026 518 1074 ἔτι
546 1026 918 1085 καταβάλοιεν,
947 1026 1222 1090 ἐξέδραμον
1249 1027 1332 1075 ἐπὶ
1360 1027 1425 1075 τὰ
1448 1027 1681 1091 μηχανή-

262 1106 402 1161 ματα
453 1103 552 1148 τῶν
602 1099 881 1175 πολεμίων,
923 1100 969 1148 οἱ
1008 1101 1108 1177 μὲν
1159 1101 1254 1150 σὺν
1304 1101 1504 1155 ὅπλοις,
1543 1102 1590 1151 οἱ
1632 1102 1683 1152 δὲ

263 1175 445 1239 γυμνοὶ
471 1175 752 1239 λαμπάδας
778 1175 1002 1239 ἡμμένας
1030 1175 1251 1240 ἔχοντες,
1281 1175 1367 1225 καὶ
1394 1175 1682 1239 ἐνέπρησαν

263 1249 353 1312 μὲν
402 1250 502 1313 οὐχ
550 1250 648 1299 ὅλα
700 1251 781 1313 (οὐ
830 1249 927 1315 γὰρ
980 1251 1218 1315 ἔφθασαν
1259 1249 1526 1313 Ῥωμαίων
1573 1252 1678 1299 ἐπι-

265 1325 596 1390 δραμόντων),
625 1325 819 1390 ἀχρεῖα
841 1324 881 1373 δ᾽
907 1325 1007 1374 ὅλα
1034 1325 1346 1388 ποιήσαντες
1373 1326 1679 1391 ἀνεχώρουν.

263 1400 374 1462 ἅμα
408 1400 447 1448 δ᾽
485 1400 649 1466 ἡμέρᾳ
682 1398 956 1463 Ῥωμαίοις
993 1398 1244 1448 ἐπέπεσεν
1283 1398 1410 1464 ὁρμὴ
1461 1401 1543 1449 διὰ
1593 1405 1682 1450 τοῦ

255 1473 511 1527 πεσόντος
561 1474 702 1522 οὔπω
753 1473 939 1526 τελέως
987 1474 1322 1538 ἐγηγερμένου
1379 1476 1681 1534 βιάσασθαι

264 1550 359 1609 καὶ
389 1550 675 1614 ἐσδραμεῖν·
714 1550 800 1598 καὶ
837 1549 939 1613 γάρ
976 1570 1026 1597 τι
1064 1549 1238 1598 πεδίον
1269 1549 1411 1602 ἐντὸς
1443 1549 1679 1615 ἐφαίνετο

264 1626 444 1688 εὐφυὲς
482 1626 530 1677 ἐς
565 1625 757 1697 μάχην,
786 1625 838 1673 ἐν
875 1622 914 1698 ᾧ
952 1624 1069 1677 τοὺς
1102 1624 1353 1679 ἐνόπλους
1379 1625 1612 1687 ἔστησαν
1636 1614 1695 1676 οἱ

266 1698 616 1763 Καρχηδόνιοι
662 1698 798 1747 κατὰ
845 1698 1102 1759 μετώπου,
1152 1698 1269 1752 τοὺς
1331 1698 1370 1747 δ᾽
1423 1698 1699 1754 ἀνόπλους

265 1769 439 1818 αὐτοῖς
488 1766 743 1842 ἐπέταξαν
793 1766 888 1816 σὺν
933 1766 1102 1820 λίθοις
1141 1767 1311 1817 ὀπίσω
1361 1768 1448 1818 καὶ
1484 1768 1680 1841 ξύλοις,

266 1837 464 1900 ἑτέρους
514 1856 568 1885 τε
616 1836 847 1888 πολλοὺς
896 1835 1154 1889 διαθέντες
1194 1836 1279 1886 ἐπὶ
1316 1840 1415 1885 τῶν
1457 1858 1676 1900 περικει-

263 1904 425 1968 μένων
464 1904 636 1953 οἰκιῶν
666 1904 903 1968 ἀνέμενον
943 1904 1060 1958 τοὺς
1092 1905 1464 1969 ἐπερχομένους
1499 1905 1679 1970 ἐσδρα-

262 1977 390 2035 μεῖν.
464 1973 511 2022 οἱ
535 1972 575 2022 δ᾽
604 1973 678 2021 ἔτι
707 1977 912 2036 μᾶλλον
941 1966 1233 2035 ἠρεθίζοντο
1260 1976 1323 2025 ὡς
1352 1976 1451 2022 ὑπὸ
1476 1977 1678 2037 γυμνῶν

265 2041 459 2106 ἀνδρῶν
499 2042 986 2106 καταφρονούμενοι,
1014 2042 1101 2090 καὶ
1132 2042 1362 2105 θρασέως
1393 2042 1677 2105 ἐπεπήδων.

263 2107 494 2160 Σκιπίων
531 2110 598 2165 δέ,
638 2110 688 2162 ὃς
726 2110 836 2170 μετ᾽
879 2110 1055 2171 ὀλίγον
1093 2110 1200 2158 εἷλε
1241 2110 1554 2174 Καρχηδόνα
1592 2114 1675 2158 καὶ

263 2177 407 2243 παρὰ
471 2181 621 2227 τοῦτο
683 2177 991 2243 Ἀφρικανὸς
1051 2177 1330 2241 ἐπεκλήθη,
1379 2182 1677 2244 χιλιαρχῶν

263 2246 379 2305 τότε
428 2246 599 2309 ὤκνει,
641 2246 726 2294 καὶ
774 2246 890 2299 τοὺς
940 2247 1122 2294 ἑαυτοῦ
1171 2247 1365 2311 λόχους
1413 2248 1460 2299 ἐς
1498 2248 1674 2295 πολλὰ

262 2314 458 2367 διελών,
508 2315 593 2364 καὶ
655 2314 857 2375 στήσας
917 2315 972 2363 ἐκ
1034 2314 1382 2378 διαστήματος
1442 2315 1527 2363 ἐπὶ
1588 2320 1678 2364 τοῦ

260 2383 474 2448 τειχίου,
512 2383 742 2431 κατιέναι
778 2383 867 2445 μὲν
905 2384 954 2434 ἐς
991 2383 1081 2441 τὴν
1118 2383 1275 2436 πόλιν
1310 2384 1402 2439 οὐκ
1439 2384 1533 2435 εἴα,
1561 2383 1688 2445 τοὺς

260 2486 348 2529 570
