1747 2693
138 288 237 320 CAP.

149 328 223 355 XIV

323 150 618 192 APPIAN'S
657 150 890 192 ROMAN
930 150 1237 202 HISTORY,
1272 150 1450 191 BOOK
1488 150 1606 191 VIII

258 274 309 323 δὲ
347 274 658 324 ἐσελθόντας
695 273 1070 336 ἐξωθουμένους
1109 273 1207 322 ὑπὸ
1258 276 1358 322 τῶν
1397 273 1665 337 Καρχηδο-

256 349 372 398 νίων
398 349 654 397 πάντοθεν
678 349 853 398 αὐτοῖς
891 347 1244 396 ἐπιπεσόντων
1284 347 1561 414 ὑπεδέχετο
1587 349 1668 395 καὶ

255 424 576 489 περιέσωζεν.
652 422 738 472 καὶ
779 427 930 472 τοῦτο
968 427 1176 488 πρῶτον
1221 422 1376 472 αὐτὸν
1411 424 1497 472 ἐπὶ
1525 417 1670 487 δόξης

257 493 513 561 ἐποίησεν,
543 497 915 562 εὐβουλότερον
941 503 1030 546 τοῦ
1060 502 1355 563 στρατηγοῦ
1385 497 1625 563 φανέντα.

327 580 402 621 99.
443 575 608 625 Κυνὸς
648 575 687 621 δ᾽
729 575 790 634 ἦν
830 572 1065 635 ἐπιτολή,
1109 573 1197 623 καὶ
1237 572 1294 621 τὸ
1341 573 1671 638 Κηνσωρίνου

257 649 612 715 στρατόπεδον
644 649 826 705 ἐνόσει,
854 649 1147 712 σταθμεῦον
1185 649 1269 697 ἐπὶ
1305 648 1458 720 λίμνῃ
1486 649 1669 698 σταθε-

254 731 347 791 ροῦ
373 725 460 775 καὶ
485 725 674 790 βαρέος
703 725 886 777 ὕδατος
913 724 1002 773 καὶ
1031 722 1131 772 ὑπὸ
1171 722 1371 795 τείχεσι
1394 722 1671 786 μεγίστοις,

257 802 314 850 οὐ
364 800 777 861 καταπνεόμενον
826 800 883 848 ἐκ
932 803 1020 858 τῆς
1081 800 1377 856 θαλάσσης.
1473 800 1587 848 ὅθεν
1649 800 1670 847 ὁ

258 879 587 940 Κηνσωρῖνος
639 878 687 928 ἐς
737 875 829 936 τὴν
879 875 1162 923 θάλασσαν
1213 873 1316 923 ἀπὸ
1366 879 1455 936 τῆς
1491 873 1670 937 λίμνης

258 950 842 1017 μετεστρατοπέδευσεν.
939 950 1026 999 καὶ
1074 950 1122 998 οἱ
1172 950 1537 1014 Καρχηδόνιοι,
1590 950 1672 999 ὅτε

258 1021 483 1084 γίγνοιτο
532 1024 733 1079 πνεῦμα
794 1020 842 1070 ἐς
901 1019 1018 1072 τοὺς
1066 1017 1347 1080 Ῥωμαίους
1409 1018 1670 1083 ἐπίφορον,

260 1091 467 1155 σκάφας
495 1090 767 1152 φρυγάνων
803 1086 891 1136 καὶ
930 1086 1195 1136 στυππίου
1234 1087 1408 1136 εἷλκον
1435 1086 1533 1137 ὑπὸ
1568 1092 1674 1140 τοῖς

259 1158 503 1224 τείχεσιν,
555 1159 612 1206 οὐ
662 1158 1006 1221 καθορώμενοι
1066 1159 1172 1208 τοῖς
1234 1156 1515 1213 πολεμίοις,
1567 1156 1671 1204 ἀπὸ

259 1229 449 1276 κάλων·
490 1228 529 1274 εἰ
570 1228 621 1275 δὲ
659 1227 1070 1288 ἐπικάμπτοντες
1107 1225 1326 1286 ἔμελλον
1362 1225 1673 1287 γενήσεσθαι

257 1299 589 1358 καταφανεῖς,
629 1296 764 1342 θεῖον
800 1295 980 1346 αὐταῖς
1019 1294 1102 1342 καὶ
1141 1292 1342 1341 πίσσαν
1381 1292 1672 1358 ἐπιχέοντες

257 1366 510 1413 ἀνέτεινον
559 1363 623 1412 τὰ
672 1362 831 1417 ἱστία,
870 1362 957 1410 καὶ
1008 1362 1308 1420 πλήσαντες
1346 1362 1532 1423 ἀνέμου
1570 1365 1674 1427 πῦρ

256 1435 508 1493 ἐνέβαλον
534 1434 582 1485 ἐς
608 1433 671 1479 τὰ
700 1432 895 1493 σκάφη.
970 1430 1035 1479 τὰ
1079 1430 1129 1479 δὲ
1171 1435 1240 1505 τῷ
1286 1451 1339 1479 τε
1383 1431 1549 1498 ἀνέμῳ
1588 1432 1674 1487 καὶ

256 1507 318 1567 τῇ
344 1505 479 1566 ῥοπῇ
512 1504 604 1549 τοῦ
630 1502 788 1564 πυρὸς
816 1501 865 1553 ἐς
891 1499 982 1552 τὰς
1006 1499 1274 1562 Ῥωμαίων
1312 1502 1430 1550 ναῦς
1469 1499 1671 1547 ἐωθεῖτο

257 1571 346 1619 καὶ
373 1568 673 1630 ἐλυμαίνετο
702 1568 784 1617 καὶ
814 1567 993 1630 ὀλίγου
1019 1566 1107 1616 τὸν
1129 1567 1320 1615 στόλον
1341 1567 1676 1630 κατέφλεξεν.

256 1638 383 1702 μετὰ
412 1638 463 1686 δὲ
491 1639 547 1687 οὐ
574 1638 714 1686 πολὺ
743 1639 1073 1701 Κηνσωρῖνος
1098 1637 1188 1699 μὲν
1217 1637 1263 1688 ἐς
1284 1635 1484 1699 Ῥώμην
1510 1635 1672 1701 ᾤχετο

257 1707 695 1772 ἀρχαιρεσιάσων,
738 1706 783 1753 οἱ
824 1704 875 1753 δὲ
921 1703 1268 1771 Καρχηδόνιοι
1317 1708 1387 1769 τῷ
1431 1703 1674 1769 Μανιλίῳ

256 1775 575 1840 θρασύτερον
618 1774 889 1822 ἐπέκειντο·
942 1775 1027 1822 καὶ
1070 1772 1265 1829 νυκτός,
1308 1772 1353 1820 οἱ
1393 1772 1483 1836 μὲν
1532 1776 1673 1820 ὅπλα

257 1845 462 1910 ἔχοντες
490 1844 536 1893 οἱ
563 1844 614 1892 δὲ
639 1843 837 1907 γυμνοί,
867 1843 1079 1895 σανίδας
1105 1842 1343 1914 φέροντες
1370 1840 1675 1890 ἐπετίθεσαν

258 1918 321 1978 τῇ
382 1911 517 1962 κατὰ
566 1916 706 1976 σφᾶς
756 1911 934 1976 τάφρῳ
985 1914 1077 1959 τοῦ
1138 1909 1417 1965 Μανιλίου,
1471 1910 1558 1957 καὶ
1617 1910 1673 1957 τὸ

259 1982 549 2047 χαράκωμα
578 1979 820 2028 διέσπων.
897 1978 1260 2041 ἀπορουμένων
1286 1978 1337 2025 δὲ
1364 1979 1429 2029 ὡς
1454 1978 1505 2026 ἐν
1531 1979 1672 2025 νυκτὶ

259 2054 359 2097 τῶν
397 2051 551 2105 ἔνδον,
591 2049 614 2097 ὁ
653 2047 882 2099 Σκιπίων
922 2047 1163 2109 ἐξέδραμε
1204 2047 1297 2093 σὺν
1335 2047 1583 2094 ἱππεῦσιν
1620 2047 1673 2094 ἐκ

260 2124 349 2167 τοῦ
378 2116 734 2182 στρατοπέδου
773 2116 907 2164 κατὰ
944 2116 1115 2167 πύλας
1155 2115 1339 2169 ἄλλας,
1367 2115 1491 2162 ἔνθα
1514 2114 1674 2166 οὐδεὶς

259 2186 501 2249 πόλεμος,
564 2186 648 2234 καὶ
723 2183 1047 2249 περιδραμὼν
1108 2183 1224 2236 τοὺς
1289 2182 1672 2246 Καρχηδονίους

260 2253 638 2316 κατεφόβησεν.
723 2253 771 2301 οἱ
825 2253 878 2301 δὲ
926 2252 1218 2316 ἀνεχώρουν
1267 2253 1314 2302 ἐς
1363 2250 1454 2313 τὴν
1500 2251 1670 2302 πόλιν.

261 2324 351 2376 καὶ
397 2323 628 2382 δεύτερον
676 2321 699 2370 ὁ
752 2318 982 2370 Σκιπίων
1031 2319 1190 2369 ἐδόκει
1246 2319 1371 2382 τῷδε
1425 2322 1495 2383 τῷ
1543 2319 1669 2384 ἔργῳ

261 2394 553 2455 περισῶσαι
578 2388 873 2452 Ῥωμαίους,
902 2391 952 2437 ἐν
978 2388 1122 2436 νυκτὶ
1149 2387 1570 2451 θορυβουμένους.

264 2496 347 2538 572
