1747 2693
320 155 612 197 APPIAN'S
654 154 888 196 ROMAN
927 152 1233 204 HISTORY,
1269 151 1448 192 BOOK
1485 150 1600 189 VIII

327 286 432 328 100.
469 279 531 327 Ὁ
575 279 628 327 δὲ
678 278 938 330 Μανίλιος
976 277 1034 326 τὸ
1071 277 1162 340 μὲν
1201 275 1555 341 στρατόπεδον
1594 273 1662 321 ἔτι

250 359 457 418 μᾶλλον
507 356 726 418 ὠχύρου,
768 354 942 418 τεῖχός
989 373 1043 401 τε
1092 353 1206 400 ἀντὶ
1250 352 1483 416 χάρακος
1531 350 1666 415 αὐτῷ

250 431 528 493 περιτιθεὶς
568 430 651 479 καὶ
690 430 909 477 ἐπίνειον
948 428 1191 493 φρούριον
1230 425 1434 489 ἐγείρων
1469 426 1553 473 ἐπὶ
1580 428 1669 485 τῆς

252 507 529 566 θαλάσσης
557 504 640 553 διὰ
668 504 761 566 τὴν
780 501 1192 552 καταπλέουσαν
1213 501 1420 563 ἀγοράν·
1455 499 1668 563 τραπεὶς

251 580 292 629 δ᾽
344 583 391 632 ἐς
441 581 504 628 τὰ
553 579 800 641 μεσόγεια
849 579 1047 640 μυρίοις
1097 579 1267 638 πεζοῖς
1316 575 1402 624 καὶ
1451 575 1669 624 ἱππεῦσι

252 653 531 721 δισχιλίοις
559 654 650 716 τὴν
676 654 854 720 χώραν
892 651 1114 717 ἐπόρθει,
1143 649 1479 715 ξυλευόμενός
1505 671 1561 699 τε
1586 650 1670 697 καὶ

249 726 584 796 χορτολογῶν
611 733 697 778 καὶ
724 727 920 792 ἀγορὰν
958 735 1246 790 συλλέγων.
1321 727 1495 789 ἡγεῖτο
1523 724 1563 772 δ᾽
1592 727 1667 771 ἀεὶ

247 811 347 855 τῶν
375 804 797 869 προνομευόντων
820 804 1102 868 χιλίαρχος
1130 803 1295 867 ἕτερος
1333 801 1457 866 παρ᾽
1485 801 1668 867 ἕτερον.

250 882 335 931 καὶ
363 881 573 945 Φαμέας
603 881 625 928 ὁ
656 881 922 945 ἵππαρχος
949 879 973 927 ὁ
1003 881 1103 927 τῶν
1130 875 1360 935 Λιβύων,
1389 875 1494 929 νέος
1521 896 1576 924 τε
1604 875 1670 923 ὢν

252 958 325 1007 ἔτι
353 958 439 1007 καὶ
467 954 782 1020 θρασύτερος
809 956 857 1008 ἐς
881 954 1072 1019 μάχας,
1095 953 1178 1001 καὶ
1209 951 1387 1005 ἵπποις
1413 951 1670 1015 χρώμενος

251 1037 448 1096 μικροῖς
489 1036 575 1080 καὶ
620 1034 826 1095 ταχέσι,
863 1033 951 1079 καὶ
992 1031 1360 1092 ποηφαγοῦσιν
1396 1026 1481 1076 ὅτε
1517 1025 1668 1088 μηδὲν

252 1110 344 1169 εἴη,
408 1109 494 1157 καὶ
557 1105 774 1171 φέρουσι
814 1105 984 1170 δίψος,
1025 1104 1068 1153 εἰ
1116 1104 1329 1165 δεήσειε,
1367 1103 1455 1152 καὶ
1501 1101 1669 1166 λιμόν,

253 1181 705 1247 ὑποκρυπτόμενος
745 1181 796 1229 ἐν
836 1180 1064 1245 λόχμαις
1106 1179 1136 1240 ἢ
1183 1178 1455 1242 φάραγξιν,
1483 1177 1585 1242 ὅπῃ
1624 1198 1670 1224 τι

255 1260 601 1323 ἀμελούμενον
653 1259 765 1312 ἴδοι,
817 1258 1075 1320 ἐφίπτατο
1125 1249 1182 1317 ἐξ
1220 1256 1447 1317 ἀφανοῦς
1491 1251 1556 1303 ὥς
1598 1273 1670 1302 τις

255 1336 416 1388 ἀετός,
444 1334 531 1382 καὶ
558 1332 910 1393 λυμηνάμενος
939 1328 1199 1391 ἀπεπήδα·
1241 1328 1325 1377 ὅτε
1353 1327 1404 1375 δὲ
1443 1327 1672 1376 Σκιπίων

255 1412 427 1475 ἄρχοι,
489 1407 715 1472 οὐδαμοῦ
776 1404 876 1455 οὐδ᾽
940 1404 1259 1471 ἐπεφαίνετο.
1351 1403 1375 1451 ὁ
1436 1403 1537 1468 γάρ
1596 1424 1672 1450 τοι

255 1482 485 1536 Σκιπίων
512 1483 591 1531 ἀεὶ
618 1481 1058 1543 συντεταγμένους
1090 1482 1180 1541 ἦγε
1219 1478 1336 1532 τοὺς
1362 1479 1561 1538 πεζούς,
1589 1479 1673 1526 καὶ

255 1560 373 1613 τοὺς
400 1559 592 1610 ἱππέας
618 1560 719 1606 τῶν
747 1558 921 1606 ἵππων
959 1555 1365 1615 ἐπιβεβηκότας·
1407 1554 1457 1601 ἔν
1483 1574 1538 1601 τε
1563 1557 1674 1606 ταῖς

255 1638 538 1699 προνομαῖς
565 1636 621 1681 οὐ
648 1632 768 1696 πρὶν
788 1632 954 1680 διέλυε
976 1631 1068 1693 τὴν
1086 1630 1334 1693 σύνταξιν
1351 1627 1383 1688 ἢ
1409 1627 1466 1678 τὸ
1483 1627 1672 1684 πεδίον,

257 1711 282 1759 ὃ
309 1711 495 1773 ἔμελλε
523 1709 720 1771 θεριεῖν,
745 1707 968 1756 ἱππεῦσι
993 1706 1079 1755 καὶ
1106 1704 1346 1758 ὁπλίταις
1375 1704 1678 1764 περιλάβοι·

257 1787 343 1836 καὶ
380 1786 496 1835 τότε
540 1783 715 1847 κύκλῳ
756 1782 911 1836 αὐτὸς
952 1782 1145 1847 ἑτέραις
1187 1781 1324 1830 ἴλαις
1362 1779 1564 1828 ἱππέων
1599 1779 1675 1829 ἀεὶ

257 1860 469 1925 περιῄει,
509 1858 596 1908 καὶ
633 1861 734 1908 τῶν
773 1857 1072 1923 θεριζόντων
1109 1856 1197 1905 τὸν
1234 1854 1676 1917 ἀποσκιδνάμενον

254 1938 286 1998 ἢ
315 1935 517 1999 ἐξιόντα
544 1938 636 1984 τοῦ
665 1934 860 1982 κύκλου
887 1935 1083 1993 πικρῶς
1110 1930 1369 1991 ἐκόλαζεν.

920 2109 1006 2149 XV

331 2250 439 2292 101.
465 2243 632 2290 Ὅθεν
660 2241 708 2289 οἷ
732 2240 939 2302 Φαμέας
968 2239 1059 2288 οὐκ
1085 2235 1338 2301 ἐπεχείρει
1363 2235 1515 2299 μόνῳ.
1589 2238 1673 2282 καὶ

256 2317 560 2382 γιγνομένου
610 2316 758 2365 τοῦδε
798 2316 1031 2379 συνεχῶς
1071 2313 1129 2360 τὸ
1172 2313 1264 2375 μὲν
1303 2312 1452 2364 κλέος
1491 2310 1673 2373 ηὔξετο

256 2401 326 2458 τῷ
354 2392 620 2444 Σκιπίωνι,
649 2390 695 2438 οἱ
730 2390 769 2435 δ᾽
799 2391 958 2454 ἕτεροι
1004 2385 1277 2451 χιλίαρχοι
1306 2384 1440 2432 κατὰ
1485 2382 1674 2449 φθόνον

256 2498 344 2540 574

131 294 231 325 CAP.

144 334 221 361 XIV

136 2208 238 2241 CAP.

157 2248 212 2273 XV
