1747 2693
82 292 182 321 CAP.

105 332 161 359 XV

267 156 559 197 APPIAN'S
600 156 835 197 ROMAN
874 154 1181 207 HISTORY,
1218 154 1394 196 BOOK
1433 154 1551 197 VIII

202 278 541 344 ἐλογοποίουν
562 278 728 344 ξενίαν
766 280 819 328 ἐκ
861 299 1096 344 πατερων
1125 278 1253 326 εἶναι
1281 280 1466 344 Φαμέᾳ
1491 278 1615 342 πρὸς

203 354 467 405 Σκιπίωνα
494 354 581 404 τὸν
620 354 768 403 τοῦδε
804 354 1039 403 πάππον.
1116 353 1332 404 Λιβύων
1359 354 1410 402 δὲ
1437 357 1543 403 τοῖς
1570 356 1617 404 ἐς

200 432 427 496 πύργους
467 431 553 480 καὶ
599 429 832 495 φρούρια,
862 430 893 479 ἃ
936 429 1116 478 πολλὰ
1160 429 1221 489 ἦν
1263 430 1314 478 ἐν
1355 432 1416 494 τῇ
1454 428 1617 501 χώρᾳ,

201 510 598 569 καταφυγοῦσιν
648 506 694 555 οἱ
741 506 832 569 μὲν
881 506 1038 554 ἄλλοι
1081 503 1356 569 χιλίαρχοι
1405 503 1618 551 σπενδό-

200 605 340 646 μενοι
389 582 473 631 καὶ
522 582 777 645 μεθιέντες
829 580 1120 629 ἐπετίθεντο
1179 580 1441 635 ἀπιοῦσιν,
1493 578 1516 627 ὁ
1568 578 1619 628 δὲ

203 658 436 709 Σκιπίων
461 660 507 709 ἐς
535 657 599 706 τὰ
627 658 756 706 οἴκοι
793 656 1118 721 παρέπεμπε,
1145 655 1233 703 καὶ
1260 653 1363 704 ἀπὸ
1391 653 1538 703 τοῦδε
1564 656 1621 703 οὐ

203 736 324 798 πρὶν
371 736 402 797 ἢ
454 734 720 782 Σκιπίωνα
770 732 1052 797 ἀφικέσθαι
1105 730 1401 778 συνετίθετο
1446 728 1622 782 οὐδείς.

203 811 436 870 τοσαύτη
469 808 592 870 δόξα
617 809 776 856 αὐτοῦ
804 804 1035 865 ἀνδρείας
1062 827 1116 854 τε
1144 805 1264 869 πέρι
1286 806 1373 855 καὶ
1400 804 1623 858 πίστεως

204 886 290 934 καὶ
317 885 460 950 παρὰ
488 888 593 937 τοῖς
617 882 762 937 ἰδίοις
790 880 850 932 δι᾽
873 880 1053 945 ὀλίγου
1079 880 1345 944 ἐγεγένητο
1373 880 1459 929 καὶ
1480 880 1622 946 παρὰ

205 967 309 1011 τοῖς
335 959 615 1023 πολεμίοις.
692 957 1081 1006 ἐπανελθόντων
1121 957 1160 1004 δ᾽
1186 956 1357 1005 αὐτῶν
1394 955 1499 1003 ἀπὸ
1534 960 1622 1016 τῆς

204 1042 460 1101 προνομῆς
522 1038 569 1089 ἐς
630 1034 687 1084 τὸ
750 1031 1122 1099 στρατόπεδον,
1174 1031 1219 1080 οἱ
1277 1030 1623 1096 Καρχηδόνιοι

204 1112 384 1163 νυκτὸς
445 1111 683 1159 ἐπέθεντο
745 1112 815 1172 τῷ
868 1108 1086 1181 ἐπινείῳ·
1152 1107 1238 1156 καὶ
1288 1106 1509 1169 θόρυβος
1563 1106 1623 1167 ἦν

205 1188 456 1243 ποικίλος,
519 1187 954 1250 συνεπηχούντων
1015 1186 1063 1235 ἐς
1123 1185 1376 1245 ἔκπληξιν
1425 1184 1526 1229 τῶν
1576 1183 1626 1230 ἐν

208 1265 355 1312 ἄστει
407 1261 795 1326 Καρχηδονίων.
883 1258 906 1309 ὁ
956 1259 1046 1323 μὲν
1096 1259 1183 1307 οὖν
1236 1257 1496 1309 Μανίλιος
1539 1256 1626 1304 τὸν

208 1338 432 1403 στρατὸν
459 1339 597 1387 ἔνδον
637 1340 872 1401 συνεῖχεν
911 1337 975 1388 ὡς
1013 1326 1064 1382 ἐν
1101 1333 1284 1400 ἀγνοίᾳ
1324 1336 1413 1381 τοῦ
1441 1335 1625 1386 κακοῦ·

209 1417 231 1463 ὁ
261 1417 311 1463 δὲ
339 1415 567 1463 Σκιπίων
594 1413 798 1461 ἱππέων
825 1413 942 1463 ἴλας
970 1408 1091 1459 δέκα
1107 1408 1294 1468 λαβὼν
1313 1409 1471 1470 ἐπῆγε
1497 1408 1624 1471 μετὰ

208 1492 374 1559 δᾴδων
433 1490 681 1553 ἡμμένων,
743 1487 1006 1552 προειπὼν
1068 1486 1151 1533 διὰ
1202 1485 1294 1547 τὴν
1354 1482 1512 1532 νύκτα
1561 1482 1629 1546 μὴ

209 1565 627 1630 συμπλέκεσθαι,
663 1561 987 1627 περιτρέχειν
1030 1561 1083 1609 δὲ
1123 1561 1219 1609 σὺν
1260 1563 1330 1624 τῷ
1373 1559 1499 1625 πυρὶ
1543 1560 1628 1606 καὶ

210 1643 265 1691 τὸ
306 1643 506 1704 πλῆθος
558 1638 847 1705 ἐπιφαίνειν
896 1638 981 1686 καὶ
1026 1637 1194 1698 φόβον
1235 1633 1629 1698 ἐμπεσουμένων

209 1717 459 1783 παρέχειν
520 1713 612 1772 ἀεί,
673 1713 828 1780 μέχρι
890 1712 1272 1778 ταρασσόμενοι
1334 1709 1539 1776 διχόθεν
1587 1710 1630 1757 οἱ

194 1794 561 1857 Καρχηδόνιοι
611 1791 1023 1851 κατεπλάγησαν
1079 1788 1165 1836 καὶ
1226 1788 1275 1838 ἐς
1334 1784 1426 1848 τὴν
1476 1784 1631 1837 πόλιν

212 1868 482 1934 ἐσέφυγον.
558 1867 644 1915 καὶ
670 1865 784 1914 τόδε
810 1868 913 1917 τοῖς
941 1860 1227 1915 Σκιπίωνος
1257 1859 1630 1925 κατορθώμασι

211 1942 601 2011 προσεγίγνετο.
676 1942 735 2003 ἦν
787 1960 841 1989 τε
891 1939 973 1987 διὰ
1024 1939 1282 2002 στόματος
1333 1937 1418 1985 ἐπὶ
1467 1939 1629 1984 πᾶσιν

214 2022 378 2083 ἔργοις
405 2021 469 2073 ὡς
493 2020 644 2081 μόνος
672 2019 811 2079 ἄξιος
849 2017 1067 2062 Παύλου
1107 2034 1160 2061 τε
1198 2016 1288 2060 τοῦ
1320 2010 1519 2077 πατρὸς
1543 2015 1631 2059 τοῦ

214 2094 519 2143 Μακεδόνας
566 2091 769 2142 ἑλόντος
820 2090 906 2140 καὶ
957 2092 1057 2138 τῶν
1101 2087 1416 2142 Σκιπιώνων,
1456 2087 1504 2140 ἐς
1548 2087 1631 2137 οὓς

216 2170 350 2221 κατὰ
378 2170 521 2219 θέσιν
547 2167 845 2227 ἀνείληπτο.

291 2252 398 2294 102.
444 2245 708 2293 Μανιλίου
757 2243 810 2291 δὲ
859 2242 907 2291 ἐς
955 2239 1181 2304 Νέφεριν
1230 2237 1490 2288 ὁδεύοντος
1552 2237 1633 2285 ἐπὶ

234 2321 567 2387 Ασδρούβαν,
596 2320 958 2384 ἐδυσχεραινεν
985 2313 1007 2362 ὁ
1048 2313 1278 2365 Σκιπίων
1307 2311 1437 2379 ὁρῶν
1460 2311 1631 2364 πάντα

222 2396 529 2461 ἀπόκρημνα
579 2394 664 2443 καὶ
714 2394 989 2456 φάραγγας
1038 2391 1123 2436 καὶ
1170 2390 1390 2455 λόχμας,
1436 2388 1520 2434 καὶ
1571 2387 1631 2432 τὰ

223 2491 307 2542 576
