1747 2693
96 288 196 317 CAP.

107 328 158 355 XV

282 149 575 190 APPIAN'S
615 148 851 190 ROMAN
890 147 1197 199 HISTORY,
1234 146 1414 188 BOOK
1450 144 1568 186 VIII

220 273 408 336 ὑψηλὰ
434 270 837 334 προειλημμένα.
913 270 977 323 ὡς
1016 269 1056 317 δ᾽
1085 268 1190 316 ἀπὸ
1231 266 1456 316 σταδίων
1481 269 1621 331 τριῶν

220 349 514 411 ἐγεγένηντο
543 352 633 398 τοῦ
659 346 981 410 Ἀσδρούβα,
1011 348 1093 395 καὶ
1134 348 1183 400 ἔς
1210 367 1259 395 τι
1286 347 1447 408 ῥεῦμα
1474 366 1629 392 κατα-

216 428 417 487 βάντας
465 429 623 493 ἐχρῆν
671 424 973 487 ἀναβαίνειν
1022 424 1108 474 ἐπὶ
1156 424 1243 473 τὸν
1285 423 1631 489 Ἀσδρούβαν,

218 504 435 551 ἐνέκειτο
472 502 531 565 δὴ
564 500 695 559 τότε,
736 501 823 551 καὶ
861 500 1210 560 συνεβούλευε
1249 504 1544 565 στραφῆναι
1572 500 1633 550 ὡς

218 579 387 626 ἄλλου
405 581 587 642 καιροῦ
607 578 693 626 καὶ
718 581 953 641 μηχανῆς
975 576 1140 636 ἄλλης
1169 575 1251 624 ἐπὶ
1280 575 1367 622 τὸν
1387 573 1631 636 Ἀσδρου-

217 656 322 713 βαν
373 655 651 713 δεομένους.
749 653 1125 712 ἀντιλεγόντων
1186 651 1239 699 δὲ
1297 649 1433 698 κατὰ
1484 651 1634 711 ζῆλον

219 730 378 777 αὐτοῦ
418 732 519 778 τῶν
561 727 744 793 ἑτέρων
787 727 1101 793 χιλιάρχων,
1129 726 1215 775 καὶ
1253 724 1519 789 μαλακίαν
1551 726 1633 773 καὶ

219 805 310 853 οὐκ
373 803 657 862 εὐβουλίαν
718 802 1012 864 ἡγουμένων
1070 801 1111 850 εἰ
1175 801 1293 854 τοὺς
1359 799 1634 863 πολεμίους

219 879 409 930 ἰδόντες
439 878 889 944 ἀναχωρήσουσιν,
918 878 971 926 ἐν
997 876 1034 943 ᾧ
1070 876 1157 925 καὶ
1196 879 1633 942 καταφρονοῦντες

220 957 502 1018 φεύγουσιν
552 954 919 1010 ἐπικείσονται,
971 950 1178 1015 δεύτερα
1240 951 1436 1001 τούτων
1494 950 1635 1013 ἠξίου

220 1029 576 1096 στρατόπεδον
625 1028 724 1093 πρὸ
774 1032 864 1078 τοῦ
923 1027 1174 1091 ῥεύματος
1234 1027 1439 1090 ἐγεῖραι,
1491 1026 1547 1075 ἵν᾽
1598 1027 1637 1072 εἰ

218 1107 504 1165 βιασθεῖεν,
551 1106 717 1167 ἔχοιεν
757 1104 1106 1169 ἀναχώρησιν,
1147 1101 1238 1150 οὐκ
1287 1102 1430 1154 ὄντος
1467 1101 1638 1153 αὐτοῖς

219 1185 308 1229 νῦν
357 1180 459 1229 οὐδ᾽
510 1180 631 1229 ὅποι
681 1176 1068 1243 καταφεύγοιεν.
1158 1176 1208 1225 οἱ
1257 1176 1308 1224 δὲ
1348 1176 1433 1223 καὶ
1487 1180 1634 1224 τοῦτο

221 1255 427 1318 ἐγέλων,
457 1255 541 1303 καὶ
589 1255 645 1303 τὸ
689 1254 832 1318 ξίφος
877 1274 953 1306 τις
995 1250 1281 1313 ἠπείλησεν
1308 1250 1636 1318 ἀπορρίψειν,

221 1330 260 1379 εἰ
299 1330 367 1393 μὴ
406 1329 662 1382 Μανίλιος
698 1327 841 1377 ἀλλὰ
873 1324 1104 1378 Σκιπίων
1145 1325 1313 1393 ἄρχοι.
1390 1326 1639 1387 διέβαινεν

221 1408 305 1455 οὖν
335 1408 356 1454 ὁ
394 1406 666 1459 Μανίλιος,
696 1404 811 1453 οὐδὲ
852 1403 1027 1452 τἄλλα
1073 1403 1141 1452 ὢν
1183 1401 1638 1464 ἐμπειροπόλεμος,

220 1482 305 1530 καὶ
334 1482 470 1544 αὐτῷ
498 1481 790 1544 περάσαντι
824 1477 846 1527 ὁ
876 1477 1203 1540 Ἀσδρούβας
1241 1477 1463 1539 ἀπήντα,
1492 1476 1638 1542 φόνος

221 1579 275 1606 τε
335 1559 394 1617 ἦν
445 1557 611 1609 πολὺς
660 1556 714 1616 ἐξ
764 1554 1029 1615 ἑκατέρων.
1104 1553 1187 1601 καὶ
1241 1553 1263 1600 ὁ
1315 1551 1640 1612 Ἀσδρούβας

221 1631 530 1696 ἀναδραμὼν
579 1632 626 1684 ἐς
675 1630 732 1678 τὸ
784 1629 1040 1691 φρούριον,
1083 1628 1203 1676 ἔνθα
1252 1627 1408 1688 μηδὲν
1458 1627 1639 1675 παθεῖν

222 1706 449 1760 ἐδύνατο,
500 1704 772 1771 ἐφήδρευεν
823 1705 1068 1752 ἀπιοῦσιν
1127 1701 1418 1751 ἐπιθέσθαι.
1494 1701 1542 1750 οἱ
1591 1701 1638 1750 δὲ

223 1781 321 1829 σὺν
367 1781 613 1845 μετανοίᾳ
661 1783 762 1830 τῶν
811 1777 1095 1842 γεγονότων
1144 1777 1466 1843 ἀπεχώρουν,
1517 1775 1640 1843 ἄχρι

219 1856 310 1919 μὲν
337 1857 421 1905 ἐπὶ
450 1856 506 1905 τὸ
535 1857 697 1919 ῥεῦμα
723 1856 773 1905 ἐν
808 1855 968 1918 τάξει·
1011 1851 1277 1919 δυσπόρου
1316 1851 1353 1899 δ᾽
1382 1854 1525 1904 ὄντος
1551 1856 1638 1901 τοῦ

221 1935 476 1992 ποταμοῦ,
505 1933 590 1980 καὶ
619 1930 918 1982 διαβάσεων
944 1926 1134 1992 ὀλίγων
1161 1948 1214 1975 τε
1241 1927 1324 1977 καὶ
1357 1927 1639 1992 δυσχερῶν,

221 2008 269 2059 ἐς
344 2007 560 2069 ἀταξίαν
638 2006 900 2071 διῃροῦντο
981 2004 1066 2052 ὑπ᾽
1129 2003 1368 2065 ἀνάγκης.
1469 2001 1553 2050 καὶ
1616 2000 1637 2049 ὁ

220 2079 553 2146 Ἀσδρούβας
616 2081 850 2143 καθορῶν
911 2077 1139 2127 ἐπέκειτο
1212 2080 1466 2140 λαμπρῶς
1525 2076 1639 2125 τότε

219 2157 474 2217 μάλιστα,
522 2156 606 2205 καὶ
658 2155 860 2217 πλῆθος
911 2153 1128 2202 ἔκτεινεν
1173 2151 1274 2200 οὐδ᾽
1313 2151 1638 2215 ἀμυνομένων

221 2231 363 2279 ἀλλὰ
389 2230 697 2295 φευγόντων.
773 2229 962 2278 ἔπεσον
999 2228 1049 2278 δὲ
1087 2228 1172 2275 καὶ
1212 2230 1310 2275 τῶν
1344 2228 1636 2293 χιλιάρχων

221 2311 354 2372 τρεῖς
397 2309 447 2356 οἳ
488 2306 576 2356 τὸν
616 2305 912 2368 στρατηγὸν
953 2305 1186 2355 μάλιστα
1226 2301 1568 2351 ἐπεπείκεσαν
1593 2303 1633 2354 ἐς

221 2382 313 2444 τὴν
337 2383 526 2445 μάχην.

222 2474 309 2528 578
