1747 2693
127 256 229 284 CAP.

148 295 203 323 XV

312 119 603 162 APPIAN'S
642 116 875 159 ROMAN
918 112 1224 162 HISTORY,
1262 111 1441 152 BOOK
1478 108 1596 149 VIII

321 250 426 292 103.
463 240 524 291 Ὁ
556 240 606 290 δὲ
626 238 854 292 Σκιπίων
872 235 1196 299 τριακοσίους
1218 232 1406 288 ἱππέας
1425 233 1508 286 οὓς
1527 232 1661 296 εἶχεν

248 318 374 383 ἀμφ᾽
401 316 574 371 αὑτόν,
603 315 690 364 καὶ
715 315 868 366 ὅσους
889 312 1081 363 ἄλλους
1110 312 1424 372 συναγαγεῖν
1451 308 1661 372 ἔφθασε,

246 393 426 442 διελὼν
476 393 524 444 ἐς
585 389 673 440 δύο
728 393 832 442 τοῖς
889 388 1092 451 ἐχθροῖς
1141 386 1300 446 ἐπῆγε
1350 384 1445 431 σὺν
1496 381 1660 445 δρόμῳ

245 476 448 533 πολλῷ,
499 465 645 528 παρὰ
695 465 841 525 μέρος
898 459 1257 521 ἀκοντίζοντάς
1306 479 1360 507 τε
1399 458 1485 506 καὶ
1521 456 1664 508 εὐθὺς

247 545 667 609 ἀποχωροῦντας,
731 539 819 587 εἶτ᾽
870 538 1018 590 αὖθις
1068 536 1306 586 ἐπιόντας
1357 533 1446 582 καὶ
1505 536 1665 579 πάλιν

250 621 396 670 εὐθὺς
446 615 843 675 ἀποπηδῶντας.
942 613 1071 660 οὕτω
1113 612 1213 674 γὰρ
1256 609 1422 674 εἴρητο
1473 609 1665 662 αὐτοῖς,

249 694 368 747 τοὺς
394 693 607 756 ἡμίσεας
636 690 714 739 ἀεὶ
752 686 896 754 παρὰ
933 686 1082 752 μέρος
1120 685 1317 733 ἐπιέναι
1355 682 1440 731 καὶ
1468 681 1663 730 ἀκοντί-

251 791 447 821 σαντας
487 768 811 821 ἀπελαύνειν,
842 766 1019 826 ὥσπερ
1059 763 1108 811 ἐν
1147 759 1322 823 κύκλῳ
1361 757 1666 823 περιιόντας.

248 844 548 907 γιγνομένου
611 842 662 891 δὲ
712 841 860 889 τοῦδε
907 840 1119 892 πυκνοῦ,
1169 836 1258 883 καὶ
1319 833 1666 896 διαστήματος

252 920 451 970 οὐδενὸς
480 920 637 972 ὄντος,
667 915 713 965 οἱ
737 915 828 977 μὲν
868 914 1060 975 Λίβυες
1087 910 1383 971 ἐβάλλοντο
1424 910 1667 973 συνεχῶς,

251 997 340 1046 καὶ
390 992 788 1058 ἐπιστρέφοντες
838 991 884 1043 ἐς
927 987 1013 1038 τὸν
1062 984 1326 1036 Σκιπίωνα
1363 985 1532 1046 ἧσσον
1568 987 1668 1033 τοῖς

252 1076 480 1137 περῶσιν
542 1069 816 1122 ἐπέκειντο,
869 1066 913 1113 οἱ
976 1063 1016 1111 δ᾽
1067 1063 1304 1127 ἔφθασαν
1346 1060 1566 1107 διελθεῖν
1615 1058 1669 1105 τὸ

253 1149 431 1212 ῥεῦμα.
525 1146 610 1193 καὶ
662 1143 685 1191 ὁ
737 1134 968 1192 Σκιπίων
1017 1136 1098 1187 ἐπ᾽
1147 1138 1322 1187 αὐτοῖς
1371 1134 1672 1200 ἀφίππευσε

253 1221 583 1284 βαλλόμενός
611 1241 665 1268 τε
691 1219 776 1267 καὶ
813 1217 1079 1281 χαλεπῶς.
1153 1216 1365 1276 σπεῖραι
1394 1210 1433 1258 δ᾽
1462 1211 1512 1259 ἐν
1538 1211 1671 1274 ἀρχῇ

256 1298 403 1347 τοῦδε
452 1300 544 1346 τοῦ
591 1295 750 1343 πόνου
802 1291 1052 1352 τέσσαρες
1107 1287 1526 1354 ἀποσχισθεῖσαι
1586 1287 1674 1329 τοῦ

255 1373 507 1438 ῥεύματος
548 1369 646 1420 ὑπὸ
687 1371 786 1417 τῶν
825 1366 1086 1427 πολεμίων
1124 1365 1171 1418 ἔς
1210 1377 1327 1412 τινα
1360 1360 1526 1426 λόφον
1566 1361 1672 1408 ἀνέ-

257 1449 464 1512 δραμον·
517 1446 606 1495 καὶ
654 1442 815 1496 αὐτὰς
865 1440 889 1490 ὁ
938 1439 1269 1501 Ἀσδρούβας
1319 1436 1674 1500 περιεκάθητο,

260 1524 579 1587 ἀγνοούντων
608 1521 681 1569 ἔτι
707 1517 988 1582 Ῥωμαίων,
1017 1517 1107 1569 ἕως
1133 1515 1516 1577 ἐστάθμευσαν.
1567 1512 1675 1559 ἐπεὶ

260 1598 300 1647 δ᾽
341 1599 545 1662 ἔμαθον,
583 1594 825 1659 ἠπόρουν,
865 1592 952 1641 καὶ
994 1595 1098 1644 τοῖς
1148 1589 1238 1654 μὲν
1275 1589 1442 1638 ἐδόκει
1473 1587 1677 1657 φεύγειν

261 1675 345 1723 καὶ
385 1674 453 1736 μὴ
501 1671 800 1721 κινδυνεύειν
843 1670 1015 1716 ἅπασι
1054 1667 1115 1716 δι᾽
1153 1665 1374 1727 ὀλίγους,
1403 1661 1426 1711 ὁ
1470 1662 1520 1710 δὲ
1562 1660 1676 1710 Σκι-

262 1742 391 1792 πίων
442 1740 709 1790 ἐδίδασκεν
746 1737 1044 1801 ἀρχομένων
1093 1736 1182 1797 μὲν
1226 1735 1384 1797 ἔργων
1427 1731 1677 1800 εὐβουλίᾳ

261 1811 511 1880 χρῆσθαι,
558 1807 944 1857 κινδυνεύοντων
989 1803 1039 1852 δὲ
1082 1803 1276 1868 ἀνδρῶν
1321 1799 1546 1848 τοσῶνδε
1593 1797 1677 1847 καὶ

265 1879 487 1942 σημείων
537 1876 702 1939 τόλμῃ
751 1874 1064 1937 παραβόλῳ.
1150 1870 1303 1922 αὐτὸς
1353 1869 1391 1917 δ᾽
1442 1867 1678 1926 ἐπιλεξά-

263 1947 410 2011 μενός
436 1968 577 2001 τινας
615 1943 815 1993 ἱππέων
843 1945 975 1998 ἴλας,
1003 1938 1297 1988 ἐπανοίσειν
1326 1938 1421 2001 ἔφη
1448 1936 1678 1991 ἐκείνους,

266 2018 297 2078 ἢ
323 2016 519 2084 χαίρων
557 2016 733 2066 αὐτοῖς
771 2009 1203 2060 συναπολεῖσθαι.
1280 2006 1367 2055 δύο
1405 2027 1460 2054 τε
1487 2006 1680 2069 ἡμερῶν

266 2085 415 2134 σιτία
471 2084 638 2147 φέρων
698 2082 844 2132 εὐθὺς
899 2080 1066 2132 ὥδευε,
1128 2075 1349 2127 δεδιότος
1408 2076 1544 2122 πάνυ
1592 2076 1682 2121 τοῦ

268 2157 496 2220 στρατοῦ
534 2154 603 2212 μὴ
644 2148 746 2200 οὐδ᾽
798 2147 951 2200 αὐτὸς
993 2145 1287 2195 ἐπανέλθοι.
1362 2144 1425 2194 ὡς
1478 2141 1515 2189 δ᾽
1563 2143 1682 2204 ἧκεν

268 2225 353 2271 ἐπὶ
398 2223 484 2271 τὸν
521 2219 686 2285 λόφον
729 2219 850 2267 ἔνθα
878 2218 1013 2279 ἦσαν
1049 2215 1094 2262 οἱ
1129 2210 1569 2276 πολιορκούμενοι,
1595 2209 1680 2258 τὸν

268 2292 358 2351 μὲν
409 2291 644 2353 ἄντικρυς
694 2289 854 2336 αὐτοῦ
910 2284 1074 2347 δρόμῳ
1126 2281 1408 2341 κατέλαβε,
1460 2279 1546 2329 καὶ
1593 2276 1683 2341 μία

269 2359 385 2411 τοὺς
437 2358 523 2406 δύο
572 2356 814 2420 χαράδρα
865 2355 1096 2415 διεῖργεν,
1138 2350 1184 2398 οἱ
1227 2349 1281 2399 δὲ
1329 2348 1523 2408 Λίβυες
1570 2345 1684 2394 τότε

269 2452 357 2506 580
