1747 2693
140 270 240 298 CAP.

158 309 214 335 XV

323 133 619 177 APPIAN'S
659 135 894 176 ROMAN
933 135 1241 189 HISTORY,
1278 137 1456 179 BOOK
1494 137 1609 177 VIII

257 255 497 318 μάλιστα
521 255 780 306 ἐπέκειντο
808 260 913 309 τοῖς
951 258 1403 322 πολιορκουμένοις
1429 258 1515 307 καὶ
1552 258 1675 323 πρὸς

257 331 444 380 αὐτοὺς
506 333 847 384 ἐνενεύκεσαν,
912 334 976 384 ὡς
1041 335 1182 380 οὔπω
1249 336 1527 394 δυναμένου
1588 337 1675 381 τοῦ

256 404 540 457 Σκιπίωνος
603 407 892 471 ἐπικουρεῖν
942 408 997 471 ἐξ
1058 406 1352 472 ὁδοιπορίας
1412 406 1674 456 συντόνου.

257 478 280 527 ὁ
321 479 374 528 δὲ
415 477 648 529 Σκιπίων
678 483 742 533 ὡς
780 480 879 530 εἶδε
916 482 1006 534 τὰς
1051 482 1207 542 πέζας
1244 486 1343 532 τῶν
1379 481 1465 531 δύο
1498 482 1675 548 λόφων

256 555 348 618 τὴν
380 556 651 620 χαράδραν
689 557 1005 619 περιιούσας,
1036 557 1122 606 τὸν
1149 558 1325 617 καιρὸν
1364 558 1419 606 οὐ
1445 558 1673 615 μεθῆκεν,

257 631 401 678 ἀλλὰ
428 631 734 694 περιέδραμε
768 631 827 680 δι᾽
863 632 1033 680 αὐτῶν
1062 632 1190 694 ὑπὲρ
1225 632 1342 686 τοὺς
1381 631 1681 692 πολεμίους.

256 705 304 753 οἱ
353 705 390 753 δ᾽
442 706 538 765 ἤδη
577 707 915 767 κυκλούμενοι
953 708 1219 770 διέφευγον
1258 710 1515 769 ἀκόσμως,
1555 711 1671 769 μεθ-

255 781 414 830 ιέντος
476 782 664 831 αὐτοὺς
725 782 931 830 ἀπιέναι
999 785 1090 830 τοῦ
1159 782 1439 834 Σκιπίωνος
1502 782 1673 839 ἀδεῶς,

253 855 395 905 πολὺ
433 855 678 909 πλείονας
718 857 883 908 ὄντας.

329 938 436 978 104.
486 934 639 978 Οὕτω
665 933 756 994 μὲν
783 931 841 992 δὴ
871 931 960 981 καὶ
986 931 1173 981 τούσδε
1201 930 1224 979 ὁ
1251 931 1481 984 Σκιπίων
1507 933 1671 997 περιέ-

255 1028 426 1054 σωσεν
477 1008 528 1055 ἐν
576 1008 869 1070 ἀπογνώσει
918 1007 1230 1070 γενομένους.
1305 1007 1392 1056 καὶ
1441 1008 1596 1058 αὐτὸν
1646 1012 1670 1071 ἡ

254 1082 481 1146 στρατιὰ
514 1082 771 1146 μακρόθεν
808 1082 991 1131 ἰδοῦσα
1030 1084 1086 1145 ἐξ
1121 1082 1355 1131 ἀέλπτου
1390 1105 1672 1147 περισεσω-

254 1157 438 1219 σμένον
487 1178 541 1204 τε
584 1157 672 1205 καὶ
721 1157 1092 1220 περισώσαντα
1132 1157 1249 1210 τοὺς
1288 1158 1501 1221 ἑτέρους,
1542 1157 1672 1221 μέγα

252 1232 530 1294 ἠλάλαξαν
559 1232 807 1294 ἡδόμενοι.
835 1232 922 1280 καὶ
960 1231 1222 1294 δαιμόνιον
1258 1232 1398 1296 αὐτῷ
1436 1240 1671 1295 συλλαμ-

252 1309 431 1360 βάνειν
493 1306 746 1368 ἐδόξαζον,
811 1306 835 1356 ὃ
897 1307 982 1355 καὶ
1038 1311 1107 1370 τῷ
1168 1307 1371 1371 πάππῳ
1424 1306 1668 1358 Σκιπίωνι

253 1382 626 1447 προσημαίνειν
685 1382 846 1431 ἐδόκει
907 1383 972 1430 τὰ
1032 1383 1313 1444 μέλλοντα.
1390 1384 1413 1431 ὁ
1473 1385 1564 1444 μὲν
1614 1384 1668 1444 δὴ

253 1460 510 1508 Μανίλιος
536 1459 858 1518 ἀνεζεύγνυεν
897 1459 945 1510 ἐς
984 1458 1039 1506 τὸ
1079 1456 1207 1519 πρὸς
1245 1462 1306 1523 τῇ
1334 1456 1486 1506 πόλει
1513 1481 1668 1523 στρα-

251 1531 483 1587 τόπεδον,
504 1532 715 1591 πολλὴν
740 1531 877 1581 τίσιν
906 1532 1157 1599 ὑποσχὼν
1183 1536 1276 1582 τοῦ
1299 1532 1369 1595 μὴ
1396 1534 1669 1595 πεισθῆναι

252 1606 501 1656 Σκιπίωνι
529 1612 616 1670 τῆς
656 1607 933 1670 στρατείας
967 1607 1332 1672 ἀποτρέποντι·
1373 1608 1672 1673 ἀχθομένων

251 1682 302 1730 δὲ
353 1683 561 1731 πάντων
612 1685 696 1731 ἐπὶ
747 1688 808 1749 τῇ
858 1686 959 1733 τῶν
1008 1682 1275 1732 πεσόντων
1325 1684 1543 1750 ἀταφίᾳ,
1585 1686 1671 1733 καὶ

250 1759 486 1818 μάλιστα
535 1759 620 1808 ἐπὶ
684 1763 791 1812 τοῖς
837 1759 1152 1823 χιλιάρχοις,
1206 1757 1228 1806 ὁ
1280 1756 1510 1809 Σκιπίων
1559 1760 1670 1807 τινὰ

249 1826 417 1878 λύσας
439 1831 539 1876 τῶν
560 1826 912 1891 αἰχμαλώτων
933 1828 1140 1891 ἔπεμψε
1167 1826 1294 1890 πρὸς
1320 1826 1668 1887 Ἀσδρούβαν,

249 1898 337 1942 καὶ
365 1898 583 1960 παρῄνει
608 1897 788 1960 θάψαι
812 1896 929 1950 τοὺς
955 1896 1281 1960 χιλιάρχους.
1357 1894 1380 1943 ὁ
1409 1895 1449 1943 δ᾽
1477 1897 1666 1957 ἐρευνη-

250 1965 468 2028 σάμενος
509 1964 571 2014 τὰ
612 1965 779 2028 νεκρά,
807 1964 891 2013 καὶ
931 1964 1034 2014 ἀπὸ
1075 1970 1162 2027 τῆς
1202 1965 1488 2029 σφραγῖδος
1516 1965 1669 2029 εὑρών

249 2037 666 2096 (χρυσοφοροῦσι
707 2036 805 2095 γὰρ
845 2036 945 2082 τῶν
991 2032 1409 2096 στρατευομένων
1448 2032 1497 2081 οἱ
1531 2038 1666 2097 χιλί-

250 2123 419 2166 αρχοι,
459 2105 559 2151 τῶν
598 2101 889 2150 ἐλαττόνων
928 2102 1443 2164 σιδηροφορούντων),
1471 2102 1666 2167 ἔθαψεν

247 2171 448 2225 αὐτούς,
490 2171 589 2219 εἴτε
633 2171 689 2218 τὸ
718 2171 867 2234 ἔργον
909 2171 1225 2235 ἀνθρώπειον
1266 2171 1351 2219 καὶ
1401 2169 1569 2219 κοινὸν
1617 2172 1664 2219 ἐν

246 2243 349 2291 τοῖς
411 2242 657 2301 πολέμοις
717 2241 1009 2300 ἡγούμενος,
1071 2239 1171 2287 εἴτε
1232 2238 1323 2296 τὴν
1382 2238 1662 2292 Σκιπίωνος

245 2305 400 2369 δόξαν
442 2307 538 2368 ἤδη
584 2307 754 2360 δεδιώς
794 2329 847 2356 τε
887 2307 974 2357 καὶ
1017 2305 1325 2369 θεραπεύων.
1397 2305 1662 2369 Ῥωμαίοις

244 2374 283 2422 δ᾽
313 2375 714 2439 ἀναζευγνύουσι
739 2376 833 2438 μὲν
859 2375 964 2424 ἀπὸ
992 2379 1081 2423 τοῦ
1106 2374 1408 2437 Ἀσδρούβα
1435 2374 1659 2422 ἐπέκειτο

244 2468 328 2520 582
