1747 2693
135 280 240 310 CAP.

157 321 213 348 XV

135 756 236 789 CAP.

135 798 208 825 XVI

323 145 616 185 APPIAN'S
656 146 888 187 ROMAN
929 146 1236 197 HISTORY,
1274 147 1452 189 BOOK
1493 148 1607 188 VIII

258 266 483 330 Φαμέας,
523 266 604 314 διὰ
643 266 698 315 τὸ
741 271 982 331 πταῖσμα
1022 268 1434 331 θορυβουμένοις·
1473 265 1672 319 ἐσιοῦσι

256 334 308 383 δὲ
386 335 432 382 οἱ
496 335 842 400 Καρχηδόνιοι
919 341 1009 398 τῆς
1070 337 1269 391 πόλεως
1336 338 1671 400 ἐκδραμόντες

253 403 506 467 ὑπήντων,
527 404 617 452 καί
643 425 755 458 τινα
782 405 868 453 καὶ
897 408 996 454 τῶν
1023 407 1353 470 σκευοφόρων
1370 408 1672 473 διέφθειραν.

909 624 1017 665 XVI

327 748 444 792 105.
472 743 561 791 Ἐν
611 745 774 807 τούτῳ
826 745 877 791 δὲ
925 746 1010 792 καὶ
1074 747 1101 805 ἡ
1165 747 1457 807 σύγκλητος
1519 749 1565 802 ἐς
1617 749 1671 798 τὸ

257 811 610 876 στρατόπεδον
639 812 835 875 ἔπεμπε
864 814 979 864 τοὺς
1018 815 1308 876 εἰσομένους
1336 817 1421 864 καὶ
1447 818 1672 877 μεταδώ-

254 902 442 929 σοντας
505 882 633 945 αὐτῇ
696 882 760 929 τὰ
820 880 1203 945 ἀκριβέστατα,
1266 882 1344 947 ἐφ᾽
1405 883 1473 933 ὧν
1534 887 1557 934 ὅ
1621 909 1670 935 τε

255 948 515 1002 Μανίλιος
561 949 647 998 καὶ
696 949 751 997 τὸ
804 949 1066 1013 συνέδριον
1116 950 1206 997 καὶ
1254 952 1303 999 οἱ
1351 954 1527 1002 λοιποὶ
1575 958 1670 1008 τῶν

252 1018 565 1082 χιλιάρχων,
628 1019 951 1080 ἐσβεσμένου
1012 1022 1102 1066 τοῦ
1169 1020 1365 1083 φθόνου
1437 1020 1519 1069 διὰ
1583 1022 1673 1085 τὴν

252 1086 555 1150 εὐπραγίαν,
618 1087 935 1150 ἐμαρτύρουν
1007 1090 1077 1160 τῷ
1151 1089 1417 1142 Σκιπίωνι,
1487 1090 1574 1140 καὶ
1648 1090 1669 1140 ὁ

252 1154 480 1220 στρατὸς
530 1154 668 1207 ἅπας
720 1154 809 1204 καὶ
857 1154 922 1202 τὰ
972 1155 1097 1217 ἔργα
1147 1157 1228 1203 ἐπ᾽
1278 1158 1496 1212 ἐκείνοις,
1549 1160 1670 1207 ὥστ᾽

253 1222 625 1275 ἐπανελθόντες
651 1222 700 1272 οἱ
725 1222 975 1286 πρέσβεις
1005 1222 1315 1286 διεθρόησαν
1352 1227 1398 1278 ἐς
1438 1227 1669 1281 ἅπαντας

254 1291 345 1354 τὴν
390 1291 656 1355 ἐμπειρίαν
698 1291 784 1339 καὶ
824 1291 1080 1354 ἐπίτενξιν
1121 1297 1211 1342 τοῦ
1257 1290 1542 1348 Σκιπίωνος
1587 1298 1671 1346 καὶ

252 1366 342 1422 τῆς
380 1366 633 1422 στρατιᾶς
673 1360 766 1423 τὴν
805 1361 852 1414 ἐς
888 1361 1043 1409 αὐτὸν
1088 1361 1260 1424 ὁρμήν.
1336 1365 1365 1424 ἡ
1409 1362 1461 1412 δὲ
1499 1366 1670 1427 βουλὴ

253 1429 452 1481 τούτοις
512 1429 603 1492 μὲν
664 1429 852 1494 ἔχαιρε,
915 1433 1132 1478 πολλῶν
1207 1430 1256 1478 δὲ
1329 1433 1672 1499 γεγενημένων

254 1499 601 1561 πταισμάτων
626 1499 673 1550 ἐς
702 1500 1122 1560 Μασσανάσσην
1149 1502 1361 1561 ἔπεμπε,
1390 1503 1478 1550 καὶ
1515 1524 1670 1566 παρε-

253 1566 403 1615 κάλει
431 1571 727 1631 συμμαχεῖν
753 1566 909 1615 αὐτὸν
926 1568 1215 1630 ἐρρωμένως
1234 1569 1318 1618 ἐπὶ
1339 1569 1670 1634 Καρχηδόνα.

255 1633 278 1682 ὁ
307 1633 346 1682 δ᾽
367 1634 464 1682 ὑπὸ
492 1634 584 1698 μὲν
611 1633 712 1683 τῶν
737 1634 1014 1699 πρέσβεων
1040 1637 1100 1685 οὐ
1125 1639 1448 1701 κατελήφθη,
1468 1640 1671 1702 κάμνων

253 1702 306 1750 δὲ
347 1703 484 1770 γήρᾳ
524 1704 610 1753 καὶ
653 1702 804 1768 νόσῳ,
834 1704 922 1752 καὶ
960 1704 1152 1758 παῖδας
1196 1706 1330 1771 ἔχων
1371 1707 1549 1762 νόθους
1583 1709 1671 1772 μὲν

251 1771 513 1827 πλείονας,
543 1772 616 1826 οἷς
643 1772 922 1836 ἐδεδώρητο
959 1775 1155 1831 πολλά,
1184 1776 1426 1836 γνησίους
1452 1776 1505 1827 δὲ
1542 1783 1672 1843 τρεῖς

253 1841 396 1888 οὐδὲν
447 1841 705 1902 ἀλλήλοις
753 1843 818 1889 τὰ
870 1843 995 1904 ἔργα
1048 1844 1295 1899 ἐοικότας,
1347 1846 1522 1895 ἐκάλει
1584 1846 1669 1896 τὸν

252 1908 520 1958 Σκιπίωνα
545 1910 678 1958 κατὰ
706 1911 888 1967 φιλίαν
928 1912 1088 1959 αὐτοῦ
1117 1933 1169 1961 τε
1195 1913 1283 1960 καὶ
1321 1917 1410 1963 τοῦ
1447 1914 1670 1964 πάππου

252 1977 560 2041 σύμβουλόν
603 1978 649 2026 οἱ
689 1978 805 2042 περὶ
856 1982 955 2027 τῶν
1006 1979 1195 2028 τέκνων
1233 1981 1322 2030 καὶ
1372 1986 1460 2044 τῆς
1509 1985 1671 2047 ἀρχῆς

252 2046 511 2109 ἐσόμενον.
587 2047 610 2095 ὁ
655 2047 705 2094 δὲ
743 2048 820 2111 ᾔει
859 2048 952 2111 μὲν
996 2049 1199 2106 αὐτίκα,
1235 2051 1417 2112 μικρὸν
1456 2051 1507 2101 δὲ
1551 2054 1670 2103 πρὶν

251 2116 422 2162 ἐλθεῖν
449 2116 472 2162 ὁ
502 2117 915 2177 Μασσανάσσης
943 2119 1242 2182 ἀποψύχων
1271 2113 1545 2183 ἐπέσκηψε
1567 2126 1670 2173 τοῖς

250 2182 407 2238 παισὶ
458 2183 734 2233 πείθεσθαι
783 2188 875 2245 τοῦ
924 2181 1227 2242 Σκιπίωνος,
1274 2189 1338 2242 ὡς
1388 2189 1448 2236 ἂν
1497 2190 1669 2243 αὐτοῖς

250 2252 419 2318 διαιρῇ
448 2253 511 2299 τὰ
541 2253 662 2299 ὄντα

322 2327 430 2369 106.
461 2322 564 2369 Καὶ
593 2320 616 2369 ὁ
642 2321 735 2384 μὲν
761 2322 897 2370 τοῦτ᾽
917 2322 1072 2370 εἰπὼν
1099 2323 1449 2384 ἐτελεύτησεν,
1472 2327 1597 2388 ἀνὴρ
1625 2328 1664 2379 ἐς

247 2389 421 2436 πάντα
460 2390 727 2454 ἐπιτυχής,
757 2391 795 2454 ᾧ
824 2391 914 2453 τὴν
955 2392 1042 2440 μὲν
1083 2392 1252 2456 ἀρχὴν
1294 2393 1385 2456 τὴν
1425 2394 1664 2460 πατρῴαν

248 2480 339 2533 584
