<?xml version="1.0" encoding="UTF-8"?>
<PcGts xmlns:xsi="http://www.w3.org/2001/XMLSchema-instance" xmlns="http://schema.primaresearch.org/PAGE/gts/pagecontent/2013-07-15" xsi:schemaLocation="http://schema.primaresearch.org/PAGE/gts/pagecontent/2013-07-15 http://schema.primaresearch.org/PAGE/gts/pagecontent/2013-07-15/pagecontent.xsd">
	<Metadata>
		<Creator/>
		<Created>2014-06-06T03:03:50</Created>
		<LastChange>2014-06-06T03:03:50</LastChange>
	</Metadata>
	<Page imageFilename="0602.jpg" imageWidth="1747" imageHeight="2693">
		<TextRegion type="paragraph" id="r2">
			<Coords points="118,300 229,300 230,385 116,382 116,368"/>
			<TextLine id="r37">
				<Coords points="140,305 144,305 144,306 146,306 146,307 210,307 210,308 212,308 212,310 213,310 213,316 214,316 214,328 222,328 222,329 223,329 223,331 224,331 223,331 223,333 221,333 221,334 218,334 218,335 138,335 138,334 136,334 136,333 135,333 135,332 134,332 134,331 133,331 133,330 132,330 132,329 131,329 131,328 130,328 130,326 129,326 129,324 128,324 128,319 127,319 128,319 128,315 129,315 129,312 130,312 130,310 131,310 131,309 132,309 132,308 133,308 133,307 134,307 134,306 136,306 136,305 140,305 140,304"/>
				<Word id="r1246">
					<Coords points="139,305 144,306 146,307 209,307 211,308 228,336 137,333 133,330 129,325 128,323 128,314 129,311 132,308 135,306"/>
					<TextEquiv>
						<Unicode>CAP.</Unicode>
					</TextEquiv>
				</Word>
				<TextEquiv>
					<Unicode>CAP.</Unicode>
				</TextEquiv>
			</TextLine>
			<TextLine id="r38">
				<Coords points="195,345 195,346 217,346 217,348 216,348 216,361 215,361 215,373 214,373 214,374 214,373 141,373 141,346 142,346 142,345"/>
				<Word id="r1247">
					<Coords points="142,345 194,345 216,346 214,350 214,372 141,372 141,346"/>
					<TextEquiv>
						<Unicode>XVI</Unicode>
					</TextEquiv>
				</Word>
				<TextEquiv>
					<Unicode>XVI</Unicode>
				</TextEquiv>
			</TextLine>
		</TextRegion>
		<TextRegion type="paragraph" id="r1">
			<Coords points="323,152 238,314 235,2580 1702,2573 1697,140 1021,128"/>
			<TextLine id="r100">
				<Coords points="1554,163 1594,163 1595,164 1593,165 1592,167 1591,172 1594,196 1599,206 1589,207 1499,205 1381,206 1375,207 1231,208 1222,216 1220,217 1217,218 1207,209 313,208 312,207 318,199 320,195 321,190 323,188 325,180 327,178 328,174 329,172 331,169 360,167 1553,164"/>
				<Word id="r1000">
					<Coords points="361,167 604,167 605,190 605,200 604,203 603,205 600,207 599,208 312,207 318,200 320,196 321,193 322,189 324,186 325,182 326,179 328,176 329,173 331,169 359,169"/>
					<TextEquiv>
						<Unicode>APPIAN&apos;S</Unicode>
					</TextEquiv>
				</Word>
				<Word id="r1001">
					<Coords points="773,166 773,167 826,167 826,168 879,168 878,168 878,180 877,180 877,192 876,192 876,204 866,204 866,205 857,205 857,206 738,206 738,207 647,207 647,167 646,167 773,167"/>
					<TextEquiv>
						<Unicode>ROMAN</Unicode>
					</TextEquiv>
				</Word>
				<Word id="r1003">
					<Coords points="1170,165 1170,166 1211,166 1209,166 1209,167 1207,167 1207,168 1206,168 1206,170 1205,170 1205,171 1204,171 1204,172 1203,172 1203,173 1202,173 1202,175 1201,175 1201,177 1200,177 1200,199 1223,199 1223,200 1225,200 1225,201 1227,201 1227,202 1228,202 1228,205 1229,205 1228,205 1228,208 1227,208 1227,209 1226,209 1226,210 1225,210 1225,211 1224,211 1224,212 1223,212 1223,213 1222,213 1222,214 1221,214 1221,215 1220,215 1220,216 1218,216 1218,217 1217,217 1217,216 1218,216 1218,214 1219,214 1219,207 1104,207 1104,206 932,206 932,205 926,205 926,204 925,204 926,204 926,166 1170,166"/>
					<TextEquiv>
						<Unicode>HISTORY,</Unicode>
					</TextEquiv>
				</Word>
				<Word id="r1006">
					<Coords points="1264,165 1440,165 1440,204 1441,204 1403,204 1403,205 1374,205 1374,206 1264,206"/>
					<TextEquiv>
						<Unicode>BOOK</Unicode>
					</TextEquiv>
				</Word>
				<Word id="r1008">
					<Coords points="1554,163 1593,163 1595,202 1596,205 1496,204 1493,195 1492,193 1490,187 1489,185 1487,179 1486,177 1484,171 1480,166 1481,165 1552,165"/>
					<TextEquiv>
						<Unicode>VIII</Unicode>
					</TextEquiv>
				</Word>
				<TextEquiv>
					<Unicode>APPIAN&apos;S ROMAN HISTORY, BOOK VIII</Unicode>
				</TextEquiv>
			</TextLine>
			<TextLine id="r101">
				<Coords points="1469,285 1471,286 1652,287 1657,294 1659,300 1660,302 1661,323 1663,326 1661,331 1658,335 1362,336 1351,347 1325,349 1319,352 682,354 673,345 345,341 318,339 254,338 251,336 249,332 249,320 250,316 251,313 252,311 254,309 258,301 266,295 270,291 315,290 317,289 1467,286"/>
				<Word id="r1009">
					<Coords points="318,289 320,290 348,312 356,313 361,317 361,319 360,321 357,322 356,337 355,339 351,341 346,339 317,338 253,337 251,336 249,332 249,320 250,316 251,313 252,311 254,309 255,306 256,304 259,300 266,295 270,291 315,290 317,290"/>
					<TextEquiv>
						<Unicode>θεὸς</Unicode>
					</TextEquiv>
				</Word>
				<Word id="r1010">
					<Coords points="427,289 447,289 453,293 470,310 586,310 588,312 589,315 602,330 604,334 603,338 598,343 595,344 587,338 411,337 409,336 405,330 405,323 407,320 409,316 411,302 412,291 425,291"/>
					<TextEquiv>
						<Unicode>ἔδωκεν,</Unicode>
					</TextEquiv>
				</Word>
				<Word id="r1011">
					<Coords points="845,288 881,288 902,309 971,304 964,326 961,332 956,337 834,337 784,338 769,353 681,353 665,337 637,336 634,334 632,331 632,327 633,324 635,320 648,307 649,290 844,289"/>
					<TextEquiv>
						<Unicode>ἀφαιρεθέντι</Unicode>
					</TextEquiv>
				</Word>
				<Word id="r1012">
					<Coords points="1088,287 1092,289 1119,309 1130,313 1131,316 1128,319 1126,335 1122,340 1062,340 1048,352 1031,337 1009,336 1006,324 1002,318 1002,315 1005,312 1010,309 1065,309"/>
					<TextEquiv>
						<Unicode>πρὸς</Unicode>
					</TextEquiv>
				</Word>
				<Word id="r1013">
					<Coords points="1468,286 1471,287 1498,307 1505,308 1542,309 1542,317 1537,327 1534,330 1526,334 1525,335 1362,335 1350,347 1325,348 1322,349 1318,351 1258,351 1237,337 1229,336 1175,335 1172,334 1173,333 1173,290 1214,289 1466,287"/>
					<TextEquiv>
						<Unicode>Καρχηδονίων</Unicode>
					</TextEquiv>
				</Word>
				<Word id="r1014">
					<Coords points="1650,287 1654,290 1656,293 1658,299 1660,303 1660,324 1662,325 1661,327 1660,330 1657,334 1579,333 1580,329 1581,326 1582,322 1584,317 1585,313 1594,309 1601,308 1629,308"/>
					<TextEquiv>
						<Unicode>καὶ</Unicode>
					</TextEquiv>
				</Word>
				<TextEquiv>
					<Unicode>θεὸς ἔδωκεν, ἀφαιρεθέντι πρὸς Καρχηδονίων καὶ</Unicode>
				</TextEquiv>
			</TextLine>
			<TextLine id="r102">
				<Coords points="1460,354 1483,375 1633,376 1635,377 1648,380 1662,398 1663,401 1662,404 1659,408 1656,411 341,422 337,423 325,411 250,408 249,365 249,363 252,362 276,358 1458,355"/>
				<Word id="r1015">
					<Coords points="279,358 279,359 302,359 302,360 324,360 324,361 333,361 333,362 341,362 341,363 349,363 349,364 351,364 351,365 352,365 352,366 353,366 353,367 354,367 354,368 355,368 355,369 356,369 356,370 357,370 357,371 358,371 358,372 359,372 359,373 360,373 360,374 361,374 361,375 362,375 362,376 363,376 363,377 364,377 364,378 365,378 365,379 483,379 483,380 486,380 486,381 488,381 488,382 490,382 490,384 491,384 491,385 492,385 492,386 493,386 492,386 492,387 491,387 491,388 490,388 490,389 489,389 489,390 488,390 488,394 487,394 487,397 504,397 504,398 506,398 506,400 507,400 507,407 506,407 506,410 505,410 505,411 504,411 504,412 502,412 502,413 500,413 500,414 500,411 349,411 349,412 348,412 348,413 347,413 347,414 346,414 346,415 345,415 345,416 343,416 343,417 342,417 342,418 341,418 341,419 340,419 340,420 339,420 339,421 338,421 338,422 338,421 336,421 336,420 335,420 335,419 334,419 334,418 333,418 333,417 332,417 332,416 331,416 331,415 330,415 330,414 329,414 329,413 328,413 328,412 327,412 327,411 326,411 326,410 325,410 325,409 324,409 324,408 250,408 250,365 249,365 249,363 252,363 252,362 276,362 276,361 277,361 277,360 278,360 278,359 279,359"/>
					<TextEquiv>
						<Unicode>Σύφακος,</Unicode>
					</TextEquiv>
				</Word>
				<Word id="r1017">
					<Coords points="545,358 728,358 733,359 736,360 785,361 787,362 810,379 818,383 817,387 816,389 814,392 813,394 808,399 804,402 798,405 797,406 716,406 705,416 703,417 693,407 565,406 531,404 530,403 529,401 528,397 529,392 532,386 543,367"/>
					<TextEquiv>
						<Unicode>ἀναλαβεῖν</Unicode>
					</TextEquiv>
				</Word>
				<Word id="r1018">
					<Coords points="915,357 918,359 920,363 921,366 923,371 924,373 925,392 926,398 925,400 923,403 919,405 881,405 842,404 842,400 843,397 844,395 847,383 849,379 851,378 865,377 893,377"/>
					<TextEquiv>
						<Unicode>καὶ</Unicode>
					</TextEquiv>
				</Word>
				<Word id="r1019">
					<Coords points="1231,360 1257,377 1265,378 1265,382 1264,388 1262,390 1262,392 1252,401 1246,404 1245,405 1186,405 1176,415 988,421 989,416 978,405 953,400 946,386 947,382 948,380 954,378 1206,378 1222,362 1226,361"/>
					<TextEquiv>
						<Unicode>προαγαγεῖν</Unicode>
					</TextEquiv>
				</Word>
				<Word id="r1020">
					<Coords points="1361,356 1363,357 1366,363 1367,366 1370,372 1372,392 1373,396 1372,399 1369,403 1304,405 1301,405 1298,404 1294,402 1291,396 1291,391 1292,388 1293,386 1304,367 1305,359 1357,359"/>
					<TextEquiv>
						<Unicode>ἐπὶ</Unicode>
					</TextEquiv>
				</Word>
				<Word id="r1021">
					<Coords points="1459,355 1459,356 1461,356 1461,357 1462,357 1462,358 1463,358 1463,359 1464,359 1464,360 1465,360 1465,361 1466,361 1466,362 1467,362 1467,363 1468,363 1468,364 1469,364 1469,365 1470,365 1470,366 1472,366 1472,367 1473,367 1473,368 1474,368 1474,369 1475,369 1475,370 1476,370 1476,371 1477,371 1477,372 1478,372 1478,373 1479,373 1479,374 1480,374 1480,375 1481,375 1481,376 1632,376 1632,377 1634,377 1634,378 1635,378 1635,379 1642,379 1642,380 1647,380 1647,383 1646,383 1646,388 1645,388 1645,390 1644,390 1644,391 1643,391 1643,393 1642,393 1642,395 1657,395 1657,396 1659,396 1659,397 1661,397 1661,400 1662,400 1661,400 1661,403 1660,403 1660,405 1659,405 1659,406 1658,406 1658,407 1656,407 1656,408 1655,408 1655,409 1654,409 1654,410 1653,410 1653,411 1653,409 1654,409 1654,403 1494,403 1494,404 1493,404 1493,405 1492,405 1492,406 1491,406 1491,407 1490,407 1490,408 1489,408 1489,409 1488,409 1488,410 1487,410 1487,411 1486,411 1486,412 1402,412 1403,412 1403,409 1404,409 1404,405 1405,405 1405,401 1406,401 1406,398 1407,398 1407,395 1408,395 1408,391 1409,391 1409,387 1410,387 1410,383 1411,383 1411,381 1412,381 1412,379 1413,379 1413,378 1429,378 1429,377 1438,377 1438,376 1439,376 1439,375 1440,375 1440,374 1441,374 1441,373 1442,373 1442,372 1443,372 1443,371 1444,371 1444,370 1445,370 1445,369 1446,369 1446,368 1447,368 1447,367 1448,367 1448,366 1449,366 1449,365 1450,365 1450,364 1451,364 1451,363 1452,363 1452,362 1453,362 1453,361 1454,361 1454,360 1455,360 1455,359 1456,359 1456,358 1457,358 1457,357 1458,357 1458,356 1459,356"/>
					<TextEquiv>
						<Unicode>μέγιστον,</Unicode>
					</TextEquiv>
				</Word>
				<TextEquiv>
					<Unicode>Σύφακος, ἀναλαβεῖν καὶ προαγαγεῖν ἐπὶ μέγιστον,</Unicode>
				</TextEquiv>
			</TextLine>
			<TextLine id="r103">
				<Coords points="1437,423 1443,427 1628,427 1631,428 1651,444 1658,445 1661,446 1665,449 1666,452 1664,454 1662,455 1660,471 1655,476 1632,476 1632,485 1488,486 1485,488 541,490 538,492 522,476 252,474 250,471 250,464 251,461 253,459 254,457 266,437 267,429 269,428 1435,424"/>
				<Word id="r1023">
					<Coords points="269,428 341,428 343,432 345,435 346,438 347,440 348,445 350,451 353,453 354,460 353,467 352,469 348,474 251,473 250,471 250,464 251,461 253,459 254,457 267,436 268,429"/>
					<TextEquiv>
						<Unicode>ἀπὸ</Unicode>
					</TextEquiv>
				</Word>
				<Word id="r1024">
					<Coords points="684,427 708,447 757,447 759,448 759,454 758,458 756,460 752,466 751,467 748,469 745,472 741,473 738,474 556,475 541,489 537,491 521,475 406,474 409,430 413,429 459,428 680,428"/>
					<TextEquiv>
						<Unicode>Μαυρουσίων</Unicode>
					</TextEquiv>
				</Word>
				<Word id="r1025">
					<Coords points="864,428 867,429 885,447 908,447 908,457 905,462 902,465 894,471 892,472 889,473 888,474 819,473 818,466 809,454 810,450 812,448 838,448 856,430"/>
					<TextEquiv>
						<Unicode>τῶν</Unicode>
					</TextEquiv>
				</Word>
				<Word id="r1026">
					<Coords points="1073,426 1074,426 1074,427 1076,427 1076,428 1077,428 1077,429 1079,429 1079,430 1080,430 1079,430 1079,434 1078,434 1078,435 1077,435 1077,436 1076,436 1076,437 1075,437 1075,438 1073,438 1073,439 1072,439 1072,440 1070,440 1070,441 1068,441 1068,442 1066,442 1066,443 1065,443 1065,444 1063,444 1063,445 1061,445 1061,447 1063,447 1063,448 1065,448 1065,451 1066,451 1066,453 1067,453 1067,458 1068,458 1067,458 1067,462 1066,462 1066,464 1065,464 1065,466 1064,466 1064,468 1063,468 1063,469 1062,469 1062,470 1061,470 1061,471 1059,471 1059,472 1052,472 1052,473 1048,473 1048,474 1045,474 1045,475 1044,475 1044,478 1043,478 1043,483 1042,483 1042,487 1038,487 1038,488 1038,487 1037,487 1037,486 1036,486 1036,485 1035,485 1035,484 1034,484 1034,483 1033,483 1033,482 1032,482 1032,481 1031,481 1031,480 1030,480 1030,479 1029,479 1029,478 1028,478 1028,477 1027,477 1027,476 1026,476 1026,475 1025,475 1025,474 1024,474 1024,473 966,473 966,469 965,469 965,465 964,465 964,461 963,461 963,457 962,457 962,454 961,454 961,451 960,451 961,451 961,449 963,449 963,448 966,448 966,447 1016,447 1016,446 1040,446 1040,445 1041,445 1041,444 1043,444 1043,443 1045,443 1045,442 1047,442 1047,441 1048,441 1048,440 1050,440 1050,439 1052,439 1052,438 1054,438 1054,437 1055,437 1055,436 1057,436 1057,435 1059,435 1059,434 1060,434 1060,433 1062,433 1062,432 1064,432 1064,431 1066,431 1066,430 1067,430 1067,429 1069,429 1069,428 1071,428 1071,427 1073,427"/>
					<TextEquiv>
						<Unicode>παρ᾽</Unicode>
					</TextEquiv>
				</Word>
				<Word id="r1028">
					<Coords points="1148,425 1153,428 1317,428 1320,430 1323,435 1326,448 1329,452 1329,460 1328,463 1325,469 1321,471 1313,472 1312,486 1306,488 1288,474 1137,473 1133,472 1130,470 1129,468 1128,465 1128,459 1131,453 1134,450 1144,433"/>
					<TextEquiv>
						<Unicode>ὠκεανῷ</Unicode>
					</TextEquiv>
				</Word>
				<Word id="r1029">
					<Coords points="1436,424 1458,444 1529,444 1530,446 1532,459 1533,461 1533,463 1531,468 1525,471 1500,472 1491,474 1488,483 1487,485 1485,487 1379,486 1378,482 1380,476 1381,471 1384,462 1385,458 1386,455 1387,451 1389,447 1406,445 1414,445"/>
					<TextEquiv>
						<Unicode>μέχρι</Unicode>
					</TextEquiv>
				</Word>
				<Word id="r1030">
					<Coords points="1626,427 1629,428 1631,429 1636,433 1653,445 1659,446 1661,447 1665,451 1661,454 1659,455 1657,473 1631,475 1629,485 1615,473 1588,472 1587,464 1578,454 1577,452 1578,449 1581,446 1583,445 1605,445 1621,429 1624,428"/>
					<TextEquiv>
						<Unicode>τῆς</Unicode>
					</TextEquiv>
				</Word>
				<TextEquiv>
					<Unicode>ἀπὸ Μαυρουσίων τῶν παρ᾽ ὠκεανῷ μέχρι τῆς</Unicode>
				</TextEquiv>
			</TextLine>
			<TextLine id="r104">
				<Coords points="1130,490 1626,490 1654,492 1658,500 1659,503 1660,505 1661,513 1663,514 1664,517 1663,519 1662,539 1656,540 1427,541 1411,557 336,560 320,544 278,544 250,546 260,528 259,515 250,498 267,498 479,495 483,492 1129,491"/>
				<Word id="r1031">
					<Coords points="484,492 540,515 557,516 557,523 556,527 554,529 552,533 549,536 545,539 542,541 538,543 441,543 407,544 401,545 389,557 341,558 335,559 321,545 252,544 252,499 254,498 479,495 483,493"/>
					<TextEquiv>
						<Unicode>Κυρηναίων</Unicode>
					</TextEquiv>
				</Word>
				<Word id="r1032">
					<Coords points="616,495 619,496 623,499 725,499 727,500 730,501 750,516 757,517 759,518 762,522 759,525 757,533 756,543 754,545 750,546 730,547 728,553 727,555 725,556 698,557 693,558 632,559 608,542 600,541 598,537 598,531 599,527 602,524 604,521 613,512 613,496"/>
					<TextEquiv>
						<Unicode>ἀρχῆς</Unicode>
					</TextEquiv>
				</Word>
				<Word id="r1033">
					<Coords points="822,495 846,516 849,517 853,520 853,522 851,525 849,533 848,542 846,544 842,546 837,543 818,542 813,541 810,539 807,535 806,532 806,529 807,525 809,521 810,520 818,504"/>
					<TextEquiv>
						<Unicode>ἐς</Unicode>
					</TextEquiv>
				</Word>
				<Word id="r1034">
					<Coords points="942,492 944,493 946,497 947,501 951,509 954,514 957,529 960,533 959,536 954,541 905,540 905,533 897,524 896,521 897,518 898,516 900,515 918,515"/>
					<TextEquiv>
						<Unicode>τὰ</Unicode>
					</TextEquiv>
				</Word>
				<Word id="r1035">
					<Coords points="1130,490 1153,513 1189,513 1208,514 1245,515 1246,518 1263,535 1264,540 1261,546 1259,548 1257,549 1003,555 1004,552 1006,544 1007,542 1008,538 1010,532 1011,527 1013,519 1015,516 1031,515 1058,514 1103,514 1126,492"/>
					<TextEquiv>
						<Unicode>μεσόγεια,</Unicode>
					</TextEquiv>
				</Word>
				<Word id="r1036">
					<Coords points="1332,493 1336,495 1465,495 1467,496 1483,512 1571,512 1573,527 1576,530 1574,534 1569,540 1427,540 1409,557 1408,556 1343,555 1327,554 1327,551 1315,534 1311,524 1312,521 1313,519 1325,502 1329,494"/>
					<TextEquiv>
						<Unicode>ἡμερῶσαι</Unicode>
					</TextEquiv>
				</Word>
				<Word id="r1037">
					<Coords points="1624,490 1630,492 1653,492 1657,500 1658,503 1659,505 1660,513 1662,514 1662,517 1661,519 1658,539 1655,540 1621,539 1619,538 1616,536 1614,533 1613,529 1613,525 1614,522 1615,520 1617,518 1618,493 1619,491 1622,491"/>
					<TextEquiv>
						<Unicode>δὲ</Unicode>
					</TextEquiv>
				</Word>
				<TextEquiv>
					<Unicode>Κυρηναίων ἀρχῆς ἐς τὰ μεσόγεια, ἡμερῶσαι δὲ</Unicode>
				</TextEquiv>
			</TextLine>
			<TextLine id="r105">
				<Coords points="1613,558 1613,559 1615,559 1615,560 1616,560 1616,561 1617,561 1617,562 1618,562 1618,563 1620,563 1620,564 1621,564 1621,565 1622,565 1622,566 1623,566 1623,567 1624,567 1624,568 1626,568 1626,569 1627,569 1627,570 1628,570 1628,571 1629,571 1629,572 1631,572 1631,573 1632,573 1632,574 1633,574 1633,575 1634,575 1634,576 1635,576 1635,577 1637,577 1637,578 1638,578 1638,579 1639,579 1639,580 1640,580 1640,581 1641,581 1641,582 1644,582 1644,587 1643,587 1643,590 1665,590 1665,597 1638,597 1638,598 1637,598 1637,600 1636,600 1636,601 1634,601 1634,602 1633,602 1633,603 1631,603 1631,604 1630,604 1630,605 1628,605 1628,606 1627,606 1627,607 1626,607 1626,608 1553,608 1553,609 1552,609 1552,610 1551,610 1551,611 1550,611 1550,612 1549,612 1549,613 1548,613 1548,614 1547,614 1547,615 1546,615 1546,616 1545,616 1545,617 1544,617 1544,618 1543,618 1543,619 1542,619 1542,620 1541,620 1541,621 1540,621 1540,622 1539,622 1539,623 922,623 922,624 306,624 306,625 304,625 304,626 284,626 284,627 265,627 265,628 261,628 261,627 260,627 260,620 259,620 259,618 258,618 258,616 257,616 257,615 256,615 256,613 255,613 255,612 254,612 254,610 253,610 253,608 252,608 252,607 251,607 251,605 250,605 250,604 249,604 249,602 248,602 248,597 247,597 248,597 248,592 249,592 249,590 250,590 250,589 251,589 251,588 253,588 253,587 281,587 281,586 282,586 282,585 283,585 283,584 284,584 284,583 285,583 285,582 286,582 286,581 287,581 287,580 288,580 288,579 289,579 289,578 290,578 290,577 291,577 291,576 292,576 292,575 293,575 293,574 294,574 294,573 295,573 295,572 296,572 296,571 297,571 297,570 300,570 300,569 420,569 420,568 539,568 539,567 541,567 541,566 542,566 542,565 543,565 543,564 810,564 810,563 1077,563 1077,562 1344,562 1344,561 1610,561 1610,560 1612,560 1612,559 1613,559"/>
				<Word id="r1038">
					<Coords points="302,569 306,570 323,586 342,586 342,596 339,601 333,607 329,609 326,611 324,612 316,613 308,618 307,622 303,624 267,625 264,626 260,626 260,614 249,602 248,596 249,590 251,588 253,587 280,587 298,570"/>
					<TextEquiv>
						<Unicode>γῆν</Unicode>
					</TextEquiv>
				</Word>
				<Word id="r1039">
					<Coords points="545,564 545,565 547,565 547,566 548,566 548,567 550,567 550,568 551,568 551,569 552,569 552,570 554,570 554,571 555,571 555,572 556,572 556,573 558,573 558,574 559,574 559,575 560,575 560,576 562,576 562,577 563,577 563,578 564,578 564,579 566,579 566,580 567,580 567,581 568,581 568,582 570,582 570,583 571,583 571,584 572,584 572,585 577,585 577,589 576,589 576,593 575,593 575,595 574,595 574,597 573,597 573,598 572,598 572,600 571,600 571,601 570,601 570,603 588,603 588,605 589,605 589,606 590,606 590,607 591,607 591,608 592,608 591,608 591,614 590,614 590,615 589,615 589,616 587,616 587,617 586,617 586,618 584,618 584,619 540,619 540,620 539,620 539,621 538,621 538,622 537,622 537,623 537,622 535,622 535,621 534,621 534,620 533,620 533,619 531,619 531,618 530,618 530,617 529,617 529,616 527,616 527,615 526,615 526,614 525,614 525,613 375,613 375,610 374,610 374,607 373,607 373,604 372,604 372,601 371,601 371,599 370,599 370,598 369,598 369,597 368,597 368,591 369,591 369,589 370,589 370,588 374,588 374,587 377,587 377,586 422,586 422,585 428,585 428,584 429,584 429,583 430,583 430,582 431,582 431,581 432,581 432,580 433,580 433,579 434,579 434,578 435,578 435,577 436,577 436,576 437,576 437,575 438,575 438,574 439,574 439,573 440,573 440,572 441,572 441,571 443,571 443,570 539,570 539,569 540,569 540,568 541,568 541,567 543,567 543,566 544,566 544,565 545,565"/>
					<TextEquiv>
						<Unicode>πολλήν,</Unicode>
					</TextEquiv>
				</Word>
				<Word id="r1041">
					<Coords points="666,564 670,565 671,568 675,576 676,579 681,591 684,600 684,602 683,605 681,608 678,609 633,610 630,610 629,606 620,591 622,586 626,585 629,584 644,584"/>
					<TextEquiv>
						<Unicode>τὰ</Unicode>
					</TextEquiv>
				</Word>
				<Word id="r1042">
					<Coords points="873,563 877,565 879,568 882,577 888,590 890,598 890,602 889,604 888,607 885,608 883,609 717,610 714,598 710,592 711,590 712,587 713,586 719,584 769,584 783,570 821,569 864,569"/>
					<TextEquiv>
						<Unicode>πολλὰ</Unicode>
					</TextEquiv>
				</Word>
				<Word id="r1043">
					<Coords points="971,565 976,566 994,583 1018,583 1019,585 1019,589 1018,594 1016,597 1012,602 1007,606 1004,607 1002,608 999,609 961,610 929,610 928,606 919,593 918,591 920,585 949,584"/>
					<TextEquiv>
						<Unicode>τῶν</Unicode>
					</TextEquiv>
				</Word>
				<Word id="r1044">
					<Coords points="1194,562 1222,562 1222,563 1224,563 1224,564 1225,564 1225,565 1226,565 1226,566 1227,566 1227,567 1228,567 1228,568 1229,568 1229,569 1230,569 1230,570 1231,570 1231,571 1232,571 1232,572 1233,572 1233,573 1234,573 1234,574 1235,574 1235,575 1236,575 1236,576 1237,576 1237,577 1238,577 1238,578 1239,578 1239,579 1240,579 1240,580 1241,580 1241,581 1242,581 1242,582 1243,582 1243,583 1302,583 1302,589 1301,589 1301,591 1300,591 1300,595 1299,595 1299,597 1298,597 1298,598 1297,598 1297,600 1296,600 1296,601 1295,601 1295,602 1293,602 1293,603 1292,603 1292,604 1291,604 1291,605 1288,605 1288,606 1286,606 1286,607 1284,607 1284,608 1281,608 1281,609 1144,609 1144,610 1142,610 1142,611 1141,611 1141,612 1140,612 1140,613 1139,613 1139,614 1138,614 1138,615 1137,615 1137,616 1135,616 1135,617 1134,617 1134,618 1133,618 1133,619 1132,619 1132,620 1131,620 1131,621 1130,621 1130,622 1130,621 1128,621 1128,620 1127,620 1127,619 1125,619 1125,618 1124,618 1124,617 1122,617 1122,616 1121,616 1121,615 1119,615 1119,614 1118,614 1118,613 1116,613 1116,612 1115,612 1115,611 1113,611 1113,610 1112,610 1112,609 1053,609 1053,608 1047,608 1047,566 1046,566 1046,565 1047,565 1047,564 1193,564 1193,563 1194,563"/>
					<TextEquiv>
						<Unicode>Νομάδων</Unicode>
					</TextEquiv>
				</Word>
				<Word id="r1046">
					<Coords points="1613,559 1638,581 1642,582 1658,592 1664,594 1637,597 1633,601 1630,603 1626,605 1553,607 1538,622 1429,621 1418,610 1346,609 1343,598 1339,592 1339,589 1341,585 1342,584 1344,583 1453,582 1470,565 1606,563 1609,560 1611,560"/>
					<TextEquiv>
						<Unicode>ποηφαγούν-</Unicode>
					</TextEquiv>
				</Word>
				<TextEquiv>
					<Unicode>γῆν πολλήν, τὰ πολλὰ τῶν Νομάδων ποηφαγούν-</Unicode>
				</TextEquiv>
			</TextLine>
			<TextLine id="r106">
				<Coords points="1243,627 1246,629 1542,632 1552,636 1554,637 1566,649 1637,649 1658,650 1660,651 1663,653 1664,659 1661,660 1660,674 1659,679 1657,681 1655,682 1498,682 1489,690 1488,691 798,693 753,694 661,694 649,682 258,681 258,674 249,662 250,657 251,656 257,654 392,652 395,634 449,631 1239,630"/>
				<Word id="r1047">
					<Coords points="347,653 349,654 351,657 350,662 349,665 347,668 339,676 335,679 331,681 258,677 252,666 249,662 250,659 252,656 255,655 257,654 346,654"/>
					<TextEquiv>
						<Unicode>των</Unicode>
					</TextEquiv>
				</Word>
				<Word id="r1048">
					<Coords points="451,631 453,632 455,636 456,639 460,647 466,660 470,671 468,675 463,680 397,680 394,679 391,677 389,673 389,663 392,660 394,639 395,634 447,633"/>
					<TextEquiv>
						<Unicode>διὰ</Unicode>
					</TextEquiv>
				</Word>
				<Word id="r1049">
					<Coords points="555,631 557,632 559,636 561,639 563,643 564,654 566,655 568,657 570,660 571,664 570,668 569,671 567,674 561,679 559,680 524,680 523,674 514,664 513,660 515,655 516,654 518,653 531,653"/>
					<TextEquiv>
						<Unicode>τὸ</Unicode>
					</TextEquiv>
				</Word>
				<Word id="r1050">
					<Coords points="735,631 735,632 737,632 737,633 738,633 738,634 739,634 739,635 740,635 740,636 741,636 741,637 742,637 742,638 744,638 744,639 745,639 745,640 746,640 746,641 747,641 747,642 748,642 748,643 749,643 749,644 750,644 750,645 752,645 752,646 753,646 753,647 754,647 754,648 755,648 755,649 756,649 756,650 757,650 757,651 937,651 937,654 938,654 938,656 939,656 938,656 938,661 937,661 937,663 936,663 936,664 935,664 935,666 934,666 934,667 933,667 933,668 932,668 932,669 931,669 931,671 948,671 948,673 949,673 949,674 950,674 950,675 951,675 951,676 952,676 952,677 953,677 952,677 952,682 951,682 951,683 950,683 950,684 949,684 949,685 948,685 948,686 947,686 947,687 943,687 943,688 943,686 841,686 841,687 840,687 840,688 839,688 839,689 838,689 838,690 837,690 837,691 797,691 797,692 660,692 660,693 660,692 659,692 659,691 658,691 658,690 657,690 657,689 656,689 656,688 655,688 655,687 654,687 654,686 653,686 653,685 652,685 652,684 651,684 651,683 650,683 650,682 649,682 649,681 648,681 648,680 647,680 647,679 646,679 646,678 618,678 618,677 616,677 616,676 614,676 614,674 613,674 613,672 612,672 612,670 613,670 613,665 614,665 614,663 615,663 615,661 616,661 616,660 617,660 617,659 618,659 618,657 619,657 619,656 620,656 620,655 621,655 621,654 622,654 622,653 623,653 623,652 624,652 624,647 625,647 625,642 626,642 626,637 627,637 627,632 735,632"/>
					<TextEquiv>
						<Unicode>ἀγεώργητον,</Unicode>
					</TextEquiv>
				</Word>
				<Word id="r1052">
					<Coords points="1243,628 1271,655 1272,658 1271,660 1267,662 1266,680 1263,682 1166,683 1158,691 1032,691 1020,679 989,678 985,676 984,674 983,670 983,661 984,658 985,653 986,651 987,648 989,646 990,643 992,641 994,637 997,634 1000,632 1002,631 1239,631"/>
					<TextEquiv>
						<Unicode>θησαυρούς</Unicode>
					</TextEquiv>
				</Word>
				<Word id="r1053">
					<Coords points="1366,650 1371,654 1369,657 1368,658 1367,677 1329,678 1327,678 1326,677 1325,672 1317,658 1318,654 1322,652 1326,651 1363,651"/>
					<TextEquiv>
						<Unicode>τε</Unicode>
					</TextEquiv>
				</Word>
				<Word id="r1054">
					<Coords points="1537,632 1547,636 1552,637 1565,649 1636,649 1657,650 1659,651 1662,653 1661,659 1659,667 1658,677 1656,681 1497,681 1487,691 1409,689 1411,683 1412,681 1414,673 1416,667 1419,655 1420,652 1516,650"/>
					<TextEquiv>
						<Unicode>μεγάλους</Unicode>
					</TextEquiv>
				</Word>
				<TextEquiv>
					<Unicode>των διὰ τὸ ἀγεώργητον, θησαυρούς τε μεγάλους</Unicode>
				</TextEquiv>
			</TextLine>
			<TextLine id="r107">
				<Coords points="1620,694 1622,695 1646,719 1666,719 1666,728 1665,730 1664,733 1660,738 1655,742 1652,743 1650,745 1632,746 1631,748 1630,751 1629,757 1629,759 360,763 357,764 293,765 291,766 279,767 248,768 247,736 247,732 249,730 250,728 254,726 257,725 260,723 282,722 400,722 421,701 423,700 1045,699 1047,698 1616,698"/>
				<Word id="r1055">
					<Coords points="424,700 446,721 530,721 530,730 529,733 528,735 518,744 516,745 512,748 510,749 372,750 358,763 356,764 292,764 290,765 278,766 248,767 247,736 247,732 249,730 250,728 252,727 255,726 257,725 260,723 282,722 400,722 421,701"/>
					<TextEquiv>
						<Unicode>χρημάτων</Unicode>
					</TextEquiv>
				</Word>
				<Word id="r1056">
					<Coords points="882,703 887,704 910,720 918,723 917,727 916,730 913,736 910,739 902,745 900,746 897,747 880,749 603,745 604,741 605,738 606,734 607,732 610,723 626,721 730,720 744,706 876,705"/>
					<TextEquiv>
						<Unicode>καταλιπεῖν</Unicode>
					</TextEquiv>
				</Word>
				<Word id="r1057">
					<Coords points="1048,698 1050,699 1051,700 1052,703 1053,705 1055,708 1057,714 1059,734 1062,737 1059,743 1055,747 1053,748 976,746 976,742 977,739 978,737 980,734 981,729 984,720 1025,720 1046,699"/>
					<TextEquiv>
						<Unicode>καὶ</Unicode>
					</TextEquiv>
				</Word>
				<Word id="r1058">
					<Coords points="1341,698 1363,718 1390,719 1390,724 1389,728 1386,734 1383,738 1379,740 1376,743 1372,745 1223,747 1208,760 1193,747 1146,746 1143,745 1139,743 1137,730 1140,726 1144,723 1148,721 1154,720 1319,719"/>
					<TextEquiv>
						<Unicode>στρατιὰν</Unicode>
					</TextEquiv>
				</Word>
				<Word id="r1059">
					<Coords points="1620,695 1645,719 1665,723 1664,729 1663,732 1659,737 1656,740 1650,743 1631,746 1629,748 1628,751 1626,759 1611,746 1468,745 1467,740 1461,726 1462,720 1463,719 1465,718 1519,718 1533,704 1610,704"/>
					<TextEquiv>
						<Unicode>πολλὴν</Unicode>
					</TextEquiv>
				</Word>
				<TextEquiv>
					<Unicode>χρημάτων καταλιπεῖν καὶ στρατιὰν πολλὴν</Unicode>
				</TextEquiv>
			</TextLine>
			<TextLine id="r108">
				<Coords points="1327,763 1330,765 1628,765 1650,787 1666,787 1667,789 1667,791 1666,795 1664,799 1662,802 1659,807 1655,810 1652,812 1649,813 1629,814 1593,815 1580,828 1085,832 1081,833 261,833 260,827 248,807 247,803 248,799 249,796 252,794 255,793 298,791 555,790 578,767 1324,765"/>
				<Word id="r1060">
					<Coords points="579,767 579,768 581,768 581,769 582,769 582,770 583,770 583,771 584,771 584,772 585,772 585,773 586,773 586,774 587,774 587,775 588,775 588,776 589,776 589,777 590,777 590,778 591,778 591,779 592,779 592,780 593,780 593,781 594,781 594,782 595,782 595,783 596,783 596,784 597,784 597,785 598,785 598,786 599,786 599,787 600,787 600,788 601,788 601,789 672,789 672,791 673,791 673,797 672,797 672,800 671,800 671,801 670,801 670,802 669,802 669,804 668,804 668,807 684,807 684,808 686,808 686,810 687,810 687,811 688,811 688,812 689,812 689,815 688,815 688,818 687,818 687,821 684,821 684,822 682,822 682,823 635,823 635,826 634,826 634,828 633,828 633,829 524,829 524,830 520,830 520,831 520,828 521,828 521,825 522,825 522,823 523,823 523,821 524,821 524,817 395,817 395,818 394,818 394,819 393,819 393,820 392,820 392,821 391,821 391,822 390,822 390,823 389,823 389,824 388,824 388,825 387,825 387,826 386,826 386,827 385,827 385,828 384,828 384,829 383,829 383,830 382,830 382,831 381,831 381,832 381,831 360,831 360,830 340,830 340,829 320,829 320,828 300,828 300,827 280,827 280,826 260,826 260,824 259,824 259,822 258,822 258,821 257,821 257,819 256,819 256,818 255,818 255,816 254,816 254,814 253,814 253,813 252,813 252,811 251,811 251,810 250,810 250,808 249,808 249,807 248,807 248,800 249,800 249,797 250,797 250,796 251,796 251,795 253,795 253,794 255,794 255,793 277,793 277,792 299,792 299,791 556,791 556,790 557,790 557,789 558,789 558,788 559,788 559,787 560,787 560,786 561,786 561,785 562,785 562,784 563,784 563,783 564,783 564,782 565,782 565,781 566,781 566,780 567,780 567,779 568,779 568,778 569,778 569,777 570,777 570,776 571,776 571,775 572,775 572,774 573,774 573,773 574,773 574,772 575,772 575,771 576,771 576,770 577,770 577,769 578,769 578,768 579,768"/>
					<TextEquiv>
						<Unicode>γεγυμνασμένην,</Unicode>
					</TextEquiv>
				</Word>
				<Word id="r1063">
					<Coords points="807,771 812,772 814,773 830,788 854,789 854,797 851,803 841,812 838,814 835,815 833,816 764,816 762,815 762,808 754,798 753,795 754,792 756,790 758,789 784,789 801,772"/>
					<TextEquiv>
						<Unicode>τῶν</Unicode>
					</TextEquiv>
				</Word>
				<Word id="r1064">
					<Coords points="958,766 961,767 963,768 964,769 965,771 965,777 964,780 961,781 952,782 951,805 950,807 948,810 945,813 942,814 933,814 929,812 927,809 926,807 926,800 927,796 929,794 930,791 931,767 956,767"/>
					<TextEquiv>
						<Unicode>δ᾽</Unicode>
					</TextEquiv>
				</Word>
				<Word id="r1065">
					<Coords points="1116,767 1116,768 1118,768 1118,769 1120,769 1120,770 1182,770 1182,771 1184,771 1184,772 1185,772 1185,773 1186,773 1186,774 1187,774 1187,775 1189,775 1189,776 1190,776 1190,777 1191,777 1191,778 1192,778 1192,779 1194,779 1194,780 1195,780 1195,781 1196,781 1196,782 1197,782 1197,783 1199,783 1199,784 1200,784 1200,785 1201,785 1201,786 1202,786 1202,787 1228,787 1228,789 1229,789 1229,791 1230,791 1229,791 1229,796 1228,796 1228,798 1227,798 1227,801 1226,801 1226,802 1225,802 1225,803 1224,803 1224,804 1223,804 1223,805 1222,805 1222,806 1221,806 1221,807 1220,807 1220,808 1218,808 1218,809 1217,809 1217,810 1216,810 1216,811 1214,811 1214,812 1212,812 1212,813 1210,813 1210,814 1209,814 1209,815 1143,815 1143,816 1142,816 1142,817 1141,817 1141,818 1140,818 1140,819 1139,819 1139,820 1138,820 1138,821 1137,821 1137,822 1135,822 1135,823 1134,823 1134,824 1133,824 1133,825 1132,825 1132,826 1131,826 1131,827 1130,827 1130,828 1129,828 1129,829 1128,829 1128,830 1085,830 1085,831 1080,831 1080,832 1080,831 1077,831 1077,830 1056,830 1056,829 1054,829 1054,828 1053,828 1053,827 1052,827 1052,826 1051,826 1051,825 1050,825 1050,824 1049,824 1049,823 1048,823 1048,822 1046,822 1046,821 1045,821 1045,820 1044,820 1044,819 1043,819 1043,818 1042,818 1042,817 1041,817 1041,816 1040,816 1040,815 1036,815 1036,814 1034,814 1034,813 1032,813 1032,811 1031,811 1031,810 1030,810 1030,807 1029,807 1029,804 1028,804 1029,804 1029,800 1030,800 1030,798 1031,798 1031,796 1032,796 1032,794 1033,794 1033,793 1034,793 1034,792 1035,792 1035,791 1036,791 1036,790 1037,790 1037,789 1038,789 1038,788 1039,788 1039,787 1040,787 1040,786 1041,786 1041,769 1112,769 1112,768 1116,768"/>
					<TextEquiv>
						<Unicode>ἐχθρῶν</Unicode>
					</TextEquiv>
				</Word>
				<Word id="r1067">
					<Coords points="1327,764 1329,765 1371,768 1399,771 1415,787 1520,779 1517,806 1515,810 1510,815 1403,815 1387,829 1374,817 1328,815 1297,813 1296,772 1296,771 1305,770 1317,769 1321,768"/>
					<TextEquiv>
						<Unicode>Σύφακα</Unicode>
					</TextEquiv>
				</Word>
				<Word id="r1068">
					<Coords points="1625,765 1649,787 1665,787 1665,791 1664,795 1663,797 1662,800 1660,803 1658,805 1657,807 1653,810 1650,812 1648,813 1628,813 1593,814 1578,828 1577,824 1579,816 1581,810 1582,806 1583,801 1585,793 1586,790 1587,788 1595,787"/>
					<TextEquiv>
						<Unicode>μὲν</Unicode>
					</TextEquiv>
				</Word>
				<TextEquiv>
					<Unicode>γεγυμνασμένην, τῶν δ᾽ ἐχθρῶν Σύφακα μὲν</Unicode>
				</TextEquiv>
			</TextLine>
			<TextLine id="r109">
				<Coords points="1311,833 1556,834 1577,855 1630,855 1665,856 1666,859 1665,864 1663,870 1661,871 1659,875 1654,878 1651,881 1647,882 1297,884 1285,895 1284,896 1259,897 1256,900 341,903 332,904 310,903 295,888 255,887 253,886 252,885 251,883 250,878 251,873 254,867 259,862 261,861 269,860 297,839 629,838 631,837 1052,835 1058,834 1310,834"/>
				<Word id="r1069">
					<Coords points="297,839 420,842 428,845 431,846 433,847 444,858 591,858 592,861 591,866 590,869 588,872 579,881 576,883 570,886 367,887 352,901 340,903 310,903 294,887 254,886 252,885 250,882 250,877 251,872 253,868 256,864 260,861 275,861"/>
					<TextEquiv>
						<Unicode>αἰχμάλωτον</Unicode>
					</TextEquiv>
				</Word>
				<Word id="r1070">
					<Coords points="633,837 637,839 718,839 721,840 723,841 745,857 752,861 751,867 749,871 739,881 736,883 732,885 626,885 623,884 621,883 619,880 618,869 619,867 623,863 626,843 628,839 631,838"/>
					<TextEquiv>
						<Unicode>ἑλεῖν</Unicode>
					</TextEquiv>
				</Word>
				<Word id="r1071">
					<Coords points="1058,834 1072,843 1071,882 1069,888 1064,890 1020,891 1011,900 950,900 922,901 906,885 793,884 792,882 791,879 791,871 793,867 801,859 804,858 821,858 842,838 844,837 1052,836 1057,835"/>
					<TextEquiv>
						<Unicode>αὐτοχειρί,</Unicode>
					</TextEquiv>
				</Word>
				<Word id="r1072">
					<Coords points="1308,834 1354,834 1376,856 1410,851 1405,872 1405,874 1403,878 1399,882 1296,883 1283,896 1257,898 1192,900 1175,883 1107,882 1105,840 1110,838 1304,838"/>
					<TextEquiv>
						<Unicode>Καρχηδόνι</Unicode>
					</TextEquiv>
				</Word>
				<Word id="r1073">
					<Coords points="1444,834 1470,834 1471,836 1471,843 1469,846 1458,848 1457,872 1456,876 1453,879 1450,881 1447,882 1441,882 1439,881 1436,879 1434,875 1433,871 1433,869 1435,863 1437,860 1440,837 1442,835"/>
					<TextEquiv>
						<Unicode>δ᾽</Unicode>
					</TextEquiv>
				</Word>
				<Word id="r1074">
					<Coords points="1555,835 1576,855 1629,855 1664,856 1664,859 1663,864 1661,870 1659,872 1658,874 1656,875 1652,878 1646,881 1502,881 1501,880 1500,874 1501,868 1502,865 1505,861 1506,860 1516,856 1541,837"/>
					<TextEquiv>
						<Unicode>αἴτιον</Unicode>
					</TextEquiv>
				</Word>
				<TextEquiv>
					<Unicode>αἰχμάλωτον ἑλεῖν αὐτοχειρί, Καρχηδόνι δ᾽ αἴτιον</Unicode>
				</TextEquiv>
			</TextLine>
			<TextLine id="r110">
				<Coords points="1569,902 1572,903 1577,906 1653,906 1658,907 1662,923 1665,927 1666,930 1666,934 1665,939 1663,945 1661,947 1659,953 1657,964 1655,965 305,969 300,970 286,956 259,955 259,947 250,936 251,932 253,930 279,930 296,914 298,913 425,912 426,909 427,908 429,907 1567,903"/>
				<Word id="r1075">
					<Coords points="301,913 305,914 326,929 332,930 336,932 339,934 340,936 339,938 335,940 334,956 333,959 330,960 307,961 306,963 305,968 302,969 286,955 259,950 250,936 251,933 253,930 280,930 296,914"/>
					<TextEquiv>
						<Unicode>τῆς</Unicode>
					</TextEquiv>
				</Word>
				<Word id="r1076">
					<Coords points="429,907 616,907 635,926 746,927 749,929 751,932 751,936 747,937 745,955 742,958 738,958 735,957 417,955 413,953 411,950 411,943 413,939 426,926 426,909 427,908"/>
					<TextEquiv>
						<Unicode>ἀναστάσεως</Unicode>
					</TextEquiv>
				</Word>
				<Word id="r1077">
					<Coords points="939,906 1012,906 1031,925 1069,925 1088,945 1089,950 1088,954 1087,956 1081,959 852,963 843,966 843,955 832,943 830,937 832,931 835,928 837,927 881,925 920,925"/>
					<TextEquiv>
						<Unicode>γενέσθαι,</Unicode>
					</TextEquiv>
				</Word>
				<Word id="r1078">
					<Coords points="1244,905 1266,924 1394,925 1395,930 1393,936 1391,940 1389,941 1388,944 1384,946 1381,948 1379,950 1375,951 1266,952 1250,966 1235,952 1174,959 1171,933 1172,929 1174,927 1176,926 1204,925 1221,925"/>
					<TextEquiv>
						<Unicode>πάμπαν</Unicode>
					</TextEquiv>
				</Word>
				<Word id="r1079">
					<Coords points="1569,903 1572,904 1574,905 1577,907 1657,907 1659,915 1662,924 1664,927 1664,934 1663,939 1662,942 1658,950 1657,953 1656,958 1655,964 1654,965 1641,952 1475,950 1473,947 1472,938 1474,935 1475,933 1486,922 1487,905 1566,904"/>
					<TextEquiv>
						<Unicode>ἀσθενῆ</Unicode>
					</TextEquiv>
				</Word>
				<TextEquiv>
					<Unicode>τῆς ἀναστάσεως γενέσθαι, πάμπαν ἀσθενῆ</Unicode>
				</TextEquiv>
			</TextLine>
			<TextLine id="r111">
				<Coords points="1568,969 1592,992 1656,992 1660,993 1663,994 1666,996 1665,1002 1663,1010 1662,1019 1661,1021 1659,1023 1655,1025 1601,1025 1592,1033 1590,1035 355,1037 351,1039 337,1025 315,1024 314,1024 298,1026 263,1025 256,992 252,991 249,985 251,981 252,978 253,977 257,976 1565,971"/>
				<Word id="r1080">
					<Coords points="258,976 258,977 260,977 260,979 293,979 293,980 297,980 297,981 299,981 299,982 300,982 300,983 301,983 301,985 302,985 302,986 303,986 303,987 304,987 304,994 303,994 303,997 418,997 418,996 419,996 419,995 420,995 420,994 421,994 421,993 422,993 422,992 423,992 423,991 424,991 424,990 426,990 426,989 427,989 427,988 428,988 428,987 429,987 429,986 430,986 430,985 431,985 431,984 432,984 432,983 434,983 434,982 435,982 435,981 436,981 436,980 437,980 437,979 438,979 438,978 439,978 439,977 440,977 440,976 440,977 442,977 442,978 443,978 443,979 444,979 444,980 445,980 445,981 446,981 446,982 448,982 448,983 449,983 449,984 450,984 450,985 451,985 451,986 452,986 452,987 454,987 454,988 455,988 455,989 456,989 456,990 457,990 457,991 458,991 458,992 460,992 460,993 461,993 461,994 462,994 462,995 463,995 463,996 511,996 511,997 513,997 513,998 515,998 515,999 516,999 516,1000 518,1000 518,1001 519,1001 519,1006 515,1006 515,1007 514,1007 514,1023 513,1023 513,1026 510,1026 510,1027 507,1027 507,1028 362,1028 362,1029 360,1029 360,1030 359,1030 359,1031 358,1031 358,1032 357,1032 357,1033 356,1033 356,1034 355,1034 355,1035 354,1035 354,1036 353,1036 353,1037 351,1037 351,1038 351,1037 349,1037 349,1036 348,1036 348,1035 347,1035 347,1034 346,1034 346,1033 345,1033 345,1032 344,1032 344,1031 343,1031 343,1030 342,1030 342,1029 341,1029 341,1028 340,1028 340,1027 339,1027 339,1026 338,1026 338,1025 337,1025 337,1024 306,1024 306,1025 287,1025 287,1024 268,1024 268,1023 267,1023 273,1023 273,1022 274,1022 274,991 255,991 255,990 252,990 252,989 251,989 251,987 250,987 250,984 251,984 251,981 252,981 252,979 253,979 253,977 258,977"/>
					<TextEquiv>
						<Unicode>Ῥωμαίοις</Unicode>
					</TextEquiv>
				</Word>
				<Word id="r1083">
					<Coords points="779,964 797,994 872,994 892,1016 890,1021 558,1023 551,1021 548,1003 547,1000 557,984 559,977 561,976 769,976"/>
					<TextEquiv>
						<Unicode>ὑπολιπόντα.</Unicode>
					</TextEquiv>
				</Word>
				<Word id="r1084">
					<Coords points="955,974 962,978 986,978 1002,994 1028,994 1029,996 1029,1001 1028,1005 1023,1015 1017,1019 1015,1020 986,1021 979,1025 975,1030 973,1035 971,1036 957,1022 940,1021 936,1019 934,1016 933,1010 934,1004 938,993 939,981 946,975"/>
					<TextEquiv>
						<Unicode>ἔφυ</Unicode>
					</TextEquiv>
				</Word>
				<Word id="r1085">
					<Coords points="1064,973 1099,974 1102,980 1103,983 1106,995 1107,998 1106,1000 1105,1018 1104,1020 1103,1021 1063,1020 1059,1017 1057,1012 1057,1007 1058,1003 1059,1001 1061,999 1062,975"/>
					<TextEquiv>
						<Unicode>δὲ</Unicode>
					</TextEquiv>
				</Word>
				<Word id="r1086">
					<Coords points="1209,973 1213,977 1215,983 1217,987 1219,1008 1221,1013 1218,1019 1216,1020 1213,1021 1211,1021 1171,1020 1134,1018 1135,1014 1136,1012 1138,1006 1139,1004 1142,995 1143,994 1187,994"/>
					<TextEquiv>
						<Unicode>καὶ</Unicode>
					</TextEquiv>
				</Word>
				<Word id="r1087">
					<Coords points="1290,973 1293,974 1297,982 1298,985 1299,987 1301,996 1303,997 1305,1000 1306,1006 1305,1012 1304,1014 1298,1020 1296,1021 1293,1022 1289,1021 1287,1020 1257,1019 1257,1011 1248,1000 1250,995 1255,994 1266,994"/>
					<TextEquiv>
						<Unicode>τὸ</Unicode>
					</TextEquiv>
				</Word>
				<Word id="r1088">
					<Coords points="1394,975 1399,976 1417,993 1480,994 1483,1009 1485,1012 1483,1016 1480,1019 1478,1020 1477,1021 1430,1021 1415,1034 1400,1021 1343,1020 1340,1019 1338,1018 1336,1016 1334,1010 1335,1005 1337,1002 1339,998 1342,996 1348,994 1363,993 1371,993 1389,976"/>
					<TextEquiv>
						<Unicode>σῶμα</Unicode>
					</TextEquiv>
				</Word>
				<Word id="r1089">
					<Coords points="1568,970 1591,992 1655,992 1659,993 1662,994 1664,995 1664,999 1661,1002 1660,1019 1659,1022 1656,1023 1600,1024 1589,1035 1510,1034 1510,1029 1512,1025 1513,1022 1515,1014 1516,1011 1517,1007 1518,1004 1519,1002 1520,996 1522,994 1543,993 1565,971"/>
					<TextEquiv>
						<Unicode>μέγας</Unicode>
					</TextEquiv>
				</Word>
				<TextEquiv>
					<Unicode>Ῥωμαίοις ὑπολιπόντα. ἔφυ δὲ καὶ τὸ σῶμα μέγας</Unicode>
				</TextEquiv>
			</TextLine>
			<TextLine id="r112">
				<Coords points="1149,1040 1546,1040 1546,1041 1550,1041 1550,1042 1551,1042 1551,1043 1552,1043 1552,1044 1553,1044 1553,1045 1554,1045 1554,1046 1555,1046 1555,1047 1556,1047 1556,1048 1557,1048 1557,1049 1558,1049 1558,1050 1559,1050 1559,1051 1560,1051 1560,1052 1561,1052 1561,1053 1562,1053 1562,1054 1563,1054 1563,1055 1564,1055 1564,1056 1565,1056 1565,1057 1566,1057 1566,1058 1567,1058 1567,1059 1568,1059 1568,1060 1637,1060 1637,1068 1638,1068 1638,1073 1667,1073 1667,1082 1639,1082 1639,1083 1638,1083 1638,1085 1637,1085 1637,1086 1635,1086 1635,1087 1545,1087 1545,1088 1515,1088 1515,1089 1486,1089 1486,1090 1476,1090 1476,1091 1466,1091 1466,1092 1465,1092 1465,1093 1464,1093 1464,1094 1463,1094 1463,1095 1462,1095 1462,1096 1461,1096 1461,1097 1460,1097 1460,1098 1459,1098 1459,1099 1458,1099 1458,1100 1457,1100 1457,1101 1443,1101 1443,1102 1430,1102 1430,1103 1428,1103 1428,1104 1426,1104 1426,1105 887,1105 887,1106 885,1106 885,1107 503,1107 503,1108 503,1107 502,1107 502,1106 501,1106 501,1105 500,1105 500,1104 499,1104 499,1103 498,1103 498,1102 497,1102 497,1101 496,1101 496,1100 495,1100 495,1099 494,1099 494,1098 493,1098 493,1097 492,1097 492,1096 491,1096 491,1095 490,1095 490,1094 489,1094 489,1093 263,1093 263,1092 262,1092 262,1083 261,1083 261,1080 260,1080 260,1077 259,1077 259,1074 258,1074 258,1071 257,1071 258,1071 258,1069 259,1069 259,1068 261,1068 261,1067 295,1067 295,1066 384,1066 384,1065 385,1065 385,1064 386,1064 386,1063 387,1063 387,1062 388,1062 388,1061 389,1061 389,1060 390,1060 390,1059 391,1059 391,1058 392,1058 392,1057 393,1057 393,1056 394,1056 394,1055 395,1055 395,1054 396,1054 396,1053 397,1053 397,1052 398,1052 398,1051 399,1051 399,1050 400,1050 400,1049 401,1049 401,1048 402,1048 402,1047 403,1047 403,1046 404,1046 404,1045 775,1045 775,1044 1146,1044 1146,1043 1147,1043 1147,1042 1148,1042 1148,1041 1149,1041"/>
				<Word id="r1090">
					<Coords points="299,1066 304,1067 306,1069 306,1071 305,1073 304,1091 262,1091 260,1074 258,1068 260,1067 295,1067"/>
					<TextEquiv>
						<Unicode>τε</Unicode>
					</TextEquiv>
				</Word>
				<Word id="r1091">
					<Coords points="405,1045 408,1047 409,1051 411,1054 413,1060 415,1080 418,1083 417,1086 413,1092 333,1091 334,1089 335,1086 336,1084 337,1080 339,1074 340,1070 341,1068 357,1066 383,1066"/>
					<TextEquiv>
						<Unicode>καὶ</Unicode>
					</TextEquiv>
				</Word>
				<Word id="r1092">
					<Coords points="496,1045 518,1064 695,1064 699,1066 701,1069 701,1072 699,1074 697,1075 696,1092 695,1093 693,1094 690,1095 516,1096 504,1106 488,1092 453,1091 449,1088 447,1085 447,1079 450,1072 453,1068 455,1066 457,1065 460,1064 464,1064 486,1047"/>
					<TextEquiv>
						<Unicode>εὔρωστος</Unicode>
					</TextEquiv>
				</Word>
				<Word id="r1093">
					<Coords points="746,1045 769,1064 772,1065 777,1071 775,1074 773,1081 772,1090 771,1092 767,1095 764,1096 758,1091 738,1090 735,1089 733,1088 731,1085 730,1083 730,1076 731,1073 732,1071 742,1061"/>
					<TextEquiv>
						<Unicode>ἐς</Unicode>
					</TextEquiv>
				</Word>
				<Word id="r1094">
					<Coords points="867,1046 870,1047 872,1048 887,1062 941,1062 967,1063 970,1064 972,1065 974,1068 974,1072 970,1074 969,1090 968,1093 964,1094 897,1095 887,1104 885,1105 884,1106 827,1104 826,1092 816,1081 815,1079 814,1074 815,1070 819,1065 821,1064 846,1064 862,1048 865,1047"/>
					<TextEquiv>
						<Unicode>γῆρας</Unicode>
					</TextEquiv>
				</Word>
				<Word id="r1095">
					<Coords points="1150,1040 1153,1041 1153,1069 1164,1080 1167,1086 1166,1089 1164,1093 1162,1095 1153,1093 1018,1089 1015,1077 1012,1068 1014,1065 1018,1063 1069,1063 1084,1048 1141,1048"/>
					<TextEquiv>
						<Unicode>πολύ,</Unicode>
					</TextEquiv>
				</Word>
				<Word id="r1096">
					<Coords points="1269,1040 1272,1041 1274,1045 1276,1051 1279,1057 1280,1076 1283,1078 1282,1081 1281,1083 1276,1089 1196,1088 1196,1085 1197,1083 1199,1077 1200,1073 1201,1070 1202,1068 1203,1065 1207,1063 1241,1062 1246,1062"/>
					<TextEquiv>
						<Unicode>καὶ</Unicode>
					</TextEquiv>
				</Word>
				<Word id="r1097">
					<Coords points="1387,1040 1409,1060 1432,1060 1486,1061 1492,1064 1493,1068 1491,1071 1489,1079 1488,1087 1485,1088 1461,1089 1460,1091 1459,1095 1457,1098 1432,1100 1429,1101 1425,1103 1320,1101 1321,1096 1322,1093 1323,1091 1324,1087 1325,1081 1327,1075 1329,1067 1331,1063 1333,1062 1364,1062"/>
					<TextEquiv>
						<Unicode>μάχης</Unicode>
					</TextEquiv>
				</Word>
				<Word id="r1098">
					<Coords points="1546,1041 1568,1060 1636,1060 1655,1074 1663,1077 1662,1079 1641,1079 1640,1081 1637,1083 1634,1086 1534,1086 1532,1083 1530,1079 1530,1075 1531,1071 1532,1069 1533,1068 1542,1051 1543,1042"/>
					<TextEquiv>
						<Unicode>ἐπει-</Unicode>
					</TextEquiv>
				</Word>
				<TextEquiv>
					<Unicode>τε καὶ εὔρωστος ἐς γῆρας πολύ, καὶ μάχης ἐπει-</Unicode>
				</TextEquiv>
			</TextLine>
			<TextLine id="r113">
				<Coords points="1163,1108 1628,1108 1654,1130 1660,1131 1662,1132 1666,1137 1663,1140 1661,1141 1659,1158 1656,1160 1607,1161 1594,1174 1543,1174 1541,1175 1538,1176 1537,1176 1509,1175 558,1175 555,1177 543,1178 250,1182 251,1176 252,1169 253,1164 254,1157 255,1151 257,1145 259,1140 262,1137 266,1136 273,1135 294,1119 297,1117 502,1114 506,1111 1162,1109"/>
				<Word id="r1099">
					<Coords points="300,1117 306,1118 324,1135 367,1135 371,1136 373,1137 375,1140 376,1146 375,1153 374,1155 369,1160 365,1162 272,1162 252,1180 251,1175 252,1168 253,1163 254,1156 255,1150 257,1144 260,1138 265,1136 277,1136 294,1119"/>
					<TextEquiv>
						<Unicode>ρᾶτο</Unicode>
					</TextEquiv>
				</Word>
				<Word id="r1100">
					<Coords points="507,1111 509,1112 531,1133 598,1133 601,1148 602,1151 599,1157 595,1159 572,1160 560,1162 558,1167 556,1175 548,1177 542,1178 449,1175 448,1173 450,1167 451,1163 452,1160 453,1156 454,1153 456,1145 459,1136 460,1135 482,1135 505,1112"/>
					<TextEquiv>
						<Unicode>μέχρι</Unicode>
					</TextEquiv>
				</Word>
				<Word id="r1101">
					<Coords points="753,1114 757,1115 762,1119 763,1126 766,1138 765,1142 764,1145 763,1147 762,1150 761,1152 753,1158 747,1159 684,1158 684,1151 675,1139 677,1134 678,1133 730,1133 747,1116 749,1115"/>
					<TextEquiv>
						<Unicode>τοῦ</Unicode>
					</TextEquiv>
				</Word>
				<Word id="r1102">
					<Coords points="966,1110 966,1111 968,1111 968,1112 969,1112 969,1113 970,1113 970,1114 971,1114 971,1115 972,1115 972,1116 973,1116 973,1117 974,1117 974,1118 975,1118 975,1119 976,1119 976,1120 977,1120 977,1121 979,1121 979,1122 980,1122 980,1123 981,1123 981,1124 982,1124 982,1125 983,1125 983,1126 984,1126 984,1127 985,1127 985,1128 986,1128 986,1129 987,1129 987,1130 1044,1130 1044,1131 1062,1131 1062,1141 1061,1141 1061,1143 1060,1143 1060,1144 1059,1144 1059,1146 1058,1146 1058,1150 1074,1150 1074,1151 1076,1151 1076,1152 1077,1152 1077,1154 1078,1154 1078,1157 1077,1157 1077,1159 1076,1159 1076,1161 1075,1161 1075,1163 1073,1163 1073,1164 1071,1164 1071,1165 1068,1165 1069,1165 1069,1163 1070,1163 1070,1158 843,1158 843,1157 842,1157 842,1155 841,1155 841,1154 840,1154 840,1147 839,1147 840,1147 840,1139 841,1139 841,1135 842,1135 842,1132 843,1132 843,1129 844,1129 844,1127 845,1127 845,1125 846,1125 846,1123 847,1123 847,1122 848,1122 848,1121 849,1121 849,1120 850,1120 850,1118 851,1118 851,1117 852,1117 852,1116 854,1116 854,1115 855,1115 855,1114 856,1114 856,1113 858,1113 858,1112 965,1112 965,1111 966,1111"/>
					<TextEquiv>
						<Unicode>θανάτου,</Unicode>
					</TextEquiv>
				</Word>
				<Word id="r1104">
					<Coords points="1164,1108 1189,1131 1304,1131 1306,1132 1307,1134 1307,1137 1306,1141 1305,1143 1304,1146 1303,1148 1300,1152 1296,1156 1232,1158 1170,1158 1146,1155 1144,1121 1144,1114 1146,1111 1161,1110"/>
					<TextEquiv>
						<Unicode>ἵππου</Unicode>
					</TextEquiv>
				</Word>
				<Word id="r1105">
					<Coords points="1431,1130 1435,1131 1437,1134 1434,1136 1433,1154 1432,1156 1431,1157 1392,1157 1392,1150 1383,1140 1382,1138 1383,1135 1385,1133 1391,1131 1428,1131"/>
					<TextEquiv>
						<Unicode>τε</Unicode>
					</TextEquiv>
				</Word>
				<Word id="r1106">
					<Coords points="1626,1108 1628,1109 1651,1130 1656,1131 1660,1132 1665,1136 1661,1139 1658,1140 1657,1158 1655,1160 1607,1160 1594,1173 1542,1173 1540,1174 1509,1174 1510,1173 1513,1134 1517,1130 1604,1130"/>
					<TextEquiv>
						<Unicode>χωρὶς</Unicode>
					</TextEquiv>
				</Word>
				<TextEquiv>
					<Unicode>ρᾶτο μέχρι τοῦ θανάτου, ἵππου τε χωρὶς</Unicode>
				</TextEquiv>
			</TextLine>
			<TextLine id="r114">
				<Coords points="1471,1175 1473,1176 1474,1177 1633,1177 1635,1176 1637,1176 1662,1178 1664,1181 1664,1188 1662,1190 1660,1191 1655,1192 1651,1193 1650,1213 1649,1217 1647,1220 1644,1223 1640,1224 1615,1225 1599,1241 354,1242 343,1231 287,1230 253,1227 252,1216 254,1213 255,1211 269,1196 267,1192 265,1184 373,1184 378,1183 1470,1176"/>
				<Word id="r1107">
					<Coords points="379,1183 486,1183 506,1203 546,1203 549,1204 552,1206 553,1211 549,1212 548,1229 547,1231 543,1233 360,1237 354,1241 343,1230 287,1229 252,1226 252,1216 254,1212 255,1211 269,1190 378,1184"/>
					<TextEquiv>
						<Unicode>ἀναβολέως</Unicode>
					</TextEquiv>
				</Word>
				<Word id="r1108">
					<Coords points="708,1181 708,1182 743,1182 743,1183 746,1183 746,1184 748,1184 748,1185 749,1185 749,1186 750,1186 750,1187 751,1187 751,1188 752,1188 752,1189 753,1189 753,1190 754,1190 754,1191 755,1191 755,1192 756,1192 756,1193 757,1193 757,1194 758,1194 758,1195 759,1195 759,1196 760,1196 760,1197 761,1197 761,1198 762,1198 762,1199 857,1199 857,1200 874,1200 874,1201 891,1201 891,1203 892,1203 892,1207 891,1207 891,1210 890,1210 890,1212 889,1212 889,1214 888,1214 888,1215 887,1215 887,1217 904,1217 904,1218 906,1218 906,1219 907,1219 907,1220 908,1220 907,1220 907,1226 873,1226 873,1227 872,1227 872,1228 724,1228 724,1229 722,1229 722,1230 721,1230 721,1231 720,1231 720,1232 719,1232 719,1233 718,1233 718,1234 717,1234 717,1235 716,1235 716,1236 715,1236 715,1237 714,1237 714,1238 714,1237 713,1237 713,1236 712,1236 712,1235 711,1235 711,1234 710,1234 710,1233 709,1233 709,1232 708,1232 708,1231 707,1231 707,1230 706,1230 706,1229 705,1229 705,1228 629,1228 629,1227 625,1227 625,1226 623,1226 623,1224 622,1224 622,1223 621,1223 621,1221 620,1221 620,1218 619,1218 619,1215 620,1215 620,1211 621,1211 621,1209 622,1209 622,1208 623,1208 623,1207 624,1207 624,1206 625,1206 625,1205 626,1205 626,1204 627,1204 627,1203 628,1203 628,1202 629,1202 629,1201 630,1201 630,1200 631,1200 631,1182 708,1182"/>
					<TextEquiv>
						<Unicode>ἐπέβαινεν.</Unicode>
					</TextEquiv>
				</Word>
				<Word id="r1110">
					<Coords points="1073,1179 1076,1180 1080,1188 1082,1194 1083,1214 1086,1218 1085,1221 1077,1228 1075,1227 1000,1226 1000,1223 1001,1220 1002,1218 1005,1209 1006,1205 1008,1201 1010,1200 1024,1199 1052,1199"/>
					<TextEquiv>
						<Unicode>καὶ</Unicode>
					</TextEquiv>
				</Word>
				<Word id="r1111">
					<Coords points="1259,1178 1282,1198 1365,1199 1368,1200 1370,1204 1371,1208 1370,1213 1369,1217 1368,1219 1361,1224 1355,1225 1353,1232 1350,1241 1140,1239 1139,1237 1140,1235 1142,1229 1144,1221 1146,1215 1147,1211 1148,1208 1149,1206 1150,1203 1152,1200 1194,1199 1235,1199"/>
					<TextEquiv>
						<Unicode>μεγίστῳ</Unicode>
					</TextEquiv>
				</Word>
				<Word id="r1112">
					<Coords points="1471,1176 1473,1177 1475,1179 1476,1181 1477,1184 1479,1189 1481,1195 1488,1203 1489,1208 1488,1214 1487,1217 1486,1221 1484,1226 1482,1234 1480,1238 1476,1239 1463,1226 1437,1225 1435,1224 1432,1222 1429,1217 1429,1209 1431,1207 1432,1204 1434,1202 1435,1179 1436,1177 1469,1177"/>
					<TextEquiv>
						<Unicode>δὴ</Unicode>
					</TextEquiv>
				</Word>
				<Word id="r1113">
					<Coords points="1636,1176 1641,1177 1662,1179 1662,1189 1659,1190 1649,1191 1648,1213 1647,1218 1644,1221 1639,1223 1615,1224 1594,1241 1558,1221 1550,1206 1551,1200 1559,1198 1581,1198 1597,1182 1603,1180 1631,1178 1635,1177"/>
					<TextEquiv>
						<Unicode>τῷδ᾽</Unicode>
					</TextEquiv>
				</Word>
				<TextEquiv>
					<Unicode>ἀναβολέως ἐπέβαινεν. καὶ μεγίστῳ δὴ τῷδ᾽</Unicode>
				</TextEquiv>
			</TextLine>
			<TextLine id="r115">
				<Coords points="1353,1244 1546,1244 1550,1246 1639,1248 1642,1249 1661,1268 1663,1269 1664,1272 1663,1274 1663,1277 1648,1278 1647,1282 1645,1286 1640,1291 1637,1293 1636,1294 1213,1295 1195,1312 1194,1313 368,1314 355,1301 264,1300 259,1299 256,1298 254,1296 253,1293 254,1288 255,1284 256,1281 258,1278 259,1275 263,1271 263,1254 264,1252 1351,1246"/>
				<Word id="r1114">
					<Coords points="486,1251 508,1269 593,1269 596,1271 596,1277 594,1296 591,1297 460,1298 445,1313 368,1313 355,1300 263,1299 258,1298 254,1296 253,1292 254,1287 255,1283 257,1280 258,1277 261,1273 263,1254 264,1252 482,1252"/>
					<TextEquiv>
						<Unicode>ἐτεκμηρίωσε</Unicode>
					</TextEquiv>
				</Word>
				<Word id="r1115">
					<Coords points="733,1250 743,1255 747,1256 753,1259 763,1268 898,1268 901,1284 902,1288 901,1291 899,1293 895,1296 894,1297 684,1297 667,1312 665,1310 665,1306 667,1300 668,1298 669,1295 670,1290 672,1284 673,1279 674,1276 677,1270 711,1270"/>
					<TextEquiv>
						<Unicode>μάλιστα</Unicode>
					</TextEquiv>
				</Word>
				<Word id="r1116">
					<Coords points="1017,1248 1040,1268 1063,1268 1065,1270 1066,1273 1064,1279 1062,1282 1061,1284 1054,1291 1051,1293 1045,1296 1036,1297 1027,1301 1026,1306 1024,1308 1022,1309 1020,1308 1009,1297 984,1296 982,1291 974,1279 973,1277 974,1273 976,1270 985,1269"/>
					<TextEquiv>
						<Unicode>τὴν</Unicode>
					</TextEquiv>
				</Word>
				<Word id="r1117">
					<Coords points="1354,1244 1379,1267 1419,1267 1420,1269 1420,1273 1418,1277 1417,1280 1416,1282 1412,1286 1407,1289 1406,1291 1400,1294 1212,1294 1211,1295 1193,1312 1177,1297 1146,1296 1140,1294 1138,1292 1137,1290 1136,1287 1135,1283 1136,1281 1137,1278 1140,1273 1145,1269 1150,1268 1174,1248 1176,1247 1350,1247"/>
					<TextEquiv>
						<Unicode>εὐρωστίαν</Unicode>
					</TextEquiv>
				</Word>
				<Word id="r1118">
					<Coords points="1544,1244 1548,1246 1551,1248 1638,1248 1641,1249 1663,1271 1662,1274 1647,1277 1645,1282 1644,1284 1641,1288 1636,1292 1493,1293 1491,1292 1490,1289 1490,1281 1491,1277 1492,1275 1496,1271 1501,1267 1515,1266 1519,1266 1539,1246 1541,1245"/>
					<TextEquiv>
						<Unicode>αὑτοῦ·</Unicode>
					</TextEquiv>
				</Word>
				<TextEquiv>
					<Unicode>ἐτεκμηρίωσε μάλιστα τὴν εὐρωστίαν αὑτοῦ·</Unicode>
				</TextEquiv>
			</TextLine>
			<TextLine id="r116">
				<Coords points="1324,1313 1654,1314 1658,1313 1661,1322 1662,1327 1665,1329 1664,1350 1667,1354 1665,1358 1661,1363 1335,1363 1285,1364 1271,1378 795,1382 792,1382 536,1380 535,1369 258,1368 255,1357 251,1352 252,1349 253,1345 254,1343 256,1342 286,1341 311,1341 326,1326 416,1324 420,1322 574,1316 729,1316 1323,1314"/>
				<Word id="r1119">
					<Coords points="423,1322 427,1323 429,1324 445,1339 470,1340 470,1347 469,1351 467,1353 463,1358 458,1362 456,1363 454,1365 451,1366 309,1367 258,1364 252,1353 251,1351 252,1348 253,1344 254,1343 256,1342 286,1341 311,1341 326,1326 416,1324 420,1323"/>
					<TextEquiv>
						<Unicode>πολλῶν</Unicode>
					</TextEquiv>
				</Word>
				<Word id="r1120">
					<Coords points="575,1316 598,1338 618,1339 621,1341 623,1345 623,1348 622,1357 620,1359 618,1362 615,1364 602,1365 601,1368 600,1374 599,1378 599,1380 536,1374 525,1356 524,1351 525,1345 527,1342 529,1341 548,1341 572,1317"/>
					<TextEquiv>
						<Unicode>γὰρ</Unicode>
					</TextEquiv>
				</Word>
				<Word id="r1121">
					<Coords points="731,1317 736,1320 802,1320 805,1321 808,1323 809,1326 812,1340 815,1344 816,1346 816,1349 815,1353 813,1359 809,1363 803,1364 798,1372 796,1380 792,1381 788,1380 774,1366 724,1365 721,1364 684,1363 681,1361 679,1354 680,1350 682,1347 685,1343 689,1340 692,1338 708,1338"/>
					<TextEquiv>
						<Unicode>αὐτῷ</Unicode>
					</TextEquiv>
				</Word>
				<Word id="r1122">
					<Coords points="961,1316 986,1317 988,1318 1006,1336 1067,1337 1068,1339 1068,1343 1064,1351 1063,1352 1060,1356 1058,1358 1054,1360 1051,1362 1049,1363 1046,1364 919,1364 876,1359 870,1348 869,1345 870,1342 873,1339 926,1337 940,1337"/>
					<TextEquiv>
						<Unicode>παίδων</Unicode>
					</TextEquiv>
				</Word>
				<Word id="r1123">
					<Coords points="1325,1314 1348,1335 1425,1335 1427,1337 1428,1339 1427,1343 1426,1346 1424,1349 1419,1355 1417,1357 1414,1358 1412,1360 1409,1361 1285,1363 1270,1378 1129,1378 1127,1377 1127,1365 1116,1353 1114,1347 1115,1343 1116,1340 1117,1339 1120,1338 1122,1337 1143,1336 1301,1336"/>
					<TextEquiv>
						<Unicode>γιγνομένων</Unicode>
					</TextEquiv>
				</Word>
				<Word id="r1124">
					<Coords points="1526,1334 1529,1335 1532,1338 1529,1343 1528,1360 1527,1362 1485,1358 1476,1342 1477,1337 1485,1335 1523,1335"/>
					<TextEquiv>
						<Unicode>τε</Unicode>
					</TextEquiv>
				</Word>
				<Word id="r1125">
					<Coords points="1654,1314 1657,1316 1658,1318 1660,1324 1661,1326 1663,1329 1664,1351 1665,1354 1662,1360 1583,1368 1581,1356 1583,1350 1584,1348 1586,1340 1587,1337 1596,1335 1605,1334 1632,1334"/>
					<TextEquiv>
						<Unicode>καὶ</Unicode>
					</TextEquiv>
				</Word>
				<TextEquiv>
					<Unicode>πολλῶν γὰρ αὐτῷ παίδων γιγνομένων τε καὶ</Unicode>
				</TextEquiv>
			</TextLine>
			<TextLine id="r117">
				<Coords points="1576,1379 1578,1380 1600,1402 1637,1402 1639,1403 1659,1404 1665,1408 1666,1411 1663,1415 1661,1423 1660,1432 1658,1433 1657,1435 1507,1436 1497,1445 1496,1446 1433,1446 1431,1447 442,1447 432,1437 258,1436 255,1434 253,1431 253,1425 255,1421 257,1418 258,1416 268,1398 270,1389 545,1386 554,1383 563,1388 1572,1381 1575,1380"/>
				<Word id="r1126">
					<Coords points="553,1384 553,1385 555,1385 555,1386 556,1386 556,1387 557,1387 557,1388 558,1388 558,1389 559,1389 559,1390 560,1390 560,1391 561,1391 561,1392 562,1392 562,1393 563,1393 563,1394 564,1394 564,1395 565,1395 565,1396 567,1396 567,1397 568,1397 568,1398 569,1398 569,1399 570,1399 570,1400 571,1400 571,1401 572,1401 572,1402 573,1402 573,1403 574,1403 574,1404 575,1404 575,1405 576,1405 576,1406 577,1406 577,1407 687,1407 687,1408 689,1408 689,1410 690,1410 690,1412 689,1412 689,1416 688,1416 688,1418 687,1418 687,1420 686,1420 686,1422 685,1422 685,1423 684,1423 684,1425 701,1425 701,1427 702,1427 702,1428 703,1428 703,1430 704,1430 704,1431 705,1431 704,1431 704,1434 703,1434 703,1437 702,1437 702,1438 701,1438 701,1439 700,1439 700,1440 697,1440 697,1441 697,1439 696,1439 697,1439 697,1434 562,1434 562,1435 457,1435 457,1436 455,1436 455,1437 454,1437 454,1438 453,1438 453,1439 451,1439 451,1440 450,1440 450,1441 449,1441 449,1442 447,1442 447,1443 446,1443 446,1444 445,1444 445,1445 444,1445 444,1446 444,1445 442,1445 442,1444 441,1444 441,1443 440,1443 440,1442 439,1442 439,1441 438,1441 438,1440 436,1440 436,1439 435,1439 435,1438 434,1438 434,1437 433,1437 433,1436 432,1436 432,1435 257,1435 257,1434 255,1434 255,1432 254,1432 254,1431 253,1431 253,1425 254,1425 254,1423 255,1423 255,1421 256,1421 256,1419 257,1419 257,1418 258,1418 258,1416 259,1416 259,1414 260,1414 260,1413 261,1413 261,1412 262,1412 262,1411 263,1411 263,1410 264,1410 264,1408 265,1408 265,1407 266,1407 266,1406 267,1406 267,1405 268,1405 268,1404 269,1404 269,1398 270,1398 270,1391 307,1391 307,1390 344,1390 344,1389 381,1389 381,1388 550,1388 550,1387 551,1387 551,1386 552,1386 552,1385 553,1385"/>
					<TextEquiv>
						<Unicode>ἀποθνησκόντων,</Unicode>
					</TextEquiv>
				</Word>
				<Word id="r1128">
					<Coords points="806,1387 827,1405 936,1405 942,1407 943,1409 943,1411 940,1412 939,1418 938,1431 936,1432 902,1433 759,1432 756,1430 754,1427 753,1424 753,1418 756,1412 758,1409 762,1407 766,1406 774,1406 797,1388"/>
					<TextEquiv>
						<Unicode>οὔποτε</Unicode>
					</TextEquiv>
				</Word>
				<Word id="r1129">
					<Coords points="1039,1385 1060,1404 1079,1404 1081,1405 1081,1413 1080,1415 1079,1418 1077,1421 1074,1425 1070,1428 1067,1430 1063,1431 1061,1432 1043,1433 1005,1434 992,1445 990,1443 990,1439 992,1433 993,1428 994,1426 995,1423 996,1418 997,1415 998,1411 999,1408 1000,1406 1016,1406"/>
					<TextEquiv>
						<Unicode>μὲν</Unicode>
					</TextEquiv>
				</Word>
				<Word id="r1130">
					<Coords points="1145,1384 1150,1385 1171,1405 1264,1406 1264,1412 1263,1415 1261,1419 1257,1424 1253,1427 1250,1428 1248,1430 1244,1431 1162,1432 1146,1445 1144,1443 1131,1424 1127,1413 1128,1410 1130,1407 1137,1394 1141,1385"/>
					<TextEquiv>
						<Unicode>ἦσαν</Unicode>
					</TextEquiv>
				</Word>
				<Word id="r1131">
					<Coords points="1367,1384 1372,1386 1437,1386 1440,1387 1443,1389 1445,1394 1447,1404 1450,1408 1452,1414 1452,1418 1451,1422 1444,1430 1439,1431 1435,1438 1432,1445 1424,1446 1410,1432 1320,1431 1316,1429 1314,1425 1314,1423 1315,1417 1317,1413 1321,1409 1327,1405 1343,1405"/>
					<TextEquiv>
						<Unicode>αὐτῷ</Unicode>
					</TextEquiv>
				</Word>
				<Word id="r1132">
					<Coords points="1576,1380 1599,1402 1636,1402 1638,1403 1658,1404 1664,1408 1663,1412 1661,1415 1659,1416 1658,1432 1656,1434 1506,1435 1495,1445 1493,1443 1492,1441 1494,1437 1495,1433 1497,1427 1498,1425 1499,1422 1500,1418 1504,1406 1521,1404 1545,1403 1551,1403 1573,1381"/>
					<TextEquiv>
						<Unicode>μείους</Unicode>
					</TextEquiv>
				</Word>
				<TextEquiv>
					<Unicode>ἀποθνησκόντων, οὔποτε μὲν ἦσαν αὐτῷ μείους</Unicode>
				</TextEquiv>
			</TextLine>
			<TextLine id="r118">
				<Coords points="1071,1450 1623,1451 1644,1472 1667,1472 1668,1474 1668,1478 1667,1481 1666,1486 1662,1492 1657,1496 1654,1497 1650,1499 1647,1500 1567,1502 1564,1504 1541,1508 1536,1512 652,1516 646,1520 637,1511 261,1505 261,1498 252,1486 253,1482 254,1480 256,1479 282,1479 299,1462 303,1460 397,1458 436,1455 438,1454 1035,1452 1070,1451"/>
				<Word id="r1133">
					<Coords points="305,1460 310,1461 328,1478 352,1478 352,1487 348,1493 347,1495 345,1496 344,1498 343,1499 341,1500 338,1502 334,1504 330,1505 329,1505 261,1500 252,1486 254,1480 255,1479 282,1479 299,1462 301,1461"/>
					<TextEquiv>
						<Unicode>τῶν</Unicode>
					</TextEquiv>
				</Word>
				<Word id="r1134">
					<Coords points="439,1454 441,1455 463,1476 506,1476 508,1477 527,1497 528,1500 526,1506 520,1509 513,1505 427,1504 396,1503 394,1502 391,1496 391,1491 392,1487 394,1483 395,1460 396,1458 435,1456 438,1455"/>
					<TextEquiv>
						<Unicode>δέκα,</Unicode>
					</TextEquiv>
				</Word>
				<Word id="r1135">
					<Coords points="783,1453 785,1454 810,1475 814,1476 818,1478 821,1482 819,1485 817,1493 816,1502 812,1506 661,1506 650,1516 647,1518 645,1519 629,1503 565,1502 565,1495 557,1483 558,1478 559,1477 664,1475 760,1475"/>
					<TextEquiv>
						<Unicode>τετραετὲς</Unicode>
					</TextEquiv>
				</Word>
				<Word id="r1136">
					<Coords points="856,1453 888,1453 890,1454 892,1458 893,1461 895,1465 896,1470 899,1478 897,1482 896,1500 893,1501 855,1501 852,1499 850,1496 849,1486 850,1483 851,1481 853,1479 854,1455"/>
					<TextEquiv>
						<Unicode>δὲ</Unicode>
					</TextEquiv>
				</Word>
				<Word id="r1137">
					<Coords points="1072,1451 1098,1474 1130,1474 1131,1478 1130,1482 1128,1486 1125,1490 1120,1495 1117,1497 1111,1500 1110,1501 1015,1501 931,1497 925,1484 926,1479 930,1476 932,1475 979,1474 982,1473 1013,1473 1033,1453 1035,1452 1069,1452"/>
					<TextEquiv>
						<Unicode>παιδίον</Unicode>
					</TextEquiv>
				</Word>
				<Word id="r1138">
					<Coords points="1478,1451 1502,1472 1565,1472 1568,1473 1572,1475 1574,1478 1574,1481 1571,1484 1569,1492 1567,1501 1565,1502 1563,1504 1541,1504 1539,1508 1535,1512 1283,1512 1282,1513 1271,1502 1165,1501 1161,1499 1158,1497 1156,1494 1156,1485 1157,1482 1158,1481 1168,1463 1169,1454 1170,1453 1474,1453"/>
					<TextEquiv>
						<Unicode>ἐνενηκοντούτης</Unicode>
					</TextEquiv>
				</Word>
				<Word id="r1139">
					<Coords points="1620,1451 1643,1472 1666,1472 1666,1478 1665,1481 1664,1487 1662,1490 1660,1492 1655,1496 1652,1497 1646,1500 1604,1497 1601,1493 1600,1487 1600,1485 1601,1481 1602,1479 1603,1478 1611,1463 1612,1456"/>
					<TextEquiv>
						<Unicode>ὢν</Unicode>
					</TextEquiv>
				</Word>
				<TextEquiv>
					<Unicode>τῶν δέκα, τετραετὲς δὲ παιδίον ἐνενηκοντούτης ὢν</Unicode>
				</TextEquiv>
			</TextLine>
			<TextLine id="r119">
				<Coords points="1491,1518 1516,1540 1663,1541 1667,1542 1668,1545 1667,1546 1665,1547 1664,1555 1663,1567 1457,1569 1435,1585 1428,1586 1398,1585 639,1585 634,1586 624,1576 295,1575 293,1574 256,1573 254,1571 252,1567 253,1564 254,1560 255,1557 257,1554 267,1544 267,1526 269,1525 599,1524 1299,1520 1330,1519 1488,1519"/>
				<Word id="r1140">
					<Coords points="270,1525 353,1525 363,1533 366,1534 368,1535 379,1545 479,1545 510,1546 510,1553 508,1557 506,1560 504,1564 501,1565 499,1566 498,1569 495,1571 490,1572 294,1574 254,1571 252,1568 252,1566 253,1563 254,1559 256,1556 257,1554 267,1544 267,1526 269,1526"/>
					<TextEquiv>
						<Unicode>ἀπέλιπεν</Unicode>
					</TextEquiv>
				</Word>
				<Word id="r1141">
					<Coords points="522,1564 527,1568 526,1570 523,1573 520,1572 519,1568"/>
					<TextEquiv>
						<Unicode>.</Unicode>
					</TextEquiv>
				</Word>
				<Word id="r1142">
					<Coords points="602,1524 606,1552 606,1561 605,1564 602,1568 597,1571 593,1571 588,1570 586,1567 585,1565 585,1554 586,1552 589,1549 593,1546 596,1545 597,1526 598,1525"/>
					<TextEquiv>
						<Unicode>ὁ</Unicode>
					</TextEquiv>
				</Word>
				<Word id="r1143">
					<Coords points="683,1524 706,1544 724,1548 723,1555 722,1557 720,1559 719,1561 717,1563 715,1566 712,1567 710,1569 704,1571 651,1572 636,1585 633,1583 635,1579 637,1571 638,1568 639,1566 641,1558 642,1555 644,1547 645,1545 659,1545"/>
					<TextEquiv>
						<Unicode>μὲν</Unicode>
					</TextEquiv>
				</Word>
				<Word id="r1144">
					<Coords points="793,1523 796,1525 798,1529 799,1532 800,1534 801,1537 805,1543 809,1548 809,1556 807,1562 806,1566 805,1568 804,1573 803,1575 801,1581 800,1583 798,1584 784,1570 758,1569 755,1567 752,1563 752,1555 754,1551 756,1549 757,1525 758,1524 789,1524"/>
					<TextEquiv>
						<Unicode>δὴ</Unicode>
					</TextEquiv>
				</Word>
				<Word id="r1145">
					<Coords points="1110,1522 1133,1542 1244,1542 1248,1544 1251,1547 1252,1550 1249,1552 1247,1553 1245,1571 1240,1573 1218,1574 1216,1580 1211,1581 1201,1571 839,1569 838,1527 838,1525 1105,1525"/>
					<TextEquiv>
						<Unicode>Μασσανάσσης</Unicode>
					</TextEquiv>
				</Word>
				<Word id="r1146">
					<Coords points="1333,1519 1336,1520 1340,1522 1366,1541 1374,1544 1372,1547 1371,1548 1370,1567 1364,1568 1283,1567 1281,1566 1278,1560 1278,1557 1279,1551 1281,1547 1290,1532 1291,1525 1292,1523 1296,1521 1299,1520 1330,1520"/>
					<TextEquiv>
						<Unicode>ὧδε</Unicode>
					</TextEquiv>
				</Word>
				<Word id="r1147">
					<Coords points="1490,1519 1514,1541 1587,1541 1587,1549 1585,1555 1584,1559 1582,1561 1581,1563 1577,1567 1456,1568 1452,1569 1441,1579 1431,1585 1399,1585 1399,1547 1401,1543 1405,1541 1467,1541"/>
					<TextEquiv>
						<Unicode>χρόνου</Unicode>
					</TextEquiv>
				</Word>
				<Word id="r1148">
					<Coords points="1661,1541 1664,1542 1667,1544 1665,1546 1663,1551 1664,1569 1624,1566 1623,1561 1615,1549 1614,1547 1615,1544 1617,1542 1659,1542"/>
					<TextEquiv>
						<Unicode>τε</Unicode>
					</TextEquiv>
				</Word>
				<TextEquiv>
					<Unicode>ἀπέλιπεν . ὁ μὲν δὴ Μασσανάσσης ὧδε χρόνου τε</Unicode>
				</TextEquiv>
			</TextLine>
			<TextLine id="r120">
				<Coords points="1122,1585 1125,1587 1629,1588 1659,1611 1668,1614 1667,1619 1665,1623 1656,1632 1652,1635 1642,1636 1634,1637 1593,1637 1581,1649 960,1650 957,1652 692,1655 658,1657 446,1657 433,1644 287,1643 248,1643 254,1633 256,1625 258,1619 261,1617 264,1616 304,1616 325,1595 431,1594 433,1592 1118,1589"/>
				<Word id="r1149">
					<Coords points="326,1595 329,1597 330,1599 331,1602 332,1604 333,1607 335,1610 335,1631 338,1634 336,1638 333,1642 287,1642 252,1640 253,1636 255,1630 256,1626 258,1620 260,1618 263,1616 304,1616"/>
					<TextEquiv>
						<Unicode>καὶ</Unicode>
					</TextEquiv>
				</Word>
				<Word id="r1150">
					<Coords points="434,1592 456,1613 599,1613 605,1617 606,1619 606,1622 602,1623 600,1642 597,1644 461,1645 447,1656 431,1642 373,1641 369,1639 368,1637 367,1634 367,1631 368,1627 369,1625 372,1621 376,1618 380,1617 395,1616 409,1616 432,1593"/>
					<TextEquiv>
						<Unicode>σώματος</Unicode>
					</TextEquiv>
				</Word>
				<Word id="r1151">
					<Coords points="656,1592 679,1612 766,1613 767,1615 767,1618 766,1624 764,1626 763,1629 758,1634 754,1637 751,1638 748,1640 707,1641 693,1654 691,1655 663,1655 658,1656 642,1641 640,1640 636,1637 635,1635 634,1632 635,1626 638,1619 639,1612 640,1600 646,1594"/>
					<TextEquiv>
						<Unicode>ἔχων</Unicode>
					</TextEquiv>
				</Word>
				<Word id="r1152">
					<Coords points="966,1590 990,1611 1026,1611 1044,1612 1045,1614 1063,1632 1064,1636 1063,1641 1058,1647 962,1648 959,1649 957,1651 955,1652 943,1640 857,1639 802,1637 800,1636 796,1633 794,1629 795,1621 797,1618 798,1616 807,1599 808,1591 963,1591"/>
					<TextEquiv>
						<Unicode>ἐτεθνήκει,</Unicode>
					</TextEquiv>
				</Word>
				<Word id="r1153">
					<Coords points="1122,1586 1125,1588 1253,1588 1274,1609 1320,1609 1322,1610 1322,1618 1321,1620 1320,1623 1318,1626 1312,1632 1309,1634 1303,1636 1178,1638 1128,1640 1125,1642 1120,1638 1092,1637 1091,1595 1092,1593 1094,1592 1115,1592"/>
					<TextEquiv>
						<Unicode>Σκιπίων</Unicode>
					</TextEquiv>
				</Word>
				<Word id="r1154">
					<Coords points="1359,1588 1390,1589 1391,1591 1392,1594 1393,1596 1395,1599 1396,1602 1397,1609 1399,1610 1400,1612 1400,1615 1399,1616 1397,1635 1356,1636 1352,1634 1349,1630 1349,1620 1353,1614 1354,1591 1355,1589 1358,1589"/>
					<TextEquiv>
						<Unicode>δὲ</Unicode>
					</TextEquiv>
				</Word>
				<Word id="r1155">
					<Coords points="1508,1591 1511,1592 1515,1594 1532,1610 1535,1611 1540,1614 1541,1617 1538,1620 1536,1628 1535,1637 1531,1641 1528,1642 1522,1637 1448,1636 1446,1635 1446,1626 1438,1615 1440,1612 1445,1610 1486,1610 1502,1594"/>
					<TextEquiv>
						<Unicode>τοῖς</Unicode>
					</TextEquiv>
				</Word>
				<Word id="r1156">
					<Coords points="1627,1588 1629,1589 1653,1611 1660,1613 1666,1614 1666,1617 1665,1620 1664,1622 1654,1632 1643,1635 1635,1636 1593,1636 1579,1649 1578,1646 1582,1634 1584,1626 1586,1620 1588,1612 1589,1610 1591,1609 1605,1609"/>
					<TextEquiv>
						<Unicode>μὲν</Unicode>
					</TextEquiv>
				</Word>
				<TextEquiv>
					<Unicode>καὶ σώματος ἔχων ἐτεθνήκει, Σκιπίων δὲ τοῖς μὲν</Unicode>
				</TextEquiv>
			</TextLine>
			<TextLine id="r121">
				<Coords points="1323,1655 1621,1656 1663,1699 1664,1702 1662,1708 1657,1713 1333,1721 928,1723 923,1724 913,1714 253,1712 252,1688 256,1686 260,1685 278,1685 302,1662 304,1661 1322,1656"/>
				<Word id="r1157">
					<Coords points="304,1661 307,1663 338,1664 358,1684 413,1684 418,1687 419,1693 415,1694 414,1711 253,1712 252,1688 253,1687 255,1686 259,1685 279,1685 302,1662"/>
					<TextEquiv>
						<Unicode>νόθοις</Unicode>
					</TextEquiv>
				</Word>
				<Word id="r1158">
					<Coords points="520,1662 525,1664 619,1665 622,1667 624,1671 625,1682 626,1684 626,1693 624,1697 623,1700 622,1702 619,1706 615,1709 611,1710 470,1710 468,1708 467,1702 468,1696 469,1693 472,1689 478,1684 480,1683 497,1683"/>
					<TextEquiv>
						<Unicode>αὐτοῦ</Unicode>
					</TextEquiv>
				</Word>
				<Word id="r1159">
					<Coords points="818,1659 821,1660 823,1664 824,1667 826,1671 827,1674 828,1676 829,1694 832,1696 831,1699 830,1701 828,1704 826,1706 824,1707 823,1708 701,1709 682,1705 676,1694 675,1691 676,1687 678,1684 688,1682 763,1681 765,1680 796,1680"/>
					<TextEquiv>
						<Unicode>παισὶ</Unicode>
					</TextEquiv>
				</Word>
				<Word id="r1160">
					<Coords points="1045,1658 1049,1660 1076,1660 1078,1661 1096,1679 1203,1679 1203,1687 1200,1693 1197,1697 1192,1701 1189,1704 1183,1706 1117,1707 1105,1719 929,1721 923,1723 908,1708 886,1703 880,1689 881,1685 882,1683 890,1682 897,1681 939,1680 1021,1680"/>
					<TextEquiv>
						<Unicode>προσέθηκεν</Unicode>
					</TextEquiv>
				</Word>
				<Word id="r1161">
					<Coords points="1323,1656 1347,1678 1413,1678 1415,1679 1419,1682 1420,1687 1416,1688 1415,1704 1413,1707 1410,1709 1343,1710 1330,1721 1314,1707 1258,1706 1255,1705 1251,1703 1248,1698 1248,1691 1250,1686 1254,1681 1257,1662 1261,1658 1321,1657"/>
					<TextEquiv>
						<Unicode>ἑτέρας</Unicode>
					</TextEquiv>
				</Word>
				<Word id="r1162">
					<Coords points="1470,1656 1620,1656 1662,1698 1663,1701 1661,1707 1656,1713 1538,1714 1534,1715 1532,1716 1521,1705 1467,1704 1464,1702 1462,1700 1461,1698 1460,1694 1461,1689 1462,1686 1463,1684 1465,1682 1465,1661 1467,1658 1469,1657"/>
					<TextEquiv>
						<Unicode>δωρεάς,</Unicode>
					</TextEquiv>
				</Word>
				<TextEquiv>
					<Unicode>νόθοις αὐτοῦ παισὶ προσέθηκεν ἑτέρας δωρεάς,</Unicode>
				</TextEquiv>
			</TextLine>
			<TextLine id="r122">
				<Coords points="1544,1723 1546,1724 1568,1746 1621,1746 1657,1747 1661,1748 1663,1749 1666,1751 1667,1757 1663,1758 1664,1775 1661,1776 1657,1778 1567,1779 1555,1791 486,1793 482,1794 473,1785 341,1783 263,1780 262,1773 253,1762 254,1757 256,1755 274,1753 302,1753 320,1737 324,1735 386,1733 389,1730 812,1725 1423,1725 1425,1724 1543,1724"/>
				<Word id="r1163">
					<Coords points="325,1735 328,1736 332,1738 349,1753 352,1754 355,1756 357,1757 358,1760 357,1762 353,1763 352,1781 347,1783 341,1781 262,1779 262,1772 253,1762 254,1759 260,1755 269,1754 275,1753 304,1753 320,1737 322,1736"/>
					<TextEquiv>
						<Unicode>τοῖς</Unicode>
					</TextEquiv>
				</Word>
				<Word id="r1164">
					<Coords points="390,1730 421,1730 424,1736 426,1742 427,1744 428,1749 429,1753 431,1754 431,1756 430,1758 428,1778 418,1779 386,1778 382,1776 380,1773 379,1770 379,1767 380,1762 383,1758 385,1735 387,1732 389,1731"/>
					<TextEquiv>
						<Unicode>δὲ</Unicode>
					</TextEquiv>
				</Word>
				<Word id="r1165">
					<Coords points="619,1728 644,1750 665,1750 691,1751 693,1752 696,1754 697,1758 694,1761 692,1762 690,1779 687,1781 685,1782 562,1783 553,1791 551,1792 481,1792 480,1786 468,1767 467,1763 468,1760 470,1755 472,1754 496,1752 524,1751 594,1751"/>
					<TextEquiv>
						<Unicode>γνησίοις</Unicode>
					</TextEquiv>
				</Word>
				<Word id="r1166">
					<Coords points="811,1727 838,1749 844,1750 848,1751 850,1752 851,1753 852,1755 852,1757 850,1759 848,1766 847,1775 843,1780 840,1781 834,1777 745,1776 745,1768 736,1756 737,1752 738,1751 742,1750 781,1749 788,1749"/>
					<TextEquiv>
						<Unicode>τοὺς</Unicode>
					</TextEquiv>
				</Word>
				<Word id="r1167">
					<Coords points="938,1727 959,1748 979,1749 980,1754 979,1758 977,1762 969,1770 966,1772 964,1773 961,1775 959,1776 909,1776 893,1791 891,1791 890,1790 889,1788 890,1786 891,1783 893,1775 894,1772 895,1768 896,1765 897,1761 898,1758 899,1753 901,1751 915,1750"/>
					<TextEquiv>
						<Unicode>μὲν</Unicode>
					</TextEquiv>
				</Word>
				<Word id="r1168">
					<Coords points="1270,1726 1300,1748 1306,1749 1309,1751 1311,1752 1312,1755 1309,1757 1307,1765 1306,1774 1303,1778 1211,1778 1196,1791 1191,1788 1069,1788 1057,1776 1025,1775 1023,1774 1021,1771 1020,1769 1020,1757 1021,1754 1022,1750 1023,1748 1024,1745 1026,1743 1027,1740 1029,1738 1032,1733 1037,1730 1040,1728 1266,1728"/>
					<TextEquiv>
						<Unicode>θησαυροὺς</Unicode>
					</TextEquiv>
				</Word>
				<Word id="r1169">
					<Coords points="1426,1724 1429,1726 1431,1730 1432,1733 1433,1735 1434,1738 1435,1740 1437,1760 1439,1764 1437,1768 1436,1771 1434,1773 1431,1774 1429,1775 1395,1774 1356,1770 1357,1766 1359,1763 1360,1761 1362,1753 1363,1750 1365,1748 1401,1748 1424,1725"/>
					<TextEquiv>
						<Unicode>καὶ</Unicode>
					</TextEquiv>
				</Word>
				<Word id="r1170">
					<Coords points="1542,1724 1567,1746 1620,1746 1656,1747 1660,1748 1662,1749 1665,1751 1665,1757 1663,1758 1662,1774 1656,1777 1567,1778 1554,1791 1488,1795 1481,1767 1480,1765 1479,1761 1480,1756 1483,1751 1499,1733 1501,1730 1534,1730"/>
					<TextEquiv>
						<Unicode>φόρους</Unicode>
					</TextEquiv>
				</Word>
				<TextEquiv>
					<Unicode>τοῖς δὲ γνησίοις τοὺς μὲν θησαυροὺς καὶ φόρους</Unicode>
				</TextEquiv>
			</TextLine>
			<TextLine id="r123">
				<Coords points="1183,1793 1636,1793 1658,1794 1664,1795 1666,1802 1663,1812 1649,1810 1648,1831 1644,1839 1639,1841 1637,1842 1501,1843 1499,1847 1495,1849 1424,1852 1375,1857 544,1861 540,1862 528,1850 254,1849 253,1847 257,1835 259,1827 260,1824 267,1823 275,1822 303,1822 325,1800 1182,1794"/>
				<Word id="r1171">
					<Coords points="326,1800 331,1804 332,1806 333,1809 334,1811 335,1814 337,1818 338,1836 340,1839 339,1842 335,1848 253,1848 253,1846 257,1834 259,1826 266,1824 275,1822 303,1822"/>
					<TextEquiv>
						<Unicode>καὶ</Unicode>
					</TextEquiv>
				</Word>
				<Word id="r1172">
					<Coords points="407,1800 411,1801 412,1804 415,1809 416,1812 417,1817 422,1826 423,1828 424,1833 423,1838 421,1842 416,1847 414,1848 413,1849 377,1848 376,1841 367,1829 368,1824 376,1822"/>
					<TextEquiv>
						<Unicode>τὸ</Unicode>
					</TextEquiv>
				</Word>
				<Word id="r1173">
					<Coords points="476,1800 496,1819 607,1820 609,1835 611,1838 611,1840 609,1843 605,1847 558,1847 544,1860 541,1861 526,1848 458,1846 455,1844 453,1841 453,1830 454,1828 457,1824 460,1802 473,1802"/>
					<TextEquiv>
						<Unicode>ὄνομα</Unicode>
					</TextEquiv>
				</Word>
				<Word id="r1174">
					<Coords points="687,1802 691,1803 714,1819 721,1820 723,1821 726,1824 727,1826 724,1829 722,1837 721,1846 720,1848 718,1849 715,1850 694,1851 693,1856 692,1859 689,1860 675,1847 647,1846 646,1844 646,1837 638,1826 639,1822 643,1820 666,1820 682,1804 684,1803"/>
					<TextEquiv>
						<Unicode>τῆς</Unicode>
					</TextEquiv>
				</Word>
				<Word id="r1175">
					<Coords points="970,1796 994,1817 1027,1817 1031,1819 1034,1821 1034,1827 1030,1829 1029,1845 1028,1847 1026,1848 1025,1849 764,1849 754,1858 752,1855 753,1851 755,1845 756,1841 757,1838 759,1830 760,1827 761,1823 765,1811 766,1809 768,1806 772,1801 773,1800 776,1799 964,1799"/>
					<TextEquiv>
						<Unicode>βασιλείας</Unicode>
					</TextEquiv>
				</Word>
				<Word id="r1176">
					<Coords points="1183,1793 1185,1794 1206,1815 1227,1815 1229,1817 1230,1820 1229,1824 1228,1827 1226,1830 1216,1840 1212,1842 1209,1843 1207,1844 1062,1844 1061,1840 1062,1838 1063,1835 1064,1833 1065,1829 1066,1827 1067,1823 1069,1819 1085,1817 1107,1816 1160,1816"/>
					<TextEquiv>
						<Unicode>κοινὸν</Unicode>
					</TextEquiv>
				</Word>
				<Word id="r1177">
					<Coords points="1354,1793 1360,1798 1384,1798 1401,1815 1484,1815 1486,1817 1487,1819 1501,1834 1503,1838 1502,1841 1498,1845 1497,1847 1495,1848 1494,1849 1424,1850 1376,1854 1369,1857 1355,1843 1257,1841 1255,1838 1255,1830 1256,1827 1257,1825 1259,1822 1261,1820 1269,1804 1272,1795 1274,1794 1353,1794"/>
					<TextEquiv>
						<Unicode>ἀπέφηνε,</Unicode>
					</TextEquiv>
				</Word>
				<Word id="r1178">
					<Coords points="1577,1795 1579,1796 1582,1798 1586,1806 1587,1811 1589,1816 1592,1823 1595,1834 1593,1838 1591,1839 1590,1841 1589,1842 1541,1841 1540,1836 1532,1821 1533,1817 1535,1816 1538,1815 1557,1815"/>
					<TextEquiv>
						<Unicode>τὰ</Unicode>
					</TextEquiv>
				</Word>
				<Word id="r1179">
					<Coords points="1635,1793 1657,1794 1661,1795 1663,1801 1653,1809 1647,1810 1646,1831 1642,1839 1639,1840 1637,1841 1633,1842 1627,1840 1625,1836 1624,1831 1625,1825 1626,1822 1630,1818 1631,1795 1634,1794"/>
					<TextEquiv>
						<Unicode>δ᾽</Unicode>
					</TextEquiv>
				</Word>
				<TextEquiv>
					<Unicode>καὶ τὸ ὄνομα τῆς βασιλείας κοινὸν ἀπέφηνε, τὰ δ᾽</Unicode>
				</TextEquiv>
			</TextLine>
			<TextLine id="r124">
				<Coords points="1549,1860 1551,1861 1653,1862 1654,1864 1656,1867 1657,1870 1660,1876 1662,1886 1664,1890 1664,1899 1663,1901 1662,1905 1658,1909 1653,1910 1586,1912 1583,1914 1579,1915 1523,1916 1511,1928 571,1930 567,1931 555,1919 275,1918 256,1917 254,1914 253,1912 253,1907 254,1903 255,1901 261,1892 266,1872 278,1869 1282,1863 1285,1861 1548,1861"/>
				<Word id="r1180">
					<Coords points="281,1869 290,1875 330,1875 336,1876 338,1877 350,1889 391,1889 394,1896 398,1908 396,1912 392,1916 390,1917 274,1917 255,1916 253,1912 253,1907 254,1903 256,1899 257,1898 265,1883 266,1873 276,1872"/>
					<TextEquiv>
						<Unicode>ἄλλα</Unicode>
					</TextEquiv>
				</Word>
				<Word id="r1181">
					<Coords points="465,1868 532,1868 551,1887 697,1887 699,1892 698,1897 695,1901 694,1903 688,1909 686,1910 683,1912 677,1915 607,1915 584,1916 568,1930 553,1917 466,1915 463,1914 459,1908 459,1899 460,1897 462,1895 463,1871 464,1869"/>
					<TextEquiv>
						<Unicode>διέκρινεν</Unicode>
					</TextEquiv>
				</Word>
				<Word id="r1182">
					<Coords points="784,1866 787,1867 812,1887 820,1889 822,1890 823,1894 821,1896 819,1897 818,1914 816,1916 813,1918 810,1919 803,1914 767,1913 764,1912 762,1910 761,1906 760,1901 761,1897 762,1894 777,1875 779,1868 780,1867 783,1867"/>
					<TextEquiv>
						<Unicode>ὡς</Unicode>
					</TextEquiv>
				</Word>
				<Word id="r1183">
					<Coords points="906,1866 914,1871 1012,1871 1018,1872 1020,1873 1032,1885 1097,1885 1098,1890 1098,1895 1097,1897 1096,1900 1092,1905 1086,1909 1082,1911 1079,1912 1077,1913 925,1914 909,1929 907,1928 891,1914 888,1913 885,1909 884,1906 883,1902 884,1898 885,1896 888,1892 889,1891 889,1868 891,1867 903,1867"/>
					<TextEquiv>
						<Unicode>ἔμελλεν</Unicode>
					</TextEquiv>
				</Word>
				<Word id="r1184">
					<Coords points="1286,1861 1310,1884 1405,1885 1405,1892 1404,1896 1402,1899 1394,1907 1391,1909 1385,1911 1277,1912 1243,1913 1229,1927 1197,1927 1194,1928 1171,1911 1163,1910 1161,1907 1160,1904 1162,1896 1163,1894 1176,1874 1177,1867 1180,1865 1182,1864 1283,1863"/>
					<TextEquiv>
						<Unicode>ἁρμόσειν</Unicode>
					</TextEquiv>
				</Word>
				<Word id="r1185">
					<Coords points="1549,1861 1552,1862 1579,1883 1587,1885 1590,1886 1591,1887 1592,1889 1592,1891 1591,1893 1588,1894 1587,1910 1585,1911 1583,1913 1578,1914 1523,1915 1509,1928 1490,1912 1487,1911 1466,1916 1465,1895 1464,1892 1465,1889 1468,1885 1470,1884 1525,1884"/>
					<TextEquiv>
						<Unicode>πρὸς</Unicode>
					</TextEquiv>
				</Word>
				<Word id="r1186">
					<Coords points="1651,1862 1653,1863 1655,1866 1656,1869 1659,1875 1660,1881 1662,1887 1663,1894 1662,1900 1661,1903 1655,1909 1650,1910 1646,1909 1644,1906 1643,1904 1642,1898 1643,1894 1646,1867"/>
					<TextEquiv>
						<Unicode>ὃ</Unicode>
					</TextEquiv>
				</Word>
				<TextEquiv>
					<Unicode>ἄλλα διέκρινεν ὡς ἔμελλεν ἁρμόσειν πρὸς ὃ</Unicode>
				</TextEquiv>
			</TextLine>
			<TextLine id="r125">
				<Coords points="946,1931 1512,1931 1533,1952 1659,1952 1663,1953 1667,1955 1668,1961 1664,1962 1663,1978 1662,1981 1659,1983 1657,1984 1446,1987 1350,1993 277,1997 263,1987 258,1986 253,1980 252,1977 253,1973 254,1970 256,1966 264,1957 265,1940 373,1937 942,1934 945,1932"/>
				<Word id="r1187">
					<Coords points="376,1937 386,1945 392,1947 403,1957 492,1957 497,1959 500,1961 501,1963 501,1973 500,1975 499,1979 497,1981 494,1983 492,1984 491,1985 288,1987 278,1996 265,1987 260,1986 253,1980 252,1977 255,1968 256,1966 265,1957 265,1940 371,1940"/>
					<TextEquiv>
						<Unicode>ἐβούλετο</Unicode>
					</TextEquiv>
				</Word>
				<Word id="r1188">
					<Coords points="566,1936 586,1955 749,1955 753,1956 757,1958 758,1960 774,1977 774,1979 773,1983 771,1987 765,1990 763,1990 761,1989 745,1988 742,1986 548,1984 546,1983 543,1981 541,1978 540,1973 540,1971 541,1967 544,1964 546,1946 548,1941 550,1939 562,1938"/>
					<TextEquiv>
						<Unicode>ἕκαστος,</Unicode>
					</TextEquiv>
				</Word>
				<Word id="r1189">
					<Coords points="946,1931 950,1934 982,1937 999,1954 1028,1954 1032,1956 1033,1959 1033,1962 1032,1967 1030,1973 1029,1975 1028,1980 1026,1986 1024,1990 1022,1991 1014,1992 1014,1994 969,1994 958,1983 815,1982 814,1939 814,1936 941,1935 943,1934"/>
					<TextEquiv>
						<Unicode>Μικίψῃ</Unicode>
					</TextEquiv>
				</Word>
				<Word id="r1190">
					<Coords points="1136,1931 1163,1954 1166,1955 1167,1958 1180,1973 1181,1975 1182,1978 1181,1981 1179,1984 1175,1988 1173,1989 1084,1991 1080,1993 1077,1992 1079,1986 1080,1982 1081,1979 1082,1977 1085,1965 1087,1959 1089,1955 1111,1955"/>
					<TextEquiv>
						<Unicode>μέν,</Unicode>
					</TextEquiv>
				</Word>
				<Word id="r1191">
					<Coords points="1220,1931 1223,1932 1249,1953 1257,1954 1261,1957 1262,1960 1259,1964 1257,1972 1254,1983 1252,1984 1248,1985 1246,1985 1241,1980 1217,1979 1213,1977 1211,1973 1210,1970 1210,1967 1211,1941 1212,1939 1215,1935 1218,1932"/>
					<TextEquiv>
						<Unicode>ὃς</Unicode>
					</TextEquiv>
				</Word>
				<Word id="r1192">
					<Coords points="1509,1931 1532,1952 1658,1952 1662,1953 1666,1955 1665,1961 1662,1962 1661,1978 1660,1981 1657,1983 1656,1984 1445,1985 1351,1990 1344,1993 1332,1981 1309,1980 1308,1975 1302,1962 1303,1957 1306,1955 1308,1954 1356,1953 1359,1952 1442,1952 1459,1935 1463,1933 1505,1933"/>
					<TextEquiv>
						<Unicode>πρεσβύτατος</Unicode>
					</TextEquiv>
				</Word>
				<TextEquiv>
					<Unicode>ἐβούλετο ἕκαστος, Μικίψῃ μέν, ὃς πρεσβύτατος</Unicode>
				</TextEquiv>
			</TextLine>
			<TextLine id="r126">
				<Coords points="1655,1999 1658,2003 1661,2008 1662,2010 1664,2016 1666,2036 1668,2038 1667,2041 1666,2043 1664,2046 1662,2047 1640,2048 1478,2050 1464,2063 1461,2065 1459,2066 397,2070 392,2072 376,2056 259,2054 257,2053 256,2052 255,2050 254,2047 253,2043 254,2039 257,2033 263,2020 265,2012 272,2006 1653,2000"/>
				<Word id="r1193">
					<Coords points="272,2006 295,2028 320,2028 321,2031 321,2033 320,2040 317,2045 313,2047 312,2049 306,2053 305,2054 258,2053 256,2052 254,2049 253,2045 253,2042 254,2038 256,2034 260,2029 264,2015 265,2012"/>
					<TextEquiv>
						<Unicode>ὢν</Unicode>
					</TextEquiv>
				</Word>
				<Word id="r1194">
					<Coords points="570,2005 593,2025 730,2025 732,2026 735,2028 736,2034 734,2035 733,2042 732,2051 729,2055 726,2056 725,2057 455,2057 445,2067 397,2068 391,2071 375,2055 354,2054 352,2053 349,2051 347,2048 346,2045 346,2041 347,2038 348,2036 352,2030 355,2029 358,2027 360,2027 381,2006 567,2006"/>
					<TextEquiv>
						<Unicode>εἰρηνικώτατος</Unicode>
					</TextEquiv>
				</Word>
				<Word id="r1195">
					<Coords points="781,2004 781,2005 783,2005 783,2006 784,2006 784,2007 785,2007 785,2008 786,2008 786,2009 788,2009 788,2010 789,2010 789,2011 790,2011 790,2012 791,2012 791,2013 793,2013 793,2014 794,2014 794,2015 795,2015 795,2016 796,2016 796,2017 798,2017 798,2018 799,2018 799,2019 800,2019 800,2020 801,2020 801,2021 803,2021 803,2022 804,2022 804,2023 805,2023 805,2024 806,2024 806,2025 823,2025 823,2033 822,2033 822,2035 821,2035 821,2037 820,2037 820,2038 819,2038 819,2040 818,2040 818,2042 832,2042 832,2043 834,2043 834,2045 835,2045 835,2047 836,2047 836,2049 837,2049 836,2049 836,2054 835,2054 835,2055 834,2055 834,2056 832,2056 832,2057 829,2057 829,2058 785,2058 785,2059 784,2059 784,2064 779,2064 779,2059 778,2059 778,2058 777,2058 777,2056 776,2056 776,2055 775,2055 775,2053 774,2053 774,2052 773,2052 773,2050 772,2050 772,2049 771,2049 771,2047 770,2047 770,2046 769,2046 769,2044 768,2044 768,2043 767,2043 767,2042 766,2042 766,2038 765,2038 765,2035 764,2035 764,2032 763,2032 764,2032 764,2029 765,2029 765,2027 766,2027 766,2025 767,2025 767,2023 768,2023 768,2021 769,2021 769,2019 770,2019 770,2017 771,2017 771,2015 772,2015 772,2008 775,2008 775,2007 777,2007 777,2006 779,2006 779,2005 781,2005"/>
					<TextEquiv>
						<Unicode>ἦν,</Unicode>
					</TextEquiv>
				</Word>
				<Word id="r1197">
					<Coords points="911,2004 940,2004 959,2023 1063,2023 1065,2025 1066,2029 1065,2032 1063,2036 1061,2037 1060,2039 1058,2042 1055,2044 1053,2045 1052,2047 1048,2049 1039,2050 1030,2053 1028,2061 1026,2062 946,2065 941,2067 925,2051 870,2050 869,2050 869,2006 871,2005 910,2005"/>
					<TextEquiv>
						<Unicode>Κίρτην</Unicode>
					</TextEquiv>
				</Word>
				<Word id="r1198">
					<Coords points="1211,2002 1232,2020 1360,2020 1362,2021 1363,2024 1362,2029 1361,2032 1357,2038 1354,2040 1352,2043 1346,2047 1343,2048 1341,2049 1288,2049 1234,2050 1218,2065 1136,2064 1117,2050 1110,2049 1107,2047 1106,2045 1104,2042 1104,2034 1105,2031 1116,2020 1116,2004 1118,2003 1207,2003"/>
					<TextEquiv>
						<Unicode>ἐξαίρετον</Unicode>
					</TextEquiv>
				</Word>
				<Word id="r1199">
					<Coords points="1427,2001 1448,2019 1542,2020 1543,2025 1542,2030 1541,2033 1539,2036 1535,2041 1533,2043 1530,2045 1527,2046 1523,2048 1477,2049 1462,2063 1459,2065 1458,2066 1430,2065 1429,2065 1410,2047 1408,2044 1406,2036 1408,2028 1411,2019 1412,2008 1413,2002 1424,2002"/>
					<TextEquiv>
						<Unicode>ἔχειν</Unicode>
					</TextEquiv>
				</Word>
				<Word id="r1200">
					<Coords points="1654,2000 1657,2002 1659,2005 1661,2009 1663,2015 1664,2017 1665,2036 1666,2040 1665,2042 1663,2045 1661,2046 1639,2047 1580,2046 1582,2041 1583,2038 1584,2036 1585,2033 1587,2025 1590,2022 1606,2020 1633,2020"/>
					<TextEquiv>
						<Unicode>καὶ</Unicode>
					</TextEquiv>
				</Word>
				<TextEquiv>
					<Unicode>ὢν εἰρηνικώτατος ἦν, Κίρτην ἐξαίρετον ἔχειν καὶ</Unicode>
				</TextEquiv>
			</TextLine>
			<TextLine id="r127">
				<Coords points="1077,2067 1650,2072 1652,2073 1655,2074 1657,2076 1659,2084 1665,2100 1664,2107 1663,2111 1658,2116 1653,2117 1648,2124 1644,2134 1640,2135 1638,2134 343,2134 333,2124 261,2123 261,2116 252,2104 253,2100 254,2098 255,2097 273,2097 296,2074 298,2073 1071,2070 1073,2068 1076,2068"/>
				<Word id="r1201">
					<Coords points="298,2073 302,2075 303,2078 307,2086 308,2089 314,2103 318,2113 317,2116 314,2120 311,2123 261,2118 252,2104 254,2098 255,2097 273,2097 296,2074"/>
					<TextEquiv>
						<Unicode>τὰ</Unicode>
					</TextEquiv>
				</Word>
				<Word id="r1202">
					<Coords points="476,2073 488,2082 492,2084 503,2094 580,2094 593,2102 596,2112 596,2114 595,2116 594,2119 591,2120 589,2121 355,2124 344,2133 342,2129 343,2126 344,2124 345,2120 346,2117 347,2112 348,2108 349,2103 351,2098 352,2092 354,2089 355,2085 358,2082 361,2078 363,2076 366,2075 471,2075"/>
					<TextEquiv>
						<Unicode>βασίλεια</Unicode>
					</TextEquiv>
				</Word>
				<Word id="r1203">
					<Coords points="669,2072 672,2073 673,2076 675,2080 676,2083 677,2085 678,2088 679,2090 683,2100 687,2111 686,2114 683,2118 681,2119 637,2120 633,2120 632,2113 624,2101 628,2095 637,2094"/>
					<TextEquiv>
						<Unicode>τὰ</Unicode>
					</TextEquiv>
				</Word>
				<Word id="r1204">
					<Coords points="731,2072 759,2093 765,2094 765,2100 762,2106 762,2108 752,2117 749,2119 747,2120 726,2119 721,2118 718,2116 716,2113 715,2111 715,2106 716,2103 718,2099 728,2089 728,2073"/>
					<TextEquiv>
						<Unicode>ἐν</Unicode>
					</TextEquiv>
				</Word>
				<Word id="r1205">
					<Coords points="835,2072 835,2073 837,2073 837,2074 838,2074 838,2075 900,2075 900,2076 903,2076 903,2077 906,2077 906,2079 907,2079 907,2083 908,2083 908,2094 909,2094 909,2096 910,2096 910,2101 909,2101 909,2106 908,2106 908,2109 907,2109 907,2111 906,2111 906,2113 923,2113 923,2115 924,2115 924,2116 925,2116 925,2118 926,2118 926,2119 927,2119 926,2119 926,2123 925,2123 925,2125 924,2125 924,2126 923,2126 923,2127 922,2127 922,2128 921,2128 921,2129 920,2129 920,2130 892,2130 892,2131 889,2131 889,2132 887,2132 887,2133 887,2132 885,2132 885,2131 884,2131 884,2130 883,2130 883,2129 882,2129 882,2128 880,2128 880,2127 879,2127 879,2126 878,2126 878,2125 877,2125 877,2124 875,2124 875,2123 874,2123 874,2122 873,2122 873,2121 872,2121 872,2120 871,2120 871,2119 784,2119 784,2118 783,2118 783,2116 782,2116 782,2112 781,2112 782,2112 782,2107 783,2107 783,2104 784,2104 784,2102 785,2102 785,2100 786,2100 786,2099 787,2099 787,2097 788,2097 788,2096 789,2096 789,2095 791,2095 791,2094 806,2094 806,2093 813,2093 813,2092 814,2092 814,2091 815,2091 815,2090 816,2090 816,2089 817,2089 817,2088 818,2088 818,2087 819,2087 819,2086 820,2086 820,2085 821,2085 821,2084 822,2084 822,2083 823,2083 823,2082 824,2082 824,2081 825,2081 825,2080 826,2080 826,2079 827,2079 827,2078 828,2078 828,2077 829,2077 829,2076 830,2076 830,2075 831,2075 831,2074 832,2074 832,2073 835,2073"/>
					<TextEquiv>
						<Unicode>αὐτῇ,</Unicode>
					</TextEquiv>
				</Word>
				<Word id="r1207">
					<Coords points="1076,2068 1076,2069 1078,2069 1078,2070 1079,2070 1079,2071 1080,2071 1080,2072 1081,2072 1081,2073 1082,2073 1082,2074 1083,2074 1083,2075 1084,2075 1084,2076 1086,2076 1086,2077 1087,2077 1087,2078 1088,2078 1088,2079 1089,2079 1089,2080 1090,2080 1090,2081 1091,2081 1091,2082 1092,2082 1092,2083 1093,2083 1093,2084 1095,2084 1095,2085 1096,2085 1096,2086 1097,2086 1097,2087 1098,2087 1098,2088 1099,2088 1099,2089 1100,2089 1100,2090 1101,2090 1101,2091 1188,2091 1188,2092 1190,2092 1190,2094 1191,2094 1191,2096 1190,2096 1190,2103 1189,2103 1189,2106 1188,2106 1188,2109 1187,2109 1187,2113 1186,2113 1186,2115 1185,2115 1185,2119 1184,2119 1184,2122 1183,2122 1183,2124 1182,2124 1182,2127 1177,2127 1177,2128 1174,2128 1174,2129 1172,2129 1172,2130 1170,2130 1170,2131 1165,2131 1165,2132 1165,2131 1164,2131 1164,2130 1163,2130 1163,2129 1162,2129 1162,2128 1161,2128 1161,2127 1160,2127 1160,2126 1159,2126 1159,2125 1158,2125 1158,2124 1157,2124 1157,2123 1156,2123 1156,2122 1155,2122 1155,2121 1154,2121 1154,2120 1153,2120 1153,2119 1152,2119 1152,2118 1073,2118 1073,2117 967,2117 967,2118 964,2118 964,2119 964,2118 955,2118 955,2117 949,2117 949,2075 948,2075 949,2075 949,2074 950,2074 950,2073 950,2074 1068,2074 1068,2073 1069,2073 1069,2072 1070,2072 1070,2071 1071,2071 1071,2070 1072,2070 1072,2069 1076,2069"/>
					<TextEquiv>
						<Unicode>Γολόσσῃ</Unicode>
					</TextEquiv>
				</Word>
				<Word id="r1209">
					<Coords points="1269,2069 1273,2070 1273,2098 1285,2114 1283,2120 1280,2123 1277,2124 1263,2117 1257,2116 1224,2114 1221,2109 1221,2102 1225,2096 1228,2072 1266,2070"/>
					<TextEquiv>
						<Unicode>δέ,</Unicode>
					</TextEquiv>
				</Word>
				<Word id="r1210">
					<Coords points="1647,2072 1653,2074 1657,2078 1658,2085 1662,2093 1664,2099 1662,2109 1655,2116 1649,2117 1645,2123 1644,2130 1643,2133 1376,2133 1360,2117 1313,2116 1309,2113 1308,2102 1310,2096 1314,2094 1316,2092 1319,2091 1331,2090 1629,2088 1644,2073"/>
					<TextEquiv>
						<Unicode>στρατιωτικῷ</Unicode>
					</TextEquiv>
				</Word>
				<TextEquiv>
					<Unicode>τὰ βασίλεια τὰ ἐν αὐτῇ, Γολόσσῃ δέ, στρατιωτικῷ</Unicode>
				</TextEquiv>
			</TextLine>
			<TextLine id="r128">
				<Coords points="1357,2135 1360,2136 1362,2137 1651,2137 1654,2142 1656,2145 1657,2148 1658,2150 1660,2174 1663,2176 1662,2179 1660,2182 1657,2186 1379,2186 1365,2200 777,2200 776,2203 774,2204 724,2205 713,2194 289,2193 261,2192 260,2188 252,2176 251,2173 252,2169 254,2167 256,2166 293,2165 322,2165 346,2147 355,2144 537,2143 586,2141 1113,2138 1115,2137 1354,2137"/>
				<Word id="r1211">
					<Coords points="299,2165 305,2166 306,2170 304,2174 303,2191 301,2192 294,2193 288,2192 260,2191 260,2185 252,2176 251,2174 252,2170 254,2167 256,2166 293,2166"/>
					<TextEquiv>
						<Unicode>τε</Unicode>
					</TextEquiv>
				</Word>
				<Word id="r1212">
					<Coords points="356,2144 376,2163 436,2163 439,2185 438,2187 433,2192 431,2193 338,2191 334,2189 331,2185 331,2176 332,2173 335,2169 339,2158 341,2151 343,2149 350,2149"/>
					<TextEquiv>
						<Unicode>ὄντι</Unicode>
					</TextEquiv>
				</Word>
				<Word id="r1213">
					<Coords points="538,2143 540,2144 544,2152 545,2155 548,2177 550,2182 547,2188 525,2190 464,2190 464,2187 466,2183 467,2179 470,2170 471,2168 473,2165 516,2164"/>
					<TextEquiv>
						<Unicode>καὶ</Unicode>
					</TextEquiv>
				</Word>
				<Word id="r1214">
					<Coords points="586,2141 722,2141 742,2161 744,2162 791,2164 793,2167 794,2173 794,2177 790,2185 786,2187 776,2188 775,2200 774,2203 773,2204 723,2204 709,2190 586,2189 583,2188 580,2186 579,2184 578,2174 579,2171 581,2168 583,2146 585,2142"/>
					<TextEquiv>
						<Unicode>δευτέρῳ</Unicode>
					</TextEquiv>
				</Word>
				<Word id="r1215">
					<Coords points="942,2139 944,2140 948,2146 947,2150 938,2154 932,2157 930,2165 929,2168 927,2171 926,2174 924,2177 923,2179 916,2186 912,2188 869,2188 833,2187 833,2184 834,2181 837,2177 839,2172 840,2168 841,2165 850,2162 858,2161 899,2161 917,2144 922,2140 940,2140"/>
					<TextEquiv>
						<Unicode>καθ᾽</Unicode>
					</TextEquiv>
				</Word>
				<Word id="r1216">
					<Coords points="1118,2137 1142,2159 1183,2159 1184,2161 1185,2166 1197,2178 1198,2180 1198,2182 1197,2186 1195,2191 1191,2193 998,2196 994,2198 993,2196 981,2177 978,2167 981,2162 991,2148 992,2142 994,2141 1113,2139 1115,2138"/>
					<TextEquiv>
						<Unicode>ἡλικίαν,</Unicode>
					</TextEquiv>
				</Word>
				<Word id="r1217">
					<Coords points="1357,2136 1360,2137 1382,2158 1458,2159 1458,2167 1457,2170 1456,2172 1455,2175 1452,2180 1447,2183 1445,2184 1379,2185 1363,2199 1350,2187 1234,2186 1233,2181 1227,2167 1228,2163 1231,2161 1233,2160 1260,2159 1284,2159 1300,2144 1302,2143 1349,2143"/>
					<TextEquiv>
						<Unicode>πολέμου</Unicode>
					</TextEquiv>
				</Word>
				<Word id="r1218">
					<Coords points="1491,2158 1538,2158 1540,2159 1541,2161 1537,2165 1536,2184 1534,2185 1495,2184 1495,2175 1486,2163 1489,2159"/>
					<TextEquiv>
						<Unicode>τε</Unicode>
					</TextEquiv>
				</Word>
				<Word id="r1219">
					<Coords points="1651,2138 1652,2140 1654,2143 1655,2145 1656,2148 1657,2150 1659,2174 1661,2176 1660,2180 1657,2183 1612,2190 1579,2183 1581,2177 1582,2175 1587,2160 1588,2159 1590,2158 1629,2158"/>
					<TextEquiv>
						<Unicode>καὶ</Unicode>
					</TextEquiv>
				</Word>
				<TextEquiv>
					<Unicode>τε ὄντι καὶ δευτέρῳ καθ᾽ ἡλικίαν, πολέμου τε καὶ</Unicode>
				</TextEquiv>
			</TextLine>
			<TextLine id="r129">
				<Coords points="1284,2204 1502,2204 1524,2226 1659,2227 1663,2229 1663,2237 1661,2238 1660,2256 1657,2257 1655,2258 1196,2261 1184,2272 1182,2273 1181,2274 298,2277 294,2278 278,2262 259,2261 255,2260 252,2258 250,2255 249,2251 249,2247 250,2244 252,2241 253,2238 256,2236 259,2235 280,2214 283,2212 285,2211 1281,2207"/>
				<Word id="r1220">
					<Coords points="285,2211 355,2212 375,2232 438,2232 442,2233 445,2235 446,2237 446,2242 442,2243 440,2261 437,2263 435,2264 413,2265 412,2268 411,2272 299,2275 293,2277 277,2261 258,2260 254,2259 252,2258 250,2255 249,2251 249,2247 250,2244 253,2238 256,2237 258,2236 280,2214 283,2212"/>
					<TextEquiv>
						<Unicode>εἰρήνης</Unicode>
					</TextEquiv>
				</Word>
				<Word id="r1221">
					<Coords points="521,2211 528,2212 548,2231 609,2231 611,2246 613,2249 612,2252 609,2256 607,2257 603,2258 516,2259 493,2258 490,2256 488,2253 487,2243 489,2240 490,2238 513,2214 514,2212 515,2212"/>
					<TextEquiv>
						<Unicode>εἶναι</Unicode>
					</TextEquiv>
				</Word>
				<Word id="r1222">
					<Coords points="764,2210 819,2249 823,2255 822,2260 817,2265 815,2266 788,2266 787,2271 784,2272 719,2273 717,2274 716,2275 699,2258 651,2256 652,2252 653,2249 654,2245 656,2239 657,2235 658,2232 673,2231 741,2231"/>
					<TextEquiv>
						<Unicode>κυρίῳ,</Unicode>
					</TextEquiv>
				</Word>
				<Word id="r1223">
					<Coords points="1114,2208 1116,2209 1153,2209 1155,2210 1172,2227 1191,2227 1194,2228 1196,2243 1198,2245 1197,2248 1191,2254 1188,2255 1185,2263 1182,2272 1178,2274 1168,2265 1122,2265 1114,2257 852,2256 852,2212 854,2211 1110,2211"/>
					<TextEquiv>
						<Unicode>Μαστανάβᾳ</Unicode>
					</TextEquiv>
				</Word>
				<Word id="r1224">
					<Coords points="1285,2204 1287,2205 1287,2234 1299,2246 1300,2248 1300,2250 1299,2255 1297,2258 1287,2257 1274,2254 1272,2253 1241,2252 1237,2250 1236,2248 1235,2244 1235,2241 1239,2233 1240,2211 1241,2208 1280,2208"/>
					<TextEquiv>
						<Unicode>δέ,</Unicode>
					</TextEquiv>
				</Word>
				<Word id="r1225">
					<Coords points="1340,2205 1367,2225 1374,2226 1378,2228 1381,2230 1382,2232 1378,2236 1377,2243 1376,2252 1375,2254 1371,2256 1368,2257 1364,2255 1337,2252 1333,2250 1332,2248 1330,2243 1331,2242 1331,2214"/>
					<TextEquiv>
						<Unicode>ὃς</Unicode>
					</TextEquiv>
				</Word>
				<Word id="r1226">
					<Coords points="1501,2204 1524,2227 1658,2227 1660,2228 1662,2232 1659,2236 1658,2256 1655,2257 1653,2258 1648,2254 1419,2254 1420,2228 1422,2227 1458,2226 1478,2226 1498,2206"/>
					<TextEquiv>
						<Unicode>νεώτατος</Unicode>
					</TextEquiv>
				</Word>
				<TextEquiv>
					<Unicode>εἰρήνης εἶναι κυρίῳ, Μαστανάβᾳ δέ, ὃς νεώτατος</Unicode>
				</TextEquiv>
			</TextLine>
			<TextLine id="r130">
				<Coords points="1645,2273 1647,2274 1649,2277 1650,2279 1652,2285 1654,2289 1655,2295 1658,2296 1661,2311 1662,2314 1661,2317 1659,2319 1657,2320 1640,2321 1555,2324 1552,2325 1422,2326 1413,2335 364,2339 361,2341 350,2330 256,2328 253,2326 251,2323 251,2311 253,2309 257,2303 261,2286 266,2283 540,2280 541,2278 1644,2274"/>
				<Word id="r1227">
					<Coords points="270,2283 291,2302 318,2303 318,2309 315,2315 313,2318 312,2320 310,2322 304,2326 301,2327 255,2327 253,2326 251,2323 251,2311 253,2308 258,2303 261,2286 265,2286"/>
					<TextEquiv>
						<Unicode>ὢν</Unicode>
					</TextEquiv>
				</Word>
				<Word id="r1228">
					<Coords points="369,2282 389,2299 487,2299 490,2300 492,2315 493,2320 491,2324 487,2327 465,2328 374,2329 364,2338 360,2340 347,2321 343,2309 352,2297 353,2289 359,2283"/>
					<TextEquiv>
						<Unicode>ἤσκει</Unicode>
					</TextEquiv>
				</Word>
				<Word id="r1229">
					<Coords points="541,2278 771,2278 790,2297 861,2297 863,2299 864,2304 876,2319 877,2324 876,2327 875,2329 870,2334 825,2334 822,2337 810,2328 583,2327 540,2326 538,2325 535,2323 533,2319 532,2316 532,2314 533,2309 535,2307 536,2304 537,2282"/>
					<TextEquiv>
						<Unicode>δικαιοσύνην,</Unicode>
					</TextEquiv>
				</Word>
				<Word id="r1230">
					<Coords points="914,2277 1024,2278 1056,2283 1058,2284 1070,2296 1093,2296 1113,2297 1127,2298 1127,2303 1126,2309 1125,2311 1114,2321 1110,2323 1107,2324 1106,2325 1052,2328 1047,2333 1044,2334 1037,2335 1028,2326 939,2325 919,2324 913,2323 911,2322 909,2319 908,2317 907,2314 907,2310 908,2307 909,2305 911,2303 912,2279"/>
					<TextEquiv>
						<Unicode>δικάζειν</Unicode>
					</TextEquiv>
				</Word>
				<Word id="r1231">
					<Coords points="1240,2277 1244,2278 1263,2295 1269,2297 1271,2298 1273,2300 1274,2303 1272,2305 1269,2306 1268,2322 1267,2324 1265,2326 1257,2325 1178,2322 1177,2316 1169,2302 1170,2299 1173,2298 1178,2297 1182,2296 1213,2295 1218,2295 1234,2279"/>
					<TextEquiv>
						<Unicode>τοῖς</Unicode>
					</TextEquiv>
				</Word>
				<Word id="r1232">
					<Coords points="1485,2275 1505,2294 1552,2294 1556,2295 1560,2297 1561,2299 1561,2302 1560,2304 1558,2305 1556,2322 1554,2323 1551,2324 1422,2325 1411,2335 1398,2323 1326,2322 1322,2320 1320,2314 1319,2302 1318,2299 1328,2284 1329,2277 1330,2276 1483,2276"/>
					<TextEquiv>
						<Unicode>ὑπηκόοις</Unicode>
					</TextEquiv>
				</Word>
				<Word id="r1233">
					<Coords points="1645,2274 1648,2276 1649,2278 1651,2284 1653,2288 1654,2292 1656,2296 1658,2304 1660,2313 1660,2314 1659,2318 1656,2319 1639,2320 1610,2321 1609,2318 1601,2305 1600,2301 1601,2298 1602,2297 1604,2296 1622,2296"/>
					<TextEquiv>
						<Unicode>τὰ</Unicode>
					</TextEquiv>
				</Word>
				<TextEquiv>
					<Unicode>ὢν ἤσκει δικαιοσύνην, δικάζειν τοῖς ὑπηκόοις τὰ</Unicode>
				</TextEquiv>
			</TextLine>
			<TextLine id="r131">
				<Coords points="380,2347 393,2358 396,2360 406,2369 514,2369 516,2370 533,2391 531,2396 510,2396 482,2397 467,2412 339,2413 336,2414 335,2413 284,2413 260,2397 250,2397 249,2388 250,2382 252,2378 256,2373 264,2357 265,2349 376,2349"/>
				<Word id="r1234">
					<Coords points="379,2348 390,2357 396,2361 405,2369 513,2369 515,2370 516,2374 532,2390 530,2394 482,2396 466,2412 284,2412 264,2397 255,2396 249,2390 250,2384 251,2380 252,2378 256,2373 264,2364 265,2355 377,2349"/>
					<TextEquiv>
						<Unicode>ἀμφίλογα.</Unicode>
					</TextEquiv>
				</Word>
				<TextEquiv>
					<Unicode>ἀμφίλογα.</Unicode>
				</TextEquiv>
			</TextLine>
			<TextLine id="r39">
				<Coords points="1483,2409 1486,2409 1486,2410 1487,2410 1487,2412 1488,2412 1488,2414 1489,2414 1489,2418 1490,2418 1490,2421 1491,2421 1491,2424 1492,2424 1492,2427 1493,2427 1493,2432 1600,2432 1600,2431 1602,2431 1602,2430 1649,2430 1648,2410 1653,2409 1662,2423 1664,2460 1503,2458 1503,2459 1495,2459 1495,2460 1494,2460 1494,2462 1493,2462 1493,2466 1492,2466 1492,2469 1491,2469 1491,2471 1465,2471 1465,2472 1464,2472 1464,2473 1398,2473 1398,2459 1269,2459 1269,2461 1268,2461 1268,2463 1267,2463 1267,2468 1266,2468 1266,2470 1265,2470 1265,2473 1259,2473 1259,2461 958,2461 958,2464 957,2464 957,2465 956,2465 956,2464 955,2464 955,2462 850,2462 850,2463 693,2463 693,2466 692,2466 692,2471 691,2471 691,2476 689,2476 689,2477 688,2477 688,2478 686,2478 686,2477 685,2477 685,2465 427,2465 427,2466 324,2466 324,2465 323,2465 321,2423 391,2423 391,2421 437,2421 437,2420 485,2420 485,2419 488,2419 488,2418 546,2418 546,2416 550,2416 550,2417 551,2417 551,2418 552,2418 552,2437 714,2437 714,2436 733,2436 733,2415 739,2415 739,2418 740,2418 740,2419 741,2419 741,2422 742,2422 742,2425 743,2425 743,2427 744,2427 744,2429 745,2429 745,2435 849,2435 849,2416 850,2416 850,2414 863,2414 863,2413 955,2413 955,2414 956,2414 956,2417 957,2417 957,2419 958,2419 958,2421 959,2421 959,2434 1066,2434 1066,2426 1067,2426 1067,2425 1068,2425 1068,2422 1069,2422 1069,2420 1070,2420 1070,2417 1071,2417 1071,2415 1072,2415 1072,2413 1073,2413 1073,2412 1074,2412 1074,2411 1076,2411 1076,2410 1078,2410 1078,2411 1079,2411 1079,2433 1251,2433 1251,2412 1252,2412 1252,2411 1253,2411 1253,2410 1258,2410 1258,2411 1259,2411 1259,2414 1260,2414 1260,2417 1261,2417 1261,2418 1262,2418 1262,2420 1263,2420 1263,2425 1264,2425 1264,2428 1265,2428 1265,2432 1378,2432 1378,2414 1379,2414 1379,2412 1380,2412 1380,2411 1480,2411 1480,2410 1481,2410 1481,2409 1483,2409 1483,2408"/>
				<Word id="r1235">
					<Coords points="392,2421 392,2422 394,2422 394,2423 395,2423 395,2424 396,2424 396,2425 404,2425 404,2426 412,2426 411,2426 411,2428 410,2428 410,2430 409,2430 409,2432 408,2432 408,2434 407,2434 407,2435 406,2435 406,2438 405,2438 405,2441 404,2441 404,2444 403,2444 403,2454 402,2454 402,2456 425,2456 425,2457 427,2457 427,2458 428,2458 428,2459 429,2459 429,2461 430,2461 429,2461 429,2463 426,2463 426,2464 341,2464 341,2465 340,2465 340,2464 323,2464 323,2428 322,2428 322,2425 332,2425 332,2424 362,2424 362,2423 391,2423 391,2422 392,2422"/>
					<TextEquiv>
						<Unicode>107.</Unicode>
					</TextEquiv>
				</Word>
				<Word id="r1238">
					<Coords points="547,2416 570,2437 617,2437 621,2439 623,2442 624,2445 624,2451 623,2455 622,2458 620,2460 616,2463 615,2464 487,2463 482,2461 479,2459 477,2458 476,2456 474,2453 471,2447 471,2434 472,2431 475,2428 479,2423 482,2420 484,2419 487,2418 544,2418"/>
					<TextEquiv>
						<Unicode>Οὕτω</Unicode>
					</TextEquiv>
				</Word>
				<Word id="r1239">
					<Coords points="735,2415 758,2435 775,2435 776,2437 776,2442 775,2445 774,2447 768,2455 766,2456 762,2459 760,2460 758,2462 703,2462 689,2475 686,2477 685,2474 686,2470 690,2458 691,2454 693,2448 694,2443 696,2437 711,2437"/>
					<TextEquiv>
						<Unicode>μὲν</Unicode>
					</TextEquiv>
				</Word>
				<Word id="r1240">
					<Coords points="855,2414 860,2444 860,2450 859,2454 858,2456 856,2459 849,2461 842,2461 838,2456 837,2450 838,2443 840,2440 841,2439 843,2438 849,2434 849,2415"/>
					<TextEquiv>
						<Unicode>ὁ</Unicode>
					</TextEquiv>
				</Word>
				<Word id="r1241">
					<Coords points="1076,2410 1100,2433 1147,2433 1149,2434 1150,2439 1149,2444 1147,2448 1135,2460 958,2462 953,2461 923,2461 922,2419 922,2417 924,2416 948,2415 951,2414 1073,2412 1075,2411"/>
					<TextEquiv>
						<Unicode>Σκιπίων</Unicode>
					</TextEquiv>
				</Word>
				<Word id="r1242">
					<Coords points="1255,2410 1279,2432 1301,2432 1303,2436 1302,2441 1300,2444 1299,2446 1297,2449 1289,2455 1285,2457 1268,2458 1266,2462 1265,2467 1264,2469 1261,2472 1247,2460 1219,2459 1218,2457 1218,2451 1210,2440 1214,2434 1223,2433"/>
					<TextEquiv>
						<Unicode>τὴν</Unicode>
					</TextEquiv>
				</Word>
				<Word id="r1243">
					<Coords points="1483,2409 1508,2432 1529,2432 1530,2436 1529,2440 1528,2443 1526,2446 1518,2454 1516,2455 1513,2457 1511,2458 1494,2459 1492,2461 1491,2465 1490,2468 1490,2470 1464,2471 1398,2472 1384,2458 1365,2456 1364,2445 1366,2443 1367,2441 1378,2430 1378,2413 1379,2411 1479,2411"/>
					<TextEquiv>
						<Unicode>ἀρχὴν</Unicode>
					</TextEquiv>
				</Word>
				<Word id="r1244">
					<Coords points="1651,2411 1653,2412 1655,2414 1656,2416 1657,2419 1659,2423 1659,2448 1662,2451 1659,2455 1656,2458 1614,2458 1578,2456 1579,2452 1580,2449 1581,2447 1583,2441 1584,2436 1592,2432 1600,2431 1602,2430 1631,2430"/>
					<TextEquiv>
						<Unicode>καὶ</Unicode>
					</TextEquiv>
				</Word>
				<TextEquiv>
					<Unicode>107. Οὕτω μὲν ὁ Σκιπίων τὴν ἀρχὴν καὶ</Unicode>
				</TextEquiv>
			</TextLine>
			<TextLine id="r40">
				<Coords points="336,2510 336,2512 337,2512 337,2532 338,2532 338,2533 339,2533 339,2542 338,2542 338,2545 337,2545 337,2546 336,2546 336,2547 335,2547 335,2548 334,2548 334,2549 332,2549 332,2550 331,2550 331,2551 272,2551 272,2556 271,2556 271,2558 269,2558 269,2559 268,2559 268,2560 267,2560 267,2561 266,2561 266,2562 265,2562 265,2563 264,2563 264,2564 263,2564 263,2565 258,2565 258,2566 258,2565 254,2565 254,2563 253,2563 253,2562 252,2562 252,2561 251,2561 251,2560 250,2560 251,2560 251,2558 253,2558 253,2528 254,2528 254,2525 255,2525 255,2524 256,2524 256,2523 267,2523 267,2522 269,2522 269,2521 284,2521 284,2516 285,2516 285,2514 286,2514 286,2513 287,2513 287,2512 288,2512 288,2511 291,2511 291,2510"/>
				<Word id="r1245">
					<Coords points="291,2510 335,2510 336,2512 337,2532 337,2541 335,2546 331,2549 273,2553 265,2560 254,2563 251,2559 252,2557 253,2527 255,2524 266,2522 268,2521 278,2521 289,2511"/>
					<TextEquiv>
						<Unicode>586</Unicode>
					</TextEquiv>
				</Word>
				<TextEquiv>
					<Unicode>586</Unicode>
				</TextEquiv>
			</TextLine>
		</TextRegion>
	</Page>
</PcGts>
