1747 2693
112 305 213 337 CAP.

118 345 193 373 XVI

294 170 588 212 APPIAN'S
630 172 865 213 ROMAN
906 174 1211 226 HISTORY,
1250 176 1426 219 BOOK
1467 177 1582 222 VIII

230 294 532 356 περιουσίαν
573 296 988 344 Μασσανάσσου
1027 296 1184 346 διεῖλε
1222 301 1326 351 τοῖς
1356 301 1526 354 παισί,
1564 302 1647 350 καὶ

232 371 508 433 Γολόσσην
534 373 680 425 εὐθὺς
708 375 755 427 ἐς
793 376 1101 439 συμμαχίαν
1139 376 1377 438 ἐπήγετο·
1418 378 1440 427 ὁ
1470 378 1522 427 δὲ
1560 380 1647 433 τὰς

227 450 438 512 Φαμέου
485 452 723 512 μάλιστα
773 451 992 514 ἐνέδρας,
1033 454 1090 501 αἳ
1135 453 1318 503 πολλὰ
1366 453 1644 518 Ῥωμαίους

227 529 469 584 ἐλύπουν,
532 531 862 592 ἐρευνώμενος
923 532 1252 581 ἀνέστελλεν.
1327 535 1378 583 ἐν
1438 534 1489 584 δέ
1550 558 1647 586 τινι

225 608 480 672 χειμασίᾳ
531 609 762 659 Σκιπίων
821 610 909 658 καὶ
972 611 1185 672 Φαμέας
1235 612 1649 676 ἀντιπαρώδευον

225 687 497 749 ἀλλήλοις,
536 688 700 749 μέσην
737 689 942 751 ἔχοντες
993 690 1195 749 ἄβατον
1232 691 1521 755 χαράδραν,
1561 696 1647 742 καὶ

226 765 369 814 οὐδὲν
395 766 441 815 ἐς
469 767 737 828 ἀλλήλους
765 768 1047 830 δυνάμενοι.
1102 769 1273 822 δεδιὼς
1300 770 1340 817 δ᾽
1369 771 1392 818 ὁ
1420 771 1648 822 Σκιπίων

224 844 295 906 μή
321 865 396 896 τις
425 845 600 907 ἐνέδρα
628 846 763 894 κατὰ
802 846 859 895 τὸ
886 847 1115 909 πρόσθεν
1153 849 1245 908 εἴη,
1274 848 1467 911 προϊὼν
1499 872 1643 899 κατε-

227 923 482 970 σκέπτετο
521 924 618 971 σὺν
647 925 787 990 τρισὶ
822 925 1011 990 φίλοις.
1089 926 1174 975 καὶ
1201 926 1359 975 αὐτὸν
1386 927 1408 975 ὁ
1439 928 1647 990 Φαμέας

224 1001 345 1049 ἰδὼν
367 1002 668 1065 ἀντιπροῄει
688 1001 797 1065 μεθ᾽
820 1001 925 1055 ἑνὸς
946 1003 1119 1068 φίλου.
1182 1005 1406 1056 ἐλπίσας
1429 1006 1467 1053 δ᾽
1490 1006 1645 1055 αὐτὸν

226 1079 249 1125 ὁ
291 1079 521 1128 Σκιπίων
560 1080 723 1129 εἰπεῖν
766 1102 815 1129 τι
856 1081 1038 1134 θέλειν,
1076 1081 1359 1145 ἐξίππευσε
1395 1085 1504 1145 μεθ᾽
1545 1086 1649 1137 ἑνὸς

224 1159 313 1207 καὶ
339 1159 422 1206 ὅδε
452 1159 627 1223 φίλου.
703 1162 787 1208 καὶ
830 1161 894 1212 ὡς
931 1161 1027 1221 ἤδη
1066 1162 1372 1210 κατακούειν
1411 1162 1646 1212 ἐδύναντο

225 1238 494 1299 ἀλλήλων,
554 1239 655 1301 πρὸ
720 1240 1090 1302 Καρχηδονίων
1158 1242 1202 1288 οἱ
1276 1243 1646 1303 προελήλυθεν.

225 1320 326 1363 "τί
349 1315 410 1379 δὴ
436 1320 526 1379 τῆς
553 1315 683 1368 ἰδίας
719 1318 976 1380 σωτηρίας
1016 1319 1073 1367 οὐ
1112 1323 1357 1381 προνοεῖς,
1386 1320 1428 1369 εἰ
1464 1320 1532 1381 μὴ
1561 1327 1648 1382 τῆς

225 1400 395 1458 κοινῆς
440 1393 729 1451 δύνασαι;"
774 1394 797 1444 ὁ
844 1393 912 1452 δέ,
955 1396 1081 1449 "τίς
1122 1397 1309 1454 ἐστιν,"
1354 1400 1466 1463 ἔφη,
1515 1408 1645 1463 "μοι

225 1473 472 1536 σωτηρία,
554 1473 928 1538 Καρχηδονίων
1003 1476 1095 1538 μὲν
1173 1476 1332 1530 οὕτως
1409 1476 1646 1541 ἐχόντων,

222 1552 489 1616 Ῥωμαίων
517 1552 555 1601 δ᾽
584 1552 668 1604 ὑπ᾽
703 1556 824 1616 ἐμοῦ
862 1554 998 1603 κακὰ
1036 1555 1218 1603 πολλὰ
1246 1556 1645 1614 πεπονθότων;"

223 1632 309 1681 καὶ
338 1631 361 1680 ὁ
391 1631 635 1687 Σκιπίων,
666 1632 971 1697 "ἐγγυῶμαί
995 1632 1127 1689 σοί,"
1148 1638 1328 1695 φησιν,
1349 1635 1431 1682 "εἰ
1459 1635 1646 1689 πιστὸς

223 1710 321 1773 ἐγὼ
348 1712 432 1760 καὶ
461 1712 755 1775 ἀξιόχρεως,
784 1713 869 1761 καὶ
912 1713 1174 1776 σωτηρίαν
1212 1713 1299 1762 καὶ
1337 1713 1647 1776 συγγνώμην

219 1788 362 1853 παρὰ
399 1788 663 1853 Ῥωμαίων
690 1791 779 1840 καὶ
806 1791 961 1854 χάριν
988 1789 1253 1839 ἔσεσθαι."
1309 1789 1332 1839 ὁ
1362 1791 1401 1839 δ᾽
1429 1792 1646 1856 ἐπῄνεσε

219 1869 311 1932 μὲν
351 1869 415 1921 ὡς
459 1870 898 1932 ἀξιοπιστότατον
938 1871 993 1918 ἐκ
1033 1870 1257 1926 πάντων,
1300 1871 1546 1933 "κρινῶ"
1590 1871 1645 1928 δ᾽,

222 1947 336 2013 ἔφη·
380 1948 528 1997 "κἂν
567 1947 784 1998 δυνατὸν
821 1949 1041 2011 ἡγῶμαι,
1072 1947 1288 2012 φανερὸν
1328 1949 1477 1998 ἔσται
1514 1951 1644 1997 σοι."

297 2031 403 2074 108.
446 2026 549 2073 Καὶ
588 2026 633 2074 οἱ
669 2026 762 2089 μὲν
799 2027 883 2075 ἐπὶ
912 2027 1109 2078 τούτοις
1148 2027 1496 2090 διεκρίθησαν,
1529 2028 1553 2077 ὁ
1592 2028 1640 2077 δὲ

223 2104 480 2154 Μανίλιος
541 2104 836 2167 αἰδούμενος
898 2106 989 2167 τὴν
1051 2106 1382 2167 δυσπραξίαν
1447 2108 1539 2162 τὴν
1600 2108 1644 2160 ἐς

221 2183 556 2246 Ἀσδρούβαν
604 2183 745 2248 αὐτῷ
793 2184 1083 2247 γενομένην,
1134 2184 1281 2237 αὖθις
1338 2185 1387 2237 ἐς
1425 2184 1642 2249 Νέφεριν

222 2263 516 2326 ἐστράτευε,
555 2261 936 2311 πεντακαίδεκα
980 2264 1178 2326 ἡμερῶν
1219 2262 1412 2326 τροφὰς
1455 2264 1640 2326 ἐπαγό-

220 2358 380 2398 μενος.
455 2340 763 2397 πλησιάσας
804 2336 841 2384 δ᾽
884 2338 1024 2386 ἔθετο
1066 2338 1277 2402 χάρακα
1317 2338 1404 2387 καὶ
1442 2338 1639 2402 ὠχύρου

224 2412 309 2459 καὶ
372 2413 632 2474 ἐτάφρευε,
696 2412 831 2459 καθὰ
891 2411 1120 2462 Σκιπίων
1180 2412 1232 2460 ἐν
1297 2415 1359 2475 τῇ
1421 2413 1637 2482 προτέρᾳ

227 2503 311 2563 588
