1747 2693
101 282 206 313 CAP.

107 322 182 349 XVI

285 145 580 185 APPIAN'S
621 145 856 186 ROMAN
895 146 1202 198 HISTORY,
1238 147 1415 188 BOOK
1455 147 1570 190 VIII

223 266 473 333 στρατείᾳ
511 267 877 329 παρήγγειλεν.
951 268 1093 316 οὐδὲν
1126 269 1178 315 δὲ
1217 269 1381 316 ἀνύων
1418 271 1469 318 ἐν
1505 270 1638 317 αἰδοῖ

221 341 410 403 μείζονι
472 341 697 404 ἐγίγνετο
759 342 844 392 καὶ
907 341 1057 406 φόβῳ
1113 347 1204 392 τοῦ
1254 345 1418 394 πάλιν
1465 345 1638 398 αὐτοῖς

221 417 436 464 ἀπιοῦσι
480 417 568 464 τὸν
611 417 945 482 Ἀσδρούβαν
987 419 1275 468 ἐπιθέσθαι.
1350 420 1436 468 καὶ
1479 420 1502 468 ὁ
1550 420 1638 481 μὲν

221 493 273 541 ἐν
322 493 449 556 τῷδε
498 493 559 553 ἦν
608 492 843 556 ἀπορίας,
894 493 1181 550 ἐπιστολὴν
1221 493 1273 542 δέ
1322 516 1397 547 τις
1446 497 1501 544 ἐκ
1550 500 1639 543 τοῦ

224 566 499 614 Γολόσσου
539 572 771 632 στρατοῦ
807 569 954 632 ἔφερε
986 573 1055 632 τῷ
1089 570 1353 620 Σκιπίωνι.
1428 570 1450 618 ὁ
1491 570 1548 626 δ᾽,
1576 572 1638 621 ὡς

223 642 347 707 εἶχε,
376 643 779 706 σεσημασμένην
817 643 1042 706 ἐπέδειξε
1080 646 1148 709 τῷ
1188 649 1482 709 στρατηγῷ.
1556 646 1640 694 καὶ

221 717 475 767 λύσαντες
517 719 687 780 ηὗρον·
743 719 838 771 "ἐς
887 720 1034 780 τήνδε
1074 721 1164 781 τὴν
1193 721 1385 782 ἡμέραν
1417 722 1515 783 ἐγὼ
1552 722 1640 784 μὲν

222 791 335 839 τόδε
384 791 440 840 τὸ
491 792 680 857 χωρίον
729 793 1130 857 καταλήψομαι·
1170 793 1237 842 σὺ
1286 794 1327 842 δ᾽
1378 794 1494 843 ἐλθὲ
1532 794 1640 858 μεθ᾽

220 868 359 914 ὅσων
382 867 583 926 βούλει,
611 868 699 916 καὶ
737 872 845 921 τοῖς
881 868 1213 932 προφύλαξιν
1251 870 1360 918 εἰπὲ
1396 871 1640 937 δέχεσθαι

222 941 308 991 τὸν
334 942 515 992 νυκτὸς
542 943 958 1009 ἀφικνούμενον."
1030 945 1058 1003 ἡ
1086 945 1177 1008 μὲν
1203 946 1459 1007 ἐπιστολὴ
1484 946 1641 1010 χωρὶς

221 1017 485 1081 ὀνομάτων
536 1017 694 1066 τοιάδ᾽
745 1018 947 1080 ἐδήλου,
999 1023 1190 1080 συνῆκε
1250 1019 1289 1067 δ᾽
1340 1020 1363 1068 ὁ
1414 1020 1641 1070 Σκιπίων

220 1094 351 1142 εἶναι
399 1094 546 1157 παρὰ
590 1094 817 1156 Φαμέου.
892 1095 978 1143 καὶ
1028 1095 1051 1142 ὁ
1102 1096 1364 1148 Μανίλιος
1404 1095 1639 1146 ἐδεδοίκει

217 1168 308 1231 μὲν
334 1168 453 1231 περὶ
479 1172 548 1232 τῷ
587 1166 851 1225 Σκιπίωνι,
878 1170 949 1231 μή
988 1190 1063 1222 τις
1101 1170 1278 1232 ἀπάτη
1316 1172 1437 1235 παρ᾽
1464 1172 1642 1235 ἀνδρὸς

219 1244 418 1296 γένοιτο
447 1245 811 1292 πιθανωτάτου
850 1245 1059 1294 πάντων
1099 1247 1146 1296 ἐς
1173 1245 1391 1307 ἐνέδρας·
1435 1251 1642 1296 εὔελπιν

222 1318 262 1365 δ᾽
301 1319 457 1368 αὐτὸν
500 1318 625 1383 ὁρῶν
665 1320 905 1382 ἔπεμπεν,
935 1321 1225 1386 ἐπιτρέψας
1270 1324 1386 1386 περὶ
1425 1322 1516 1385 μὲν
1555 1328 1642 1385 τῆς

221 1394 482 1458 σωτηρίας
509 1394 680 1443 δοῦναι
708 1394 887 1443 πίστιν
914 1396 1137 1461 ἀσφαλῆ
1165 1401 1234 1462 τῷ
1263 1397 1461 1465 Φαμέᾳ,
1488 1399 1641 1464 χάριν

221 1469 271 1518 δὲ
304 1470 375 1533 μὴ
407 1469 605 1534 ὁρίζειν,
636 1469 756 1519 ἀλλ᾽
794 1471 1223 1535 ἐπαγγέλλεσθαι
1258 1472 1542 1536 Ῥωμαίους
1579 1475 1639 1521 τὰ

221 1546 490 1609 πρέποντα
528 1548 783 1607 ποιήσειν.
858 1549 914 1595 οὐ
953 1549 1052 1609 μὴν
1091 1550 1294 1608 ἐδέησεν
1346 1549 1444 1597 οὐδ᾽
1484 1551 1640 1611 ἐπαγ-

221 1620 415 1682 γελίας·
460 1620 482 1669 ὁ
510 1620 612 1682 γάρ
651 1642 729 1669 τοι
770 1622 979 1683 Φαμέας
1018 1624 1082 1673 ὡς
1106 1623 1226 1684 ἧκεν
1265 1625 1314 1677 ἐς
1352 1624 1407 1673 τὸ
1436 1624 1639 1687 συγκεί-

217 1718 382 1757 μενον,
447 1697 563 1760 περὶ
622 1697 714 1759 μὲν
775 1702 865 1758 τῆς
920 1698 1181 1763 σωτηρίας
1230 1699 1327 1763 ἔφη
1378 1699 1640 1750 πιστεύειν

219 1763 521 1829 δεξιουμένῳ
561 1762 830 1823 Σκιπίωνι,
871 1765 961 1817 τὰς
1010 1765 1061 1814 δὲ
1105 1767 1327 1832 χάριτας
1370 1767 1640 1825 Ῥωμαίοις

220 1833 529 1897 ἐπιτρέπειν.
603 1837 769 1883 ταῦτα
807 1834 847 1882 δ᾽
889 1835 1045 1884 εἰπὼν
1077 1836 1329 1897 ἐξέτασσε
1356 1841 1446 1896 τῆς
1471 1839 1641 1883 ἐπιού-

218 1923 314 1963 σης
341 1903 389 1954 ἐς
413 1902 609 1966 μάχην,
638 1902 723 1951 καὶ
750 1903 1095 1965 προπηδήσας
1122 1904 1252 1967 μὲτὰ
1279 1908 1380 1954 τῶν
1407 1905 1640 1972 ἰλαρχῶν

216 1972 265 2022 ἐς
290 1969 348 2019 τὸ
372 1970 682 2037 μεταίχμιον
704 1972 768 2023 ὡς
795 1972 884 2020 ἐπί
910 1993 1024 2020 τινα
1045 1973 1243 2037 σκέψιν
1270 1974 1461 2037 ἑτέραν,
1484 1975 1637 2023 εἶπεν·

218 2040 310 2088 "εἰ
356 2040 445 2102 μὲν
495 2040 638 2088 ἔστιν
684 2040 757 2088 ἔτι
809 2044 870 2101 τῇ
921 2040 1131 2100 πατρίδι
1174 2043 1403 2099 βοηθεῖν,
1444 2042 1640 2097 ἕτοιμός

218 2108 321 2171 εἰμι
365 2108 476 2169 μεθ᾽
528 2108 681 2169 ὑμῶν·
723 2108 762 2156 εἰ
815 2108 853 2156 δ᾽
905 2109 1012 2174 ἔχει
1063 2108 1127 2157 τὰ
1177 2108 1369 2171 ἐκείνης
1412 2112 1477 2164 ὡς
1516 2112 1638 2177 ἔχει,

216 2177 327 2237 ἐμοὶ
362 2177 455 2237 μὲν
496 2177 633 2224 δοκεῖ
669 2181 757 2237 τῆς
797 2175 929 2228 ἰδίας
973 2177 1231 2240 σωτηρίας
1276 2183 1527 2242 προνοεῖν,
1556 2181 1640 2227 καὶ

217 2243 400 2292 πίστιν
426 2243 625 2303 ἔλαβον
653 2243 740 2293 ἐπί
765 2266 818 2294 τε
857 2247 1057 2308 ἐμαυτῷ
1097 2247 1182 2294 καὶ
1221 2246 1375 2300 ὅσους
1401 2246 1640 2308 πείσαιμι

218 2313 372 2374 ὑμῶν,
401 2313 578 2375 καιρὸς
605 2314 655 2361 δὲ
694 2314 780 2361 καὶ
820 2314 947 2374 ὑμᾶς
986 2315 1328 2374 ἐπιλέγεσθαι
1367 2316 1432 2362 τὰ
1470 2316 1637 2362 συνοί-

217 2380 426 2429 σοντα."
501 2380 524 2429 ὁ
574 2381 665 2443 μὲν
716 2382 874 2432 οὕτως
923 2381 1050 2437 εἶπε,
1095 2386 1196 2431 τῶν
1244 2382 1286 2430 δ᾽
1323 2383 1556 2449 ἰλαρχῶν
1595 2383 1638 2430 οἱ

221 2484 308 2524 590
