1747 2693
121 292 227 322 CAP.

132 333 208 360 XVI

304 139 597 180 APPIAN'S
637 139 872 180 ROMAN
913 140 1218 191 HISTORY,
1257 140 1433 183 BOOK
1472 143 1586 184 VIII

239 261 327 322 μὲν
373 261 469 308 σὺν
511 263 618 312 τοῖς
658 262 825 308 αὑτῶν
868 263 1252 321 ηὐτομόλησαν,
1299 264 1384 311 καὶ
1424 264 1645 326 ἐγένοντο

239 329 429 379 πάντες
455 329 504 380 ἐς
531 329 826 380 διακοσίους
854 331 941 379 καὶ
968 331 1262 393 δισχιλίους
1290 332 1497 385 ἱππέας·
1538 333 1651 385 τοὺς

238 397 277 444 δ᾽
298 398 499 445 Ἄννων
523 398 905 454 κατεκώλυσεν,
935 398 972 461 ᾧ
1000 401 1193 451 Λεῦκος
1219 399 1278 461 ἦν
1304 398 1595 461 ἐπίκλησις.

311 471 419 513 109.
459 465 759 513 Ἐπανιόντι
821 465 873 513 δὲ
934 470 1004 530 τῷ
1071 464 1324 517 Σκιπίωνι
1385 469 1515 530 μετὰ
1566 476 1652 519 τοῦ

236 533 447 597 Φαμέου
496 533 519 582 ὁ
571 534 794 597 στρατὸς
847 534 1068 595 ἀπήντα,
1121 536 1206 584 καὶ
1257 535 1343 584 τὸν
1391 537 1654 589 Σκιπίωνα

235 603 508 662 ηὐφήμουν
546 604 611 655 ὡς
649 602 734 650 ἐπὶ
772 603 1029 665 θριάμβῳ.
1105 604 1366 657 Μανίλιος
1414 605 1455 654 δ᾽
1504 608 1654 671 ὑπερ-

232 670 477 728 ηδόμενός
503 691 574 726 τε,
603 671 688 719 καὶ
719 672 890 720 οὐκέτι
915 672 1008 731 τὴν
1035 673 1285 721 ἐπάνοδον
1310 673 1541 739 αἰσχρὰν
1569 678 1650 724 ἐπὶ

236 739 364 802 τῷδε
403 739 697 800 ἡγούμενος,
733 739 835 786 οὐδ᾽
874 739 1207 803 Ἀσδρούβαν
1233 742 1464 804 ἕψεσθαι
1489 765 1651 807 προσ-

236 808 399 853 δοκῶν
437 809 960 869 καταπεπληγμένον,
999 809 1322 870 ἀνεζεύγνυεν
1360 810 1547 861 αὐτίκα
1593 813 1651 861 δι᾽

233 875 441 926 ἔνδειαν,
466 875 910 934 ἑπτακαιδεκάτην
935 876 1127 941 ἡμέραν
1149 878 1261 926 ἀντὶ
1287 881 1652 929 πεντεκαίδεκα

231 944 382 1009 ἔχων.
474 944 612 1008 τρισὶ
675 944 717 991 δ᾽
781 946 970 997 ἄλλαις
1032 948 1188 1009 ἐχρῆν
1249 950 1652 999 κακοπαθοῦντα

234 1013 553 1061 ἐπανελθεῖν.
630 1013 653 1061 ὁ
693 1014 781 1062 οὖν
817 1013 1045 1063 Σκιπίων
1085 1016 1174 1062 τόν
1212 1036 1265 1062 τε
1304 1019 1518 1079 Φαμέαν
1567 1023 1651 1066 καὶ

235 1080 512 1142 Γολόσσην
551 1082 636 1129 καὶ
674 1082 790 1135 τοὺς
830 1083 915 1144 ὑφ᾽
964 1084 1186 1146 ἑκατέρῳ
1224 1085 1409 1144 λαβὼν
1446 1086 1650 1145 ἱππέας,

231 1149 564 1214 προσλαβὼν
591 1149 643 1198 δέ
668 1171 808 1202 τινας
835 1151 920 1199 καὶ
947 1155 1048 1199 τῶν
1082 1153 1369 1209 Ἰταλικῶν,
1396 1154 1446 1206 ἐς
1480 1155 1651 1207 πεδίον

232 1217 461 1286 ἠπείχθη
523 1219 580 1267 τὸ
640 1220 957 1280 καλούμενον
1022 1222 1154 1282 μέγα
1220 1223 1502 1285 βάραθρον,
1566 1227 1651 1273 καὶ

235 1287 443 1348 πολλὴν
469 1287 524 1348 ἐξ
553 1288 715 1335 αὐτοῦ
744 1289 892 1336 λείαν
926 1310 980 1336 τε
1025 1290 1110 1337 καὶ
1150 1291 1344 1351 ἀγορὰν
1369 1292 1459 1352 ἧκε
1488 1292 1651 1375 φέρων

235 1359 305 1419 τῷ
346 1359 554 1419 στρατῷ
588 1357 704 1420 περὶ
738 1356 911 1405 νύκτα.
987 1358 1244 1411 Μανίλιος
1280 1357 1331 1407 δὲ
1367 1360 1651 1422 πυθόμενός

234 1424 282 1471 οἱ
321 1424 562 1489 διάδοχον
599 1424 797 1473 ἐπιέναι
834 1426 1199 1489 Καλπούρνιον
1250 1426 1483 1483 Πίσωνα,
1526 1453 1648 1492 προ-

235 1493 461 1556 έπεμπεν
500 1494 548 1545 ἐς
581 1492 781 1556 Ῥώμην
818 1490 1083 1544 Σκιπίωνα
1120 1498 1244 1557 μετὰ
1287 1498 1514 1559 Φαμέου·
1565 1502 1649 1548 καὶ

234 1561 258 1610 ὁ
301 1562 524 1626 στρατὸς
563 1562 647 1610 ἐπὶ
693 1563 787 1622 τὴν
835 1566 958 1611 ναῦν
998 1565 1333 1618 καταθέοντες
1381 1566 1649 1630 ηὐφήμουν

234 1629 322 1678 τὸν
372 1627 651 1685 Σκιπίωνα,
703 1631 788 1679 καὶ
834 1632 1060 1694 ηὔχοντο
1111 1633 1310 1682 ὕπατον
1357 1635 1404 1686 ἐς
1446 1635 1650 1696 Λιβύην

233 1700 536 1748 ἐπανελθεῖν
603 1701 667 1750 ὡς
725 1698 878 1761 μόνον
952 1699 1240 1762 αἱρήσοντα
1319 1703 1646 1766 Καρχηδόνα.

232 1767 522 1827 θεόληπτος
559 1769 659 1829 γάρ
708 1789 783 1818 τις
825 1770 999 1821 αὐτοῖς
1033 1770 1120 1829 ἥδε
1156 1771 1185 1827 ἡ
1226 1771 1350 1830 δόξα
1393 1771 1646 1830 ἐνέπιπτε,

231 1834 498 1885 Σκιπίωνα
523 1836 676 1899 μόνον
702 1837 934 1900 αἱρήσειν
973 1839 1302 1901 Καρχηδόνα·
1343 1843 1429 1888 καὶ
1455 1844 1647 1890 πολλοὶ

231 1909 397 1953 ταῦτα
428 1908 533 1954 τοῖς
567 1904 768 1955 οἰκείοις
802 1906 850 1957 ἐς
884 1906 1086 1968 Ῥώμην
1123 1908 1455 1959 ἐπέστελλον.
1528 1913 1558 1971 ἡ
1597 1911 1646 1960 δὲ

231 1975 403 2032 βουλὴ
440 1972 708 2024 Σκιπίωνα
746 1973 836 2034 μὲν
874 1974 1062 2036 ἐπῄνει,
1091 1975 1302 2037 Φαμέαν
1330 1976 1370 2025 δ᾽
1397 1976 1646 2040 ἐτίμησαν

231 2040 504 2106 ἁλουργίδι
552 2041 638 2089 καὶ
686 2043 1082 2106 ἐπιπορπήματι
1136 2049 1319 2110 χρυσῷ
1369 2046 1455 2094 καὶ
1505 2047 1643 2112 ἵππῳ

230 2111 625 2175 χρυσοφαλάρῳ
665 2111 750 2158 καὶ
789 2113 1062 2178 πανοπλίᾳ
1099 2113 1182 2160 καὶ
1215 2113 1458 2178 ἀργυρίου
1486 2115 1641 2180 δραχ-

230 2181 349 2240 μαῖς
389 2178 606 2239 μυρίαις,
646 2179 841 2228 ἔδωκαν
877 2180 930 2228 δὲ
965 2180 1051 2228 καὶ
1089 2184 1226 2243 μνῶν
1262 2181 1447 2231 ἑκατὸν
1489 2185 1643 2246 ἀργύ-

229 2268 375 2311 ρωμα
415 2248 500 2295 καὶ
540 2246 737 2307 σκηνὴν
779 2247 866 2296 καὶ
913 2248 1243 2311 κατασκευὴν
1292 2251 1485 2312 ἐντελῆ.
1559 2254 1642 2301 καὶ

229 2315 533 2375 ἐπήλπισαν
594 2317 711 2380 περὶ
773 2315 1041 2371 πλειόνων,
1105 2318 1147 2365 εἰ
1206 2318 1272 2366 τὰ
1330 2318 1494 2367 λοιπὰ
1554 2325 1642 2369 τοῦ

227 2384 459 2443 πολέμου
510 2385 941 2446 συνεκπονήσειεν
989 2386 1177 2437 αὑτοῖς.
1253 2386 1275 2434 ὁ
1319 2387 1356 2432 δ᾽
1409 2388 1638 2454 ὑποσχό-

232 2487 315 2526 592
