1747 2693
134 271 239 302 CAP.

144 311 223 340 XVI

315 136 610 177 APPIAN'S
649 136 885 177 ROMAN
924 136 1231 187 HISTORY,
1269 137 1447 179 BOOK
1485 137 1599 178 VIII

251 278 397 319 μενος
458 258 506 310 ἐς
560 255 765 316 Λιβύην
825 257 1131 307 διέπλευσεν
1180 259 1228 311 ἐς
1286 256 1344 306 τὸ
1403 258 1666 307 Ῥωμαιων

252 325 621 390 στρατόπεδον.

325 399 436 441 110.
472 393 608 445 Ἧκε
657 394 709 441 δὲ
760 394 1122 459 Καλπούρνιος
1172 394 1354 444 Πίσων
1402 394 1425 444 ὁ
1476 396 1667 447 ὕπατος

253 462 357 526 ἅμα
383 462 482 524 ἦρι,
509 463 596 511 καὶ
625 462 719 512 σὺν
745 464 884 526 αὐτῷ
920 462 1133 516 Λεύκιος
1171 465 1440 526 Μαγκῖνος
1468 463 1552 512 ἐπὶ
1578 462 1667 526 τὴν

252 529 554 596 ναυαρχίαν·
596 531 645 579 οἳ
685 531 1062 596 Καρχηδονίοις
1097 531 1188 596 μὲν
1225 533 1317 580 οὐκ
1355 531 1666 597 ἐπεχείρουν,

252 599 366 647 οὐδὲ
402 599 722 665 Ἀσδρούβᾳ,
752 600 842 652 τὰς
871 599 921 648 δὲ
948 601 1125 651 πόλεις
1154 599 1380 653 ἐπιόντες
1418 599 1666 651 Ἀσπίδος

250 667 341 726 μὲν
367 667 750 732 ἀπετύγχανον,
778 669 833 716 ἐκ
880 672 971 729 γῆς
1008 669 1093 718 καὶ
1131 669 1408 728 θαλάσσης
1450 670 1665 717 ἀποπει-

249 736 518 796 ράσαντες,
570 736 744 797 ἑτέραν
794 736 832 784 δ᾽
882 736 1031 795 ἐγγὺς
1091 737 1227 786 εἷλεν
1276 736 1298 786 ὁ
1341 736 1539 793 Πίσων,
1583 738 1667 785 καὶ

252 804 526 867 διήρπαζεν
552 805 855 868 αἰτιωμένην
892 806 976 854 ἐπὶ
1016 806 1294 868 συνθήκαις
1329 806 1466 870 αὐτῷ
1504 827 1663 870 προσ-

250 874 435 922 ελθεῖν.
510 873 615 922 ἀπὸ
650 873 698 921 δὲ
742 873 932 935 ταύτης
971 875 1018 927 ἐς
1055 874 1384 937 Ἰππάγρετα
1400 875 1665 934 μετῆλθεν,

249 942 279 1003 ἣ
318 942 519 1003 μεγάλη
559 963 613 990 τε
651 942 709 1004 ἦν
747 942 835 990 καὶ
871 941 1079 1007 τείχεσι
1113 942 1201 992 καὶ
1249 941 1535 1008 ἀκροπόλει
1582 944 1669 992 καὶ

250 1012 430 1070 λιμέσι
468 1012 554 1058 καὶ
593 1012 813 1074 νεωρίοις
852 1012 938 1059 ὑπ᾽
976 1011 1354 1074 Ἀγαθοκλέους
1393 1015 1483 1060 τοῦ
1526 1008 1665 1061 Σικε-

249 1082 453 1127 λιωτῶν
495 1081 742 1143 τυράννου
783 1078 1175 1129 κατεσκεύαστο
1213 1082 1403 1136 καλῶς,
1442 1078 1575 1141 μέση
1627 1081 1663 1127 δ᾽

251 1147 384 1194 οὖσα
437 1147 768 1213 Καρχηδόνος
817 1147 904 1196 καὶ
941 1147 1141 1208 Ἰτύκης
1179 1147 1270 1210 τὴν
1307 1147 1502 1213 ἀγορὰν
1548 1147 1663 1213 ἐλῄ-

253 1237 402 1263 στευε
429 1215 520 1275 τὴν
557 1215 828 1279 Ῥωμαίοις
856 1216 1226 1265 διαπλέουσαν·
1279 1217 1394 1266 ὅθεν
1418 1217 1505 1265 καὶ
1529 1217 1665 1266 πάνυ

251 1284 553 1331 ἐπλούτουν.
625 1284 713 1333 καὶ
762 1284 785 1333 ὁ
837 1284 1199 1349 Καλπούρνιος
1262 1284 1556 1348 ἀμύνασθαί
1613 1307 1665 1337 τε

251 1353 438 1404 αὐτοὺς
463 1352 672 1408 ἐπενόει,
701 1352 790 1401 καὶ
817 1352 873 1401 τό
900 1375 957 1412 γε
985 1353 1158 1417 κέρδος
1185 1354 1495 1417 ἀφελέσθαι.
1546 1354 1664 1402 ἀλλ᾽

251 1420 274 1470 ὁ
317 1420 406 1483 μὲν
445 1420 503 1470 τὸ
545 1420 686 1484 θέρος
727 1422 851 1469 ὅλον
894 1421 1173 1486 ἐφεδρεύων
1214 1424 1306 1469 οὐκ
1343 1423 1476 1481 ἤνυε,
1517 1421 1587 1476 δὶς
1626 1424 1662 1470 δ᾽

249 1489 583 1553 ἐκδραμόντες
633 1491 678 1538 οἱ
731 1490 1106 1554 Ἱππαγρέτιοι,
1158 1492 1531 1554 Καρχηδονίων
1576 1493 1662 1539 αὐ-

250 1562 355 1609 τοῖς
417 1559 848 1622 συμμαχούντων,
899 1559 990 1615 τὰς
1037 1560 1277 1624 μηχανὰς
1325 1560 1484 1607 αὐτοῦ
1546 1581 1662 1608 κατ-

249 1626 499 1690 έπρησαν.
573 1627 660 1675 καὶ
699 1627 722 1675 ὁ
761 1626 850 1690 μὲν
888 1626 1153 1690 ἄπρακτος
1192 1629 1240 1680 ἐς
1276 1625 1477 1689 Ἰτύκην
1515 1629 1662 1676 ἐπαν-

249 1695 413 1742 ελθὼν
440 1695 719 1760 ἐχείμαζεν.

322 1770 434 1811 111.
468 1763 537 1811 Οἱ
582 1763 930 1829 Καρχηδόνιοι
970 1764 1036 1822 δέ,
1076 1765 1253 1828 ἐπειδή
1290 1769 1446 1830 σφισι
1483 1766 1569 1813 καὶ
1607 1766 1663 1811 τὸ

246 1831 551 1897 Ἀσδρούβα
602 1831 958 1897 στρατόπεδον
1007 1832 1205 1887 ἀπαθὲς
1258 1835 1334 1891 ἦν,
1385 1833 1470 1880 καὶ
1520 1834 1663 1880 αὐτοὶ

248 1900 511 1966 κρείττους
559 1902 611 1951 ἐν
660 1905 721 1966 τῇ
758 1902 903 1966 μάχῃ
943 1902 1207 1964 ἐγεγένητο
1259 1903 1495 1954 Πίσωνος
1533 1903 1663 1966 ἀμφὶ

249 1968 312 2016 τὰ
349 1968 688 2032 Ἱππάγρετα,
727 1969 919 2022 Βιθύας
957 1991 1010 2018 τε
1047 1970 1221 2022 αὐτοῖς
1259 1969 1281 2019 ὁ
1322 1970 1500 2031 Νομὰς
1535 1970 1662 2033 μετὰ

249 2038 570 2084 ὀκτακοσίων
595 2038 797 2085 ἱππέων
824 2038 926 2086 ἀπὸ
956 2038 1232 2085 Γολόσσου
1266 2038 1659 2102 προσεκεχωρή-

249 2127 337 2157 κει,
386 2106 472 2156 καὶ
516 2106 767 2169 Μικίψην
803 2106 891 2155 καὶ
936 2108 1310 2157 Μαστανάβαν
1349 2108 1466 2157 τοὺς
1505 2110 1660 2154 Μασ-

248 2176 525 2223 σανάσσου
558 2175 748 2225 παῖδας
777 2175 943 2239 ἑώρων
981 2176 1422 2239 ὑπισχνουμένους
1459 2177 1550 2237 μὲν
1587 2177 1662 2224 ἀεὶ

246 2242 513 2303 Ῥωμαίοις
569 2243 711 2292 ὅπλα
764 2243 850 2292 καὶ
902 2244 1163 2307 χρήματα,
1212 2244 1561 2307 βραδύνοντας
1612 2244 1661 2293 δὲ

247 2311 336 2358 καὶ
384 2311 784 2376 περιορωμένους
836 2311 935 2376 ἄρα
988 2312 1045 2360 τὸ
1102 2312 1310 2374 μέλλον,
1361 2312 1661 2375 ἐπῄρθησαν

249 2383 352 2430 τοῖς
414 2382 711 2442 φρονήμασι
773 2379 859 2428 καὶ
924 2379 1129 2440 Λιβύην
1195 2379 1351 2432 ἀδεῶς
1417 2379 1657 2442 ἐπῄεσαν,

251 2482 337 2520 594
