1747 2693
326 133 617 173 APPIAN'S
658 133 890 174 ROMAN
932 132 1238 184 HISTORY,
1276 132 1453 173 BOOK
1495 131 1610 173 VIII

261 254 624 320 κρατυνόμενοί
662 276 715 304 τε
741 254 832 316 τὴν
858 255 1036 320 χώραν
1061 254 1147 305 καὶ
1181 254 1361 304 πολλὰ
1395 254 1671 316 ὑβριστικὰ

263 325 312 370 ἐν
361 327 473 372 ταῖς
516 323 708 371 πόλεσι
751 323 886 371 κατὰ
928 323 1191 385 Ῥωμαίων
1234 323 1675 382 ἐκκλησιάζοντες.

262 392 309 443 ἔς
359 413 413 439 τε
461 392 552 454 τὴν
601 392 873 454 ἀνανδρίαν
934 393 1102 440 αὐτῶν
1161 391 1452 457 προύφερον
1506 392 1570 439 τὰ
1632 392 1676 442 ἐς

261 460 487 524 Νέφεριν
519 461 696 513 αὐτοῖς
731 460 803 512 δὶς
835 460 1094 523 γενόμενα,
1123 460 1209 508 καὶ
1246 460 1347 508 ὅσα
1387 460 1603 523 ἔναγχος
1630 460 1675 510 ἐς

257 528 598 591 Ἱππάγρετα,
639 529 725 577 καὶ
769 527 827 578 τὸ
870 530 1028 591 αὐτῆς
1072 527 1406 592 Καρχηδόνος
1445 527 1675 575 ἀνόπλου

262 619 315 645 τε
366 597 522 658 οὔσης
572 598 659 646 καὶ
709 597 979 660 ἀφράκτου
1033 596 1102 659 μὴ
1163 596 1471 659 δεδυνῆσθαι
1523 617 1678 644 κατα-

263 670 426 728 σχεῖν.
478 666 708 728 ἔπεμπον
734 666 786 714 δὲ
811 666 898 714 καὶ
924 667 972 718 ἐς
1000 664 1246 728 Μικίψην
1273 665 1359 711 καὶ
1386 665 1676 711 Μαστανά-

261 736 366 788 βαν
405 736 493 783 καὶ
536 736 584 786 ἐς
614 735 730 787 τοὺς
768 734 1081 793 αὐτονόμους
1114 732 1481 794 Μαυρουσίων,
1510 753 1676 795 παρα-

259 809 539 853 καλοῦντες
588 802 726 865 ὁμοῦ,
772 803 858 851 καὶ
899 802 1225 855 διδάσκοντες
1265 802 1342 850 ὅτι
1392 802 1480 851 καὶ
1524 801 1676 866 σφίσι

259 871 369 934 μεθ᾽
419 871 604 924 αὑτοὺς
653 871 1059 935 ἐπιχειρήσουσι
1097 870 1355 934 Ῥωμαῖοι.
1428 873 1678 919 ἔστελλον

264 938 320 989 δὲ
363 940 449 987 καὶ
497 941 544 988 ἐς
586 939 915 988 Μακεδονίαν
958 939 1152 990 ἄλλους
1193 938 1320 1003 πρὸς
1352 938 1439 988 τὸν
1487 938 1678 1000 νομιζό-

262 1030 410 1067 μενον
439 1008 542 1057 υἱὸν
578 1008 704 1056 εἶναι
741 1008 999 1070 Περσέως,
1027 1012 1357 1070 πολεμοῦντα
1394 1007 1676 1066 Ῥωμαίοις,

263 1076 349 1124 καὶ
410 1076 679 1126 ἀνέπειθον
739 1077 956 1142 ἔχεσθαι
1005 1080 1096 1126 τοῦ
1144 1076 1375 1139 πολέμου
1425 1079 1679 1139 καρτερῶς

265 1147 329 1196 ὡς
377 1147 469 1194 οὐκ
521 1144 879 1210 ἐλλειψόντων
929 1145 1066 1209 αὐτῷ
1115 1145 1397 1210 χρημάτων
1437 1145 1522 1192 καὶ
1561 1149 1679 1193 νεῶν

263 1215 367 1261 ἀπὸ
418 1213 769 1278 Καρχηδόνος.
867 1214 998 1267 ὅλως
1048 1235 1103 1262 τε
1161 1213 1343 1279 μικρὸν
1402 1213 1546 1262 οὐδὲν
1607 1213 1678 1262 ἔτι

263 1281 508 1347 ἐφρόνουν
568 1282 929 1346 ὁπλισάμενοι,
979 1281 1122 1330 ἀλλὰ
1185 1284 1326 1347 θυμῷ
1377 1281 1464 1331 καὶ
1514 1281 1677 1346 τόλμῃ

262 1351 349 1399 καὶ
397 1355 704 1416 παρασκευῇ
753 1351 887 1399 κατὰ
934 1351 1115 1415 μικρὸν
1161 1351 1394 1413 ηὔξοντο.
1490 1351 1679 1415 ἐπῇρτο

264 1419 303 1466 δ᾽
354 1421 406 1468 ἐν
453 1419 592 1484 μέρει
630 1420 717 1469 καὶ
765 1419 1095 1484 Ἀσδρούβας
1132 1417 1155 1469 ὁ
1196 1418 1331 1468 κατὰ
1378 1417 1470 1481 τὴν
1505 1419 1680 1483 χώραν

266 1488 554 1552 στρατηγὸς
605 1492 674 1552 τῷ
726 1488 797 1541 δὶς
847 1493 1114 1551 κρατῆσαι
1147 1487 1428 1536 Μανιλίου·
1493 1487 1584 1551 τήν
1627 1509 1681 1536 τε

263 1561 352 1618 τῆς
379 1560 578 1609 πόλεως
613 1556 936 1620 στρατηγίαν
972 1559 1303 1621 προσλαβεῖν
1339 1556 1679 1619 ἐπειγόμενος,

263 1625 598 1686 Ἀσδρούβαν
632 1625 719 1674 τὸν
753 1625 983 1691 ἄρχοντα
1026 1625 1196 1688 αὐτῆς,
1225 1625 1536 1690 ἀδελφιδοῦν
1561 1626 1680 1673 ὄντα

254 1694 553 1751 Γολόσσου,
597 1695 848 1752 διέβαλλε
890 1698 951 1759 τῇ
990 1696 1162 1757 βουλῇ
1208 1694 1271 1742 τὰ
1312 1693 1681 1758 Καρχηδονίων

264 1761 511 1828 Γολόσσῃ
537 1761 848 1827 προδιδόναι.
924 1763 1007 1812 καὶ
1036 1767 1127 1812 τοῦ
1151 1761 1311 1825 λόγου
1349 1761 1680 1825 προτεθέντος

265 1831 312 1883 ἐς
357 1831 530 1888 μέσον,
574 1831 596 1879 ὁ
636 1831 726 1890 μὲν
766 1832 1006 1891 ἠπορεῖτο
1046 1832 1109 1885 ὡς
1148 1830 1225 1880 ἐπ᾽
1264 1831 1515 1893 ἀδοκήτῳ,
1556 1831 1604 1879 οἱ
1633 1831 1679 1878 δὲ

266 1900 544 1952 τύπτοντες
573 1900 730 1950 αὐτὸν
757 1905 862 1953 τοῖς
892 1900 1211 1958 ὑποβάθροις
1238 1900 1553 1959 κατέβαλον.

903 2089 1041 2131 XVII

340 2234 448 2275 112.
506 2225 591 2277 Ἐς
643 2225 695 2275 δὲ
753 2225 952 2288 Ῥώμην
1001 2226 1441 2287 ἐξαγγελλομενης
1492 2231 1579 2288 τῆς
1628 2246 1679 2274 τε

270 2301 507 2355 Πίσωνος
533 2301 790 2365 ἀπραξίας
817 2301 901 2350 καὶ
932 2300 1304 2364 Καρχηδονίων
1333 2305 1679 2363 παρασκευῆς,

266 2375 290 2424 ὁ
320 2376 472 2438 δῆμος
507 2377 701 2440 ἤχθετο
741 2376 823 2422 καὶ
861 2374 1098 2424 ἐδεδοίκει
1138 2375 1417 2438 αὐξομένου
1451 2374 1679 2438 πολέμου

266 2469 352 2520 596

140 268 246 299 CAP.

155 310 228 337 XVI

146 2240 252 2270 CAP.

150 2281 244 2309 XVII
