1747 2693
141 255 249 287 CAP.

142 295 238 324 XVII

329 120 620 162 APPIAN'S
660 120 895 162 ROMAN
935 123 1241 175 HISTORY,
1276 126 1454 169 BOOK
1495 127 1609 169 VIII

261 243 490 304 μεγάλου
518 265 571 292 τε
598 244 684 293 καὶ
710 243 1070 294 ἀδιαλλάκτου
1105 249 1191 297 καὶ
1216 249 1456 305 γείτονος·
1497 251 1552 298 οὐ
1577 252 1675 314 γάρ

262 339 376 366 τινα
438 319 680 366 διάλυσιν
741 319 1088 382 προσεδόκων,
1163 323 1365 372 ἄπιστα
1439 324 1674 390 πρότεροι

259 393 615 445 κελεύσαντες.
691 399 790 444 τῶν
828 397 867 444 δ᾽
908 397 966 444 οὐ
1004 397 1104 460 πρὸ
1141 402 1349 447 πολλοῦ
1393 398 1677 454 Σκιπίωνος

259 468 435 532 ἔργων,
476 471 529 519 ἐν
570 472 741 533 Λιβύῃ
783 477 1185 535 χιλιαρχοῦντος
1230 474 1319 528 ἔτι,
1359 475 1683 535 μεμνημένοι,

260 548 347 592 καὶ
393 547 833 610 παραβάλλοντες
880 549 1011 594 αὐτὰ
1057 550 1163 599 τοῖς
1207 554 1451 610 παροῦσι,
1489 554 1589 600 τῶν
1627 574 1678 599 τε

261 619 661 681 ἐπεσταλμένων
703 621 890 682 σφίσιν
936 621 1033 669 ὑπὸ
1079 625 1179 671 τῶν
1223 624 1278 671 ἐκ
1322 624 1679 688 στρατοπέδου

260 694 430 753 φίλων
467 695 555 745 καὶ
586 695 784 744 οἰκείων
821 697 1179 759 ἀναφέροντες,
1208 698 1440 761 ὥρμηντο
1480 699 1679 748 ὕπατον

261 770 309 819 ἐς
350 770 664 835 Καρχηδόνα
705 770 927 835 πέμπειν
967 769 1248 821 Σκιπίωνα.
1324 774 1606 834 ἐνειστήκει
1641 776 1678 823 δ᾽

260 845 590 910 ἀρχαιρέσια,
621 846 707 895 καὶ
735 845 756 895 ὁ
786 846 1014 896 Σκιπίων
1042 848 1123 909 (οὐ
1149 847 1248 911 γάρ
1276 870 1357 900 πω
1388 847 1448 896 δι᾽
1475 849 1679 909 ἡλικίαν

261 921 398 984 αὐτῷ
426 923 753 987 συνεχώρουν
784 921 1055 970 ὑπατεύειν
1074 922 1120 970 οἱ
1145 921 1308 985 νόμοι)
1332 924 1678 987 ἀγορανομίαν

259 996 449 1058 μετῄει,
478 997 563 1044 καὶ
605 997 628 1045 ὁ
672 997 825 1060 δῆμος
853 999 1010 1045 αὐτὸν
1038 1000 1237 1047 ὕπατον
1263 999 1448 1062 ᾑρεῖτο.
1511 1023 1676 1063 παρα-

258 1071 415 1133 νόμου
466 1072 505 1119 δ᾽
556 1072 698 1124 ὄντος
749 1073 834 1120 καὶ
894 1075 992 1121 τῶν
1051 1073 1260 1120 ὑπάτων
1319 1074 1677 1138 προφερόντων

258 1148 436 1199 αὐτοῖς
485 1148 572 1196 τὸν
622 1149 787 1210 νόμον,
829 1150 1111 1210 ἐλιπάρουν
1160 1151 1245 1197 καὶ
1295 1151 1554 1205 ἐνέκειντο,
1595 1152 1678 1199 καὶ

259 1223 608 1287 ἐκεκράγεσαν
634 1224 688 1270 ἐκ
717 1226 816 1271 τῶν
843 1223 1072 1270 Τυλλίου
1104 1223 1189 1272 καὶ
1223 1223 1490 1286 Ῥωμύλου
1518 1223 1679 1287 νόμων

262 1298 349 1346 τὸν
378 1298 535 1360 δῆμον
574 1299 700 1347 εἶναι
740 1299 912 1361 κύριον
950 1302 1048 1346 τῶν
1077 1301 1439 1361 ἀρχαιρεσιῶν,
1467 1302 1554 1347 καὶ
1582 1305 1678 1349 τῶν

260 1374 377 1437 περὶ
403 1375 572 1423 αὐτῶν
610 1373 775 1437 νόμων
813 1375 1035 1438 ἀκυροῦν
1073 1374 1103 1434 ἢ
1141 1379 1328 1437 κυροῦν
1361 1374 1415 1422 ὃν
1441 1374 1677 1425 ἐθέλοιεν.

261 1449 405 1500 τέλος
459 1449 509 1497 δὲ
561 1453 659 1498 τῶν
710 1451 988 1513 δημάρχων
1039 1470 1112 1502 τις
1162 1449 1258 1512 ἔφη
1299 1450 1413 1502 τοὺς
1454 1450 1675 1503 ὑπάτους

260 1524 653 1588 ἀφαιρήσεσθαι
691 1524 784 1586 τὴν
833 1522 1171 1588 χειροτονίαν,
1209 1525 1253 1572 εἰ
1288 1523 1357 1583 μὴ
1409 1524 1675 1573 σύνθοιντο

259 1603 328 1664 τῷ
359 1599 512 1663 δήμῳ.
589 1600 675 1648 καὶ
710 1600 737 1660 ἡ
777 1599 951 1660 βουλὴ
990 1603 1094 1651 τοῖς
1129 1598 1410 1665 δημάρχοις
1447 1599 1675 1649 ἐπείθετο

258 1672 419 1716 λῦσαι
470 1667 556 1716 τὸν
608 1667 760 1730 νόμον
809 1667 953 1716 τόνδε
990 1668 1077 1716 καὶ
1113 1668 1243 1729 μετὰ
1282 1669 1391 1720 ἔτος
1442 1670 1493 1717 ἓν
1532 1670 1675 1720 αὖθις

258 1738 583 1800 ἀναγράψαι,
612 1738 719 1785 οἷόν
745 1757 793 1785 τι
820 1738 906 1785 καὶ
937 1739 1349 1792 Λακεδαιμόνιοι,
1381 1739 1591 1788 λύοντες
1629 1739 1677 1786 ἐν

257 1804 407 1871 χρείᾳ
460 1805 551 1868 τὴν
601 1804 811 1868 ἀτιμίαν
871 1808 970 1854 τῶν
1025 1803 1257 1853 ἁλόντων
1314 1806 1430 1871 περὶ
1481 1805 1673 1862 Πύλον,

258 1875 478 1935 ἔφασαν·
534 1875 878 1936 "κοιμάσθων
929 1873 974 1922 οἱ
1017 1873 1159 1936 νόμοι
1202 1874 1464 1936 τήμερον."
1539 1875 1668 1922 οὕτω

254 1942 346 2006 μὲν
372 1942 395 1991 ὁ
424 1942 652 1993 Σκιπίων
688 1941 1033 2006 ἀγορανομίαν
1070 1942 1253 2004 μετιὼν
1279 1942 1435 2006 ᾕρητο
1463 1942 1674 1997 ὕπατος,

256 2011 342 2059 καὶ
369 2011 525 2060 αὐτὸν
563 2011 586 2059 ὁ
627 2011 885 2076 σύναρχος
923 2014 1153 2075 Δροῦσος
1182 2011 1298 2075 περὶ
1324 2011 1523 2072 Λιβύης
1550 2011 1673 2074 πρὸς

257 2081 413 2128 αὑτὸν
451 2081 650 2127 ἐκέλευε
689 2080 1110 2140 διακληροῦσθαι,
1148 2078 1301 2142 μέχρι
1341 2100 1414 2131 τις
1454 2082 1551 2126 τῶν
1591 2079 1670 2138 δη-

255 2150 470 2215 μάρχων
519 2149 818 2210 ἐσηγήσατο
869 2148 1028 2209 τῆσδε
1077 2152 1165 2209 τῆς
1219 2146 1535 2211 στρατηγίας
1582 2147 1671 2211 τὴν

255 2217 425 2281 κρίσιν
466 2221 555 2266 τοῦ
595 2217 753 2280 δήμου
798 2216 1052 2277 γενέσθαι·
1113 2216 1198 2264 καὶ
1242 2214 1265 2263 ὁ
1309 2215 1460 2278 δῆμος
1505 2214 1669 2264 εἵλετο

255 2286 343 2333 τὸν
387 2286 667 2334 Σκιπίωνα.
743 2284 891 2340 ἐδόθη
936 2285 976 2332 δ᾽
1026 2285 1164 2347 αὐτῷ
1208 2285 1431 2348 στρατὸς
1481 2285 1536 2333 ἐκ
1583 2285 1672 2348 μὲν

255 2354 570 2417 καταλόγου,
632 2355 751 2405 ὅσος
823 2354 882 2415 ἦν
951 2353 1064 2400 ἀντὶ
1127 2355 1227 2401 τῶν
1299 2353 1667 2408 ἀπολωλότων,

260 2447 343 2497 598
