1747 2693
127 274 229 305 CAP.

129 313 222 343 XVII

310 135 604 176 APPIAN'S
645 135 881 176 ROMAN
918 135 1225 185 HISTORY,
1262 135 1441 177 BOOK
1478 135 1593 176 VIII

249 257 521 306 ἐθελοντὰς
559 257 601 305 δ᾽
639 257 780 321 ἄγειν
817 257 969 309 ὅσους
1007 257 1202 306 πείσειε
1233 257 1376 322 παρὰ
1407 261 1506 307 τῶν
1535 281 1656 322 συμ-

246 326 444 387 μάχων,
497 326 581 374 καὶ
625 326 670 378 ἐς
711 326 972 383 βασιλέας
1009 326 1091 374 καὶ
1133 326 1327 388 πόλεις,
1357 327 1482 378 ὅσας
1527 326 1657 373 δοκι-

244 395 442 455 μάσειε,
471 395 706 456 πέμπειν,
737 395 823 443 τὸν
842 395 1104 456 Ῥωμαίων
1131 396 1287 456 δῆμον
1313 399 1425 446 ταῖς
1451 396 1657 443 ἐπιστο-

245 466 362 511 λαῖς
412 462 784 526 ἐπιγράφοντα.
859 464 945 510 καὶ
991 464 1134 511 ἔστιν
1178 463 1261 515 οὓς
1298 463 1493 523 ἔλαβεν
1531 462 1657 511 οὕτω

246 532 392 598 παρά
419 553 472 579 τε
498 531 701 579 πόλεων
726 531 815 580 καὶ
840 531 1124 590 βασιλέων.

321 606 427 647 113.
466 599 530 647 Ὁ
557 601 648 662 μὲν
674 599 731 660 δὴ
768 599 888 647 τάδε
928 599 1315 660 διοικησάμενος
1344 601 1391 652 ἐς
1418 597 1662 649 Σικελίαν

248 669 332 716 καὶ
362 669 465 716 ἀπὸ
504 667 742 719 Σικελίας
782 669 829 719 ἐς
855 667 1056 728 Ἰτύκην
1095 669 1258 717 ἔπλει·
1302 667 1660 734 Καλπούρνιος

248 736 298 784 δὲ
328 736 511 784 Πίσων
548 736 841 801 ἐπολιόρκει
881 737 944 785 τὰ
980 737 1243 799 μεσόγεια,
1271 737 1359 785 καὶ
1396 741 1660 800 Μαγκῖνος

248 806 482 869 ἐφορμῶν
511 805 825 870 Καρχηδόνι,
851 805 1000 871 μέρος
1027 827 1077 855 τι
1103 810 1196 855 τοῦ
1222 806 1422 871 τείχους
1445 806 1661 869 ἀμελού-

247 895 396 933 μενον
434 873 567 929 ἰδών,
607 873 664 922 οὗ
704 874 917 936 κρημνοὶ
959 873 1263 937 προύκειντο
1304 878 1538 940 συνεχεῖς
1579 875 1660 923 καὶ

248 942 521 1002 δύσβατοι,
571 942 655 992 καὶ
712 943 832 1003 παρ᾽
882 942 1008 992 αὐτὸ
1057 943 1117 1004 ἦν
1165 943 1249 992 καὶ
1301 942 1661 1006 ἀμελούμενον,

247 1012 444 1072 ἤλπισε
482 1011 660 1059 λαθὼν
702 1010 960 1073 κλίμακας
995 1010 1224 1060 ἐποίσειν
1264 1011 1348 1060 ἐπὶ
1387 1010 1442 1060 τὸ
1478 1016 1661 1077 τεῖχος.

249 1079 336 1128 καὶ
383 1079 676 1144 προσέθηκε
724 1079 831 1142 μέν,
875 1079 961 1128 καί
1010 1101 1137 1131 τινες
1180 1083 1279 1128 τῶν
1331 1084 1663 1144 στρατιωτῶν

250 1150 475 1210 ἀνῆλθον
513 1150 788 1209 εὐτόλμως·
830 1149 879 1197 οἱ
919 1148 1266 1213 Καρχηδόνιοι
1305 1148 1347 1196 δ᾽
1375 1148 1565 1211 ὀλίγων
1590 1148 1660 1195 ἔτι

251 1219 410 1266 ὄντων
442 1216 948 1281 καταφρονήσαντες,
991 1216 1214 1281 ἀνέῳξαν
1253 1218 1427 1278 πύλην
1464 1218 1513 1269 ἐς
1553 1216 1662 1267 τοὺς

251 1285 502 1349 κρημνοὺς
552 1285 887 1349 ἐκφέρουσαν,
939 1285 1024 1334 καὶ
1074 1286 1159 1335 ἐπὶ
1220 1288 1334 1340 τοὺς
1383 1284 1661 1348 Ῥωμαίους

250 1355 538 1418 ἐξέδραμον.
614 1355 701 1402 καὶ
745 1355 930 1406 αὐτοὺς
972 1355 1021 1403 οἱ
1056 1354 1305 1418 Ῥωμαῖοι
1349 1354 1662 1418 τρεψάμενοί

252 1445 306 1472 τε
355 1424 441 1471 καὶ
491 1422 759 1474 διώκοντες
806 1424 854 1475 ἐς
903 1422 995 1485 τὴν
1042 1422 1199 1472 πόλιν
1244 1423 1325 1470 διὰ
1370 1427 1454 1484 τῆς
1497 1425 1661 1484 πύλης

252 1491 648 1555 συνεσέδραμον.
722 1494 852 1551 βοῆς
896 1491 936 1539 δ᾽
978 1492 1042 1545 ὡς
1091 1492 1176 1540 ἐπὶ
1225 1491 1337 1552 νίκῃ
1380 1491 1662 1552 γενομένης,

251 1562 278 1608 ὅ
316 1582 369 1609 τε
408 1563 676 1624 Μαγκῖνος
722 1559 1054 1624 ἐκφερόμενος
1094 1559 1192 1609 ὑπὸ
1229 1565 1317 1622 τῆς
1357 1559 1550 1621 ἡδονῆς,
1580 1561 1662 1607 καὶ

252 1628 315 1677 τὰ
359 1628 502 1677 ἄλλα
543 1629 706 1694 ταχὺς
747 1629 814 1676 ὢν
857 1630 944 1678 καὶ
985 1627 1282 1695 κουφόνους,
1309 1628 1394 1677 καὶ
1437 1627 1460 1678 ὁ
1507 1627 1664 1680 ἄλλος

249 1700 428 1761 ὅμιλος
456 1698 564 1761 ἅμα
588 1702 658 1762 τῷ
697 1698 969 1762 Μαγκίνῳ,
997 1698 1087 1751 τὰς
1126 1702 1245 1751 ναῦς
1285 1698 1496 1763 ἀφέντες
1533 1698 1582 1749 ἐς
1609 1698 1665 1746 τὸ

252 1771 423 1832 τεῖχος
450 1768 798 1830 ἐβοηδρόμουν
825 1767 1049 1815 ἄνοπλοί
1085 1788 1140 1815 τε
1177 1766 1264 1815 καὶ
1301 1765 1494 1827 γυμνοί.
1570 1765 1662 1827 ἤδη

253 1835 305 1884 δὲ
331 1839 421 1884 τοῦ
450 1837 565 1883 θεοῦ
592 1835 709 1900 περὶ
748 1835 922 1896 δείλην
961 1835 1185 1900 ἑσπέραν
1223 1836 1380 1891 ὄντος,
1407 1834 1592 1900 ἐχυρόν
1618 1856 1664 1883 τι

251 1903 378 1968 πρὸς
410 1908 479 1968 τῷ
515 1903 675 1969 τείχει
721 1903 1115 1965 καταλαβόντες
1152 1905 1435 1968 ἡσύχαζον,
1463 1907 1665 1967 τροφῶν

253 1971 291 2020 δ᾽
331 1973 539 2036 ἀπορῶν
580 1972 603 2020 ὁ
645 1975 913 2035 Μαγκῖνος
956 1973 1135 2021 ἐκάλει
1176 1971 1394 2021 Πίσωνα
1423 1972 1509 2020 καὶ
1552 1971 1666 2024 τοὺς

251 2042 519 2090 Ἰτυκαίων
547 2042 818 2106 ἄρχοντας,
847 2043 1136 2106 ἐπικουρεῖν
1161 2042 1299 2105 αὑτῷ
1328 2039 1664 2087 κινδυνεύοντι

252 2109 337 2158 καὶ
397 2110 591 2174 τροφὰς
640 2109 810 2174 φέρειν
858 2109 995 2158 κατὰ
1044 2109 1293 2171 σπουδήν.
1368 2109 1454 2158 καὶ
1502 2107 1525 2156 ὁ
1576 2108 1664 2171 μὲν

252 2180 468 2241 ἔμελλεν
523 2179 608 2241 ἅμ᾽
662 2179 724 2241 ἕῳ
784 2178 911 2241 πρὸς
968 2181 1069 2227 τῶν
1125 2175 1492 2241 Καρχηδονίων
1546 2177 1662 2241 ἐξω-

254 2247 493 2310 θούμενος
531 2248 578 2299 ἐς
617 2248 734 2300 τοὺς
773 2247 1024 2309 κρημνοὺς
1063 2246 1528 2307 συντριβήσεσθαι.

325 2322 431 2364 114.
471 2313 702 2365 Σκιπίων
730 2314 756 2363 δ
790 2313 1030 2380 ᾿ἑσπέρας
1069 2316 1117 2368 ἐς
1153 2313 1356 2376 Ἰτύκην
1392 2313 1661 2378 κατήγετο,

250 2385 337 2432 καὶ
382 2385 497 2448 περὶ
538 2383 700 2446 μέσας
742 2383 927 2437 νύκτας
969 2384 1196 2449 ἐντυχὼν
1231 2385 1306 2436 οἷς
1340 2385 1364 2432 ὁ
1397 2385 1664 2445 Μαγκῖνος

251 2478 339 2517 600
