1747 2693
163 284 271 318 CAP.

165 324 257 351 XVII

345 146 639 186 APPIAN'S
673 145 910 186 ROMAN
949 144 1256 195 HISTORY,
1293 144 1472 185 BOOK
1512 144 1626 186 VIII

282 268 488 330 ἔγραφε,
540 267 625 313 τόν
676 287 730 313 τε
791 265 1091 327 σαλπικτὴν
1146 265 1379 313 ἐκέλευεν
1426 266 1572 317 εὐθὺς
1611 267 1689 314 ἐπὶ

281 334 512 397 πόλεμον
540 335 701 396 ἠχεῖν,
731 334 816 383 καὶ
857 335 973 386 τοὺς
1017 334 1241 396 κήρυκας
1285 338 1569 396 συγκαλεῖν
1612 336 1693 382 ἐπὶ

281 406 566 452 θάλασσαν
591 405 705 450 ὅσοι
733 404 1160 462 συνεληλύθεσαν
1200 404 1255 465 ἐξ
1284 402 1514 453 Ἰταλίας
1541 403 1693 467 αὐτῷ,

280 473 365 520 καὶ
404 473 521 522 τοὺς
556 473 792 532 ἡβῶντας
819 470 1100 519 Ἰτυκαίων·
1143 470 1259 519 ὅσοι
1297 470 1339 517 δ᾽
1377 470 1694 534 ὑπερήλικες,

281 543 474 604 ἀγορὰν
512 542 559 594 ἐς
599 542 688 592 τὰς
727 541 944 604 τριήρεις
984 539 1306 604 καταφέρειν.
1381 540 1694 604 αἰχμάλωτά

281 631 335 656 τε
364 610 731 673 Καρχηδονίων
770 607 883 655 τινὰ
920 608 1109 663 λύσας,
1137 609 1336 670 ἀφῆκεν
1364 610 1695 670 ἐξαγγέλλειν

282 679 454 727 αὐτοῖς
505 679 744 725 ἐπιπλεῖν
796 673 1079 726 Σκιπίωνα.
1152 675 1200 727 ἔς
1249 697 1303 724 τε
1346 676 1432 723 τὸν
1483 675 1697 725 Πίσωνα

282 747 470 794 ἱππέας
511 747 706 795 ἄλλους
747 744 827 793 ἐπ᾽
865 744 1048 797 ἄλλοις
1087 744 1302 806 ἔπεμπε,
1330 748 1506 793 καλῶν
1542 744 1697 792 αὐτὸν

281 815 416 862 κατὰ
467 815 643 876 τάχος.
718 813 804 861 καὶ
842 813 995 866 αὐτὸς
1034 814 1264 877 ἐσχάτης
1305 818 1544 873 φυλακῆς
1582 815 1698 874 ἀνή-

280 905 415 942 γετο,
468 886 739 936 κελεύσας,
778 881 904 930 ὅταν
953 881 1337 943 πλησιάζωσιν,
1385 881 1565 945 ὀρθοὺς
1614 884 1697 928 ἐπὶ

282 955 382 1000 τῶν
431 953 894 1013 καταστρωμάτων
946 950 1159 999 ἑστάναι
1210 955 1299 998 τοῦ
1349 950 1547 999 πλέονα
1609 950 1698 1010 τὴν

281 1023 409 1085 ὄψιν
459 1023 687 1083 ἐμποιεῖν
737 1022 843 1071 τοῖς
892 1018 1174 1082 πολεμίοις.
1274 1018 1296 1067 ὁ
1341 1019 1431 1077 μὲν
1481 1018 1538 1076 δὴ
1590 1018 1697 1064 τάδ᾽

281 1091 562 1153 ἔπρασσεν,
584 1087 607 1135 ὁ
627 1086 679 1136 δὲ
708 1090 993 1150 Μαγκῖνος,
1013 1086 1097 1150 ἅμ᾽
1121 1088 1183 1152 ἕῳ
1201 1090 1301 1135 τῶν
1331 1086 1697 1152 Καρχηδονίων

281 1158 420 1221 αὐτῷ
470 1157 806 1221 πανταχόθεν
869 1155 1275 1209 ἐπιπιπτόντων,
1324 1157 1697 1206 πεντακοσίους

280 1226 384 1288 μέν,
416 1226 500 1276 οὓς
542 1226 726 1289 μόνους
769 1225 904 1289 εἶχεν
948 1224 1212 1279 ἐνόπλους,
1240 1226 1555 1286 περιέστησε
1594 1228 1698 1276 τοῖς

280 1298 491 1358 γυμνοῖς
531 1292 849 1358 τρισχιλίοις
900 1293 1034 1349 οὖσι,
1080 1292 1487 1355 τιτρωσκόμενος
1538 1292 1588 1340 δὲ
1639 1294 1696 1340 δι᾽

280 1364 481 1410 ἐκείνων
543 1364 630 1410 καὶ
691 1363 1077 1425 συνωθούμενος
1139 1362 1224 1409 ἐπὶ
1275 1361 1332 1411 τὸ
1383 1363 1554 1425 τεῖχος
1603 1360 1698 1421 ἤδη

279 1430 724 1495 κατεκρημνίζετο,
776 1430 862 1478 καὶ
914 1429 969 1478 αἱ
1019 1436 1128 1493 νῆες
1180 1430 1434 1493 ὤφθησαν
1496 1429 1552 1477 αἱ
1611 1434 1698 1477 τοῦ

281 1500 582 1554 Σκιπίωνος,
624 1498 780 1564 ῥοθίῳ
819 1520 873 1547 τε
914 1500 1122 1563 φοβερῷ
1167 1498 1578 1546 καταπλέουσαι
1613 1498 1696 1545 καὶ

281 1569 469 1630 μεσταὶ
497 1568 833 1630 πανταχόθεν
861 1568 1093 1626 ὁπλιτῶν
1133 1568 1456 1630 ἐφεστώτων,
1485 1568 1696 1630 Καρχη-

282 1636 465 1689 δονίοις
490 1636 581 1699 μὲν
619 1636 925 1700 ᾐσθημένοις
966 1636 1048 1684 διὰ
1088 1639 1187 1684 τῶν
1227 1635 1581 1700 αἰχμαλώτων
1606 1636 1695 1684 οὐκ

281 1707 605 1762 ἀνέλπιστοι,
667 1703 938 1766 Ῥωμαίοις
1007 1703 1046 1752 δ᾽
1109 1706 1385 1766 ἀγνοοῦσιν
1447 1702 1695 1764 ἀδόκητον

281 1774 544 1838 σωτηρίαν
572 1774 840 1837 φέρουσαι·
881 1772 1064 1836 μικρὸν
1100 1772 1201 1837 γὰρ
1242 1772 1697 1837 ὑποχωρησάντων

280 1847 379 1892 τῶν
408 1842 798 1907 Καρχηδονίων,
829 1842 851 1890 ὁ
891 1839 1122 1893 Σκιπίων
1160 1841 1276 1893 τοὺς
1314 1840 1694 1894 κινδυνεύοντας

281 1914 330 1964 ἐς
355 1914 514 1963 αὐτὰς
542 1913 818 1968 ἀνέλαβεν.
895 1912 983 1960 καὶ
1009 1913 1284 1972 Μαγκῖνον
1309 1909 1399 1972 μὲν
1426 1910 1473 1962 ἐς
1500 1909 1697 1972 Ῥώμην

280 1981 470 2029 αὐτίκα
498 1981 705 2043 ἔπεμψε
732 1980 841 2042 (καὶ
874 1980 972 2042 γὰρ
1006 1979 1128 2040 ἧκεν
1168 1979 1306 2043 αὐτῷ
1335 1977 1587 2043 Σερρανὸς
1614 1979 1696 2026 ἐπὶ

280 2049 374 2110 τὴν
400 2047 692 2113 ναυαρχίαν
719 2047 999 2112 διάδοχος),
1029 2047 1183 2100 αὐτὸς
1221 2046 1261 2094 δ᾽
1290 2047 1346 2095 οὐ
1382 2048 1584 2108 μακρὰν
1610 2051 1697 2109 τῆς

282 2116 618 2183 Καρχηδόνος
653 2116 1104 2181 ἐστρατοπέδευεν.
1178 2115 1226 2165 οἱ
1256 2115 1306 2165 δὲ
1346 2115 1695 2179 Καρχηδόνιοι

279 2190 382 2235 τῶν
407 2190 595 2250 τειχῶν
623 2185 671 2238 ἐς
696 2185 849 2234 πέντε
888 2184 1131 2237 σταδίους
1167 2182 1506 2247 προελθόντες
1545 2182 1694 2244 ἀντή-

278 2276 456 2318 γειραν
504 2255 643 2318 αὐτῷ
695 2255 924 2318 χάρακα,
966 2253 1054 2301 καὶ
1103 2253 1281 2306 αὐτοῖς
1330 2253 1378 2304 ἐς
1418 2251 1561 2299 τόνδε
1610 2251 1695 2300 τὸν

281 2324 495 2389 χάρακα
545 2320 797 2388 ἀφίκοντο
839 2320 1170 2387 Ἀσδρούβας
1220 2341 1275 2368 τε
1323 2320 1345 2368 ὁ
1391 2324 1480 2383 τῆς
1522 2320 1692 2385 χώρας

281 2390 576 2455 στρατηγὸς
602 2390 690 2439 καὶ
730 2389 920 2441 Βιθύας
949 2388 971 2437 ὁ
1001 2389 1266 2454 ἵππαρχος
1306 2387 1694 2454 ἑξακισχιλίους

279 2484 364 2522 602
