1747 2693
139 286 240 319 CAP.

139 326 232 353 XVII

321 140 613 182 APPIAN'S
653 140 889 182 ROMAN
928 140 1234 191 HISTORY,
1272 141 1449 183 BOOK
1488 141 1603 183 VIII

258 263 437 322 πεζοὺς
464 263 672 322 ἄγοντες
703 262 791 309 καὶ
825 261 1016 314 ἱππέας
1056 262 1102 314 ἐς
1140 260 1361 327 χιλίους,
1388 262 1556 327 χρόνῳ
1583 263 1668 310 καὶ

255 330 445 391 μελέτῃ
473 330 936 391 γεγυμνασμένους.

344 404 465 445 115.
493 397 553 445 Ὁ
607 397 659 446 δὲ
710 397 943 446 Σκιπίων
993 398 1136 446 οὐδὲν
1181 399 1433 460 εὔκοσμον
1474 399 1525 445 ἐν
1570 401 1670 451 τοῖς

257 465 604 529 στρατιώταις
633 465 759 529 ὁρῶν
788 465 900 514 οὐδὲ
929 467 1249 528 τεταγμένον,
1269 465 1388 514 ἀλλ᾽
1416 467 1463 517 ἐς
1486 465 1671 529 ἀργίαν

257 536 340 582 καὶ
382 534 690 596 πλεονεξίαν
729 536 816 582 καὶ
861 534 1102 596 ἁρπαγὰς
1152 534 1251 583 ὑπὸ
1294 538 1385 583 τοῦ
1435 534 1670 584 Πίσωνος

258 605 733 664 ἐπιτετραμμένους,
756 605 889 651 ἄλλο
917 624 972 652 τε
998 604 1200 664 πλῆθος
1227 604 1402 655 αὐτοῖς
1428 602 1672 655 συνόντας

258 673 519 734 ἀγοραῖον,
583 673 632 719 οἳ
689 675 779 732 τῆς
839 674 981 723 λείας
1042 672 1199 737 χάριν
1260 673 1496 734 ἑπόμενοι
1569 675 1671 721 τοῖς

260 740 597 803 θρασυτέροις
625 739 992 803 συνεξέτρεχον
1021 739 1104 788 ἐπὶ
1144 739 1235 792 τὰς
1275 739 1517 803 ἁρπαγὰς
1555 739 1673 788 ἄνευ

258 808 697 872 παραγγέλματος
725 808 878 862 ἰοῦσι,
909 811 998 856 τοῦ
1026 808 1181 870 νόμου
1209 810 1587 872 λιποστράτιον
1625 810 1675 857 ἐν

260 881 363 926 τοῖς
398 880 643 939 πολέμοις
683 876 966 938 ἡγουμένου
1005 876 1093 925 τὸν
1132 876 1512 940 ἀποχωρούντα
1549 898 1671 939 πορ-

257 945 458 1009 ρωτέρω
489 948 786 1006 σάλπιγγος
814 946 984 1005 ἀκοῆς,
1004 945 1105 994 ὅσα
1132 967 1186 993 τε
1212 945 1491 994 πταίσειαν
1518 946 1672 1000 οὗτοι,

257 1015 433 1062 πάντα
479 1015 525 1063 ἐς
567 1013 655 1062 τὸν
696 1013 992 1077 στρατηγὸν
1033 1014 1403 1076 ἀναφερόμενα,
1446 1014 1530 1061 καὶ
1572 1013 1673 1062 ὅσα

259 1083 616 1146 διαρπάσειαν,
671 1082 842 1145 ἑτέρας
904 1082 1062 1146 ἔριδος
1124 1083 1297 1133 αὐτοῖς
1358 1082 1445 1131 καὶ
1504 1086 1672 1130 κακῶν

258 1151 531 1213 γιγνόμενα
592 1151 774 1213 ἀρχάς·
848 1154 1044 1199 πολλοὶ
1093 1151 1192 1212 γὰρ
1253 1151 1339 1200 καὶ
1401 1151 1673 1212 συσκήνων

259 1219 609 1284 κατεφρόνουν
636 1219 718 1266 διὰ
747 1219 808 1266 τὰ
838 1219 1003 1283 κέρδη,
1032 1219 1118 1268 καὶ
1145 1221 1193 1272 ἐς
1221 1219 1437 1282 ἀνόμους
1461 1219 1674 1283 πληγὰς

260 1290 346 1336 καὶ
409 1287 682 1350 τραύματα
744 1287 829 1335 καὶ
891 1287 1226 1351 ἀνδροφονίας
1293 1288 1534 1353 ἐχώρουν.
1609 1287 1673 1335 ὧν

263 1357 565 1416 αἰσθόμενος
594 1354 617 1403 ὁ
647 1353 892 1411 Σκιπίων,
916 1356 998 1404 καὶ
1028 1357 1250 1417 ἐλπίζων
1276 1357 1465 1405 οὔποτε
1490 1358 1674 1419 κρατή-

262 1447 370 1472 σειν
414 1428 515 1472 τῶν
564 1424 824 1487 πολεμίων
865 1425 907 1473 εἰ
948 1424 1018 1486 μὴ
1063 1428 1164 1474 τῶν
1206 1424 1343 1473 ἰδίων
1383 1424 1673 1487 κρατήσειε,

262 1493 551 1556 συνήγαγεν
601 1494 647 1546 ἐς
699 1493 984 1554 ἐκκλησίαν
1033 1493 1235 1550 αὐτούς,
1276 1494 1365 1543 καὶ
1405 1495 1488 1542 ἐπὶ
1528 1495 1671 1556 βῆμα

264 1561 473 1627 ὑψηλὸν
501 1562 700 1620 ἀναβὰς
729 1561 1021 1625 ἐπέπληξεν
1054 1561 1161 1609 ὧδε.

335 1637 450 1678 116.
485 1629 670 1693 "Ἐγὼ
696 1630 805 1693 μεθ᾽
835 1632 986 1693 ὑμῶν,
1015 1631 1050 1679 ὦ
1079 1630 1270 1693 ἄνδρες,
1298 1631 1399 1680 ὑπὸ
1432 1632 1677 1696 Μανιλίῳ

263 1701 542 1762 στρατηγῷ
571 1698 893 1762 ταττόμενος,
914 1704 1002 1760 τῆς
1021 1699 1305 1752 εὐπειθείας
1332 1700 1382 1748 ἐν
1411 1700 1525 1760 ὑμῖν
1549 1699 1675 1763 μάρ-

263 1789 413 1816 τυσιν
439 1769 604 1815 ἔδωκα
630 1772 827 1829 πεῖραν,
849 1767 911 1828 ἣν
938 1774 1023 1816 νῦν
1053 1769 1181 1829 ὑμᾶς
1205 1767 1331 1816 αἰτῶ
1353 1771 1675 1829 στρατηγῶν,

263 1838 492 1884 κολάσαι
551 1835 641 1896 μὲν
704 1837 751 1889 ἐς
812 1836 1042 1900 ἔσχατον
1091 1836 1224 1900 ἔχων
1274 1835 1515 1897 ἐξουσίαν
1562 1835 1678 1889 τοὺς

264 1907 620 1958 ἀπειθοῦντας,
645 1904 902 1969 ὠφέλιμον
921 1905 961 1952 δ᾽
979 1906 1253 1968 ἡγούμενος
1272 1908 1675 1969 προαγορεῦσαι.

265 1976 379 2021 ἴστε
406 1976 457 2021 δὲ
484 1976 514 2020 ἃ
541 1975 814 2037 πράττετε·
855 1974 943 2021 καὶ
969 1973 1018 2021 τί
1042 1995 1103 2037 με
1132 1974 1205 2022 δεῖ
1230 1975 1402 2035 λέγειν
1428 1977 1458 2020 ἃ
1486 1977 1674 2039 αἰσχύ-

264 2063 436 2105 νομαι;
501 2043 780 2105 λῃστεύετε
851 2045 1058 2104 μᾶλλον
1129 2043 1157 2103 ἢ
1232 2045 1521 2103 πολεμεῖτε,
1591 2043 1677 2090 καὶ

263 2110 667 2175 διαδιδράσκετε,
697 2111 754 2157 οὐ
780 2110 1235 2175 στρατοπεδεύετε·
1276 2110 1363 2159 καὶ
1395 2110 1673 2175 πανηγυρί-

266 2182 440 2239 ζουσιν
468 2177 568 2228 ὑπὸ
595 2182 694 2226 τῶν
722 2178 927 2242 κερδῶν,
955 2180 1011 2228 οὐ
1050 2182 1421 2242 πολιορκοῦσιν
1459 2177 1672 2227 ἐοίκατε·

265 2247 348 2294 καὶ
393 2250 591 2311 τρυφᾶν
632 2247 834 2295 ἐθέλετε
875 2250 1221 2309 πολεμοῦντες
1266 2248 1352 2302 ἔτι,
1384 2247 1441 2295 οὐ
1485 2268 1675 2308 νενικη-

265 2316 420 2366 κότες.
495 2316 758 2378 τοιγάρτοι
798 2316 862 2363 τὰ
908 2318 1006 2364 τῶν
1049 2314 1310 2377 πολεμίων
1351 2317 1407 2378 ἐξ
1445 2314 1675 2364 ἀέλπτου

265 2383 347 2430 καὶ
386 2383 628 2449 βραχέος,
658 2383 713 2431 οὗ
757 2383 1056 2440 κατέλιπον,
1097 2385 1146 2436 ἐς
1172 2388 1419 2433 τοσοῦτον
1459 2385 1671 2448 ἐπῇρται

265 2477 353 2525 604
