1747 2693
344 148 638 189 APPIAN'S
677 149 912 190 ROMAN
952 149 1258 201 HISTORY,
1298 151 1472 194 BOOK
1512 153 1626 194 VIII

282 272 552 331 δυνάμεως,
598 273 686 321 καὶ
726 274 845 334 ἡμῖν
885 274 907 319 ὁ
955 275 1108 326 πόνος
1159 275 1212 321 ἐκ
1263 276 1419 334 τῆσδε
1469 280 1555 336 τῆς
1606 278 1687 344 ῥᾳ-

281 341 477 401 στώνης
504 341 682 401 γέγονε
708 341 1090 403 χαλεπώτερος.
1164 342 1255 392 τὰς
1284 342 1321 389 δ᾽
1345 342 1511 395 αἰτίας
1538 344 1582 393 εἰ
1606 346 1692 406 μὲν

279 410 329 456 ἐν
371 410 485 470 ὑμῖν
523 411 682 460 οὔσας
721 409 902 470 ἑώρων,
930 409 1075 462 εὐθὺς
1112 410 1172 458 ἂν
1211 412 1467 470 ἐκόλαζον·
1509 413 1619 461 ἐπεὶ
1656 413 1692 461 δ᾽

280 477 557 538 ἀνατίθημι
584 477 751 542 ἑτέρῳ,
780 481 867 526 νῦν
902 479 992 539 μὲν
1032 479 1160 542 ὑμᾶς
1198 480 1406 543 ἀφίημι
1421 484 1520 529 τῶν
1546 481 1695 545 μέχρι

280 549 365 594 νῦν
413 548 716 607 γεγονότων.
811 547 917 606 ἥκω
969 546 1020 594 δὲ
1071 548 1127 594 οὐ
1176 549 1484 610 λῃστεύσων
1536 549 1692 612 ἔγωγε

280 614 422 660 ἀλλὰ
483 614 723 674 νικήσων,
786 615 897 663 οὐδὲ
958 616 1399 678 χρηματιούμενος
1447 616 1546 679 πρὸ
1608 622 1694 679 τῆς

280 682 436 743 νίκης,
466 683 609 730 ἀλλὰ
637 683 753 734 τοὺς
791 684 1008 747 ἐχθροὺς
1045 688 1249 748 πρῶτον
1284 685 1694 748 ἐξεργασόμενος.

281 750 433 799 ἄπιτε
471 751 662 802 πάντες
698 752 753 799 ἐκ
793 755 884 799 τοῦ
925 752 1280 816 στρατοπέδου
1322 754 1554 817 τήμερον,
1583 755 1696 803 ὅσοι

278 819 349 882 μὴ
375 819 738 882 στρατεύεσθε,
765 821 923 883 χωρὶς
963 824 1063 867 τῶν
1091 822 1585 884 ἐπιτραπησομένων
1613 824 1696 872 ὑπ᾽

280 889 401 950 ἐμοῦ
449 888 632 950 μένειν.
727 892 833 940 τοῖς
883 888 923 936 δ᾽
974 890 1198 950 ἐξιοῦσιν
1247 891 1345 938 οὐδ᾽
1397 892 1696 940 ἐπανελθεῖν

280 956 474 1019 δίδωμι,
524 956 666 1017 πλὴν
715 957 762 1006 εἴ
808 978 882 1009 τις
931 957 1125 1019 ἀγορὰν
1175 957 1334 1016 φέροι,
1375 960 1459 1007 καὶ
1509 959 1696 1018 ταύτην

279 1026 661 1089 στρατιωτικήν
688 1046 742 1074 τε
770 1026 855 1073 καὶ
883 1027 1067 1086 ψιλήν.
1132 1026 1281 1076 ἔσται
1309 1026 1358 1076 δὲ
1387 1028 1472 1077 καὶ
1500 1028 1693 1081 τούτοις

279 1093 463 1160 χρόνος
500 1095 777 1157 ὡρισμένος
808 1096 858 1142 ἐν
896 1096 934 1157 ᾧ
972 1097 1035 1142 τὰ
1072 1097 1195 1142 ὄντα
1234 1098 1585 1155 διαθήσονται,
1612 1100 1695 1147 καὶ

280 1166 367 1224 τῆς
412 1162 655 1224 πράσεως
697 1164 865 1211 αὐτῶν
909 1164 1007 1223 ἐγὼ
1039 1165 1124 1211 καὶ
1167 1165 1188 1211 ὁ
1230 1166 1416 1225 ταμίας
1454 1167 1694 1225 ἐπιμελη-

279 1231 493 1294 σόμεθα.
570 1232 653 1278 καὶ
698 1232 819 1279 τάδε
878 1233 969 1293 μὲν
1017 1233 1237 1295 εἰρήσθω
1283 1237 1387 1285 τοῖς
1426 1239 1708 1295 περιττοῖς,

280 1301 396 1363 ὑμῖν
422 1300 471 1347 δὲ
507 1303 613 1352 τοῖς
640 1300 1059 1363 ἐστρατευμένοις
1099 1301 1148 1349 ἓν
1187 1302 1319 1349 ἔστω
1348 1302 1696 1366 παράγγελμα

281 1367 447 1415 κοινὸν
474 1368 556 1416 ἐπὶ
585 1372 750 1417 πᾶσιν
788 1369 954 1431 ἔργοις
983 1369 1006 1417 ὁ
1034 1370 1150 1430 ἐμὸς
1188 1370 1375 1433 τρόπος
1404 1378 1488 1419 καὶ
1527 1372 1694 1424 πόνος·

279 1435 407 1501 πρὸς
451 1436 549 1500 γὰρ
593 1435 706 1485 τόδε
744 1438 1164 1489 κατευθεύνοντες
1202 1439 1386 1491 αὑτοὺς
1425 1439 1539 1488 οὔτε
1576 1462 1709 1501 προ-

281 1505 463 1569 θυμίας
523 1506 891 1568 ἁμαρτήσεσθε
951 1507 1065 1554 οὔτε
1116 1507 1328 1573 χάριτος
1388 1509 1695 1573 ἀτυχήσετε.

280 1573 381 1639 χρὴ
410 1574 460 1622 δὲ
498 1577 586 1622 νῦν
624 1574 716 1637 μὲν
756 1578 946 1629 πονεῖν,
974 1576 1024 1622 ἐν
1066 1573 1105 1639 ᾧ
1150 1576 1516 1633 κινδυνεύομεν,
1546 1578 1608 1625 τὰ
1648 1578 1697 1626 δὲ

282 1642 431 1706 κέρδη
483 1642 568 1690 καὶ
619 1642 710 1704 τὴν
760 1643 958 1705 τρυφὴν
995 1645 1043 1696 ἐς
1092 1644 1179 1692 τὸν
1218 1645 1485 1706 πρέποντα
1524 1646 1697 1708 καιρὸν

281 1711 583 1758 ἀναθέσθαι.
658 1711 802 1759 ταῦτ᾽
841 1712 940 1773 ἐγὼ
976 1712 1303 1773 προστάσσω
1341 1716 1427 1762 καὶ
1467 1713 1489 1761 ὁ
1536 1713 1706 1776 νόμος,

281 1779 368 1828 καὶ
418 1783 522 1829 τοῖς
581 1779 672 1842 μὲν
732 1781 981 1833 εὐπειθῶς
1040 1783 1253 1846 ἔχουσιν
1303 1784 1433 1830 οἴσει
1493 1785 1696 1841 πολλὴν

282 1849 492 1899 ἀγαθῶν
530 1849 772 1910 ἀμοιβήν,
813 1852 919 1901 τοῖς
954 1848 994 1897 δ᾽
1033 1851 1308 1898 ἀπειθοῦσι
1346 1851 1663 1912 μετάνοιαν."

913 2066 1085 2111 XVIII

359 2195 464 2238 117.
503 2189 566 2238 Ὁ
603 2189 695 2252 μὲν
733 2189 794 2247 δὴ
832 2187 1062 2239 Σκιπίων
1102 2189 1246 2237 ταῦτ᾽
1282 2189 1404 2244 εἶπε,
1435 2193 1519 2238 καὶ
1557 2193 1698 2243 εὐθὺς

285 2260 554 2320 ἀπήλαυνε
598 2257 654 2305 τὸ
705 2258 906 2318 πλῆθος
951 2259 1146 2320 ἀνδρῶν
1196 2260 1431 2321 ἀχρείων,
1478 2261 1561 2308 καὶ
1606 2264 1689 2308 σὺν

284 2327 458 2376 αὐτοῖς
492 2327 593 2374 ὅσα
630 2326 845 2388 περιττὰ
888 2327 972 2374 καὶ
1009 2327 1206 2388 μάταια
1246 2328 1331 2373 καὶ
1370 2329 1596 2388 τρυφερὰ
1622 2330 1714 2383 ἦν.

282 2396 512 2457 καθαροῦ
540 2394 588 2441 δὲ
628 2397 719 2443 τοῦ
746 2398 973 2455 στρατοῦ
1011 2394 1279 2452 γενομένου
1318 2396 1399 2443 καὶ
1441 2396 1695 2449 περιδεοῦς

281 2482 369 2526 606

159 284 264 318 CAP.

161 325 254 352 XVII

165 2195 261 2225 CAP.

149 2236 261 2264 XVIII
