1747 2693
144 278 240 307 CAP.

138 318 257 354 XVIII

332 144 630 189 APPIAN'S
670 144 906 191 ROMAN
946 144 1253 197 HISTORY,
1288 145 1469 198 BOOK
1506 144 1630 192 VIII

276 266 359 323 καὶ
387 268 434 318 ἐς
460 266 524 316 τὰ
552 266 1021 330 παραγγελλόμενα
1059 266 1213 329 ὀξέος,
1243 265 1555 330 ἀπεπείραζε
1591 270 1688 316 τῶν

275 345 603 410 καλουμένων
631 345 892 410 Μεγάρων
918 344 1097 398 νυκτὸς
1116 349 1234 408 μιᾶς
1263 345 1382 410 διχῇ
1401 344 1686 394 λανθάνων.

272 423 461 490 χωρίον
489 423 530 472 δ᾽
559 424 700 472 ἐστὶν
730 423 994 488 εὐμέγεθες
1016 425 1066 473 ἐν
1093 428 1155 489 τῇ
1181 423 1333 473 πόλει
1360 422 1424 473 τὰ
1451 422 1688 488 Μέγαρα,

272 505 342 564 τῷ
390 498 551 564 τείχει
601 500 1023 564 παρεζευγμένον·
1071 501 1120 552 ἐς
1169 498 1193 548 ὃ
1244 503 1304 562 τῇ
1353 499 1444 563 μὲν
1495 498 1689 564 ἑτέρους

272 574 606 639 περιέπεμπε,
629 578 689 639 τῇ
720 574 759 621 δ᾽
786 574 941 627 αὐτὸς
968 574 1063 622 σὺν
1091 573 1337 622 πελέκεσι
1365 574 1451 623 καὶ
1479 574 1690 636 κλίμαξι

275 651 360 699 καὶ
401 653 622 716 μοχλοῖς
663 651 870 709 ἐβάδιζε
912 650 1153 701 σταδιους
1198 650 1393 698 εἴκοσιν
1433 647 1688 714 ἀψοφητί,

270 725 400 788 μετὰ
457 730 607 787 σιγῆς
655 722 976 784 βαθυτάτης.
1051 723 1343 786 αἰσθήσεως
1392 723 1432 771 δ᾽
1483 722 1688 781 ἄνωθεν,

271 803 355 848 ὅτε
426 801 643 861 μάλιστ᾽
715 798 1015 861 ἐπλησίαζε,
1084 799 1171 847 καὶ
1241 800 1372 859 βοῆς
1432 799 1536 847 ἀπὸ
1593 803 1691 847 τῶν

273 879 459 941 τειχῶν
499 873 785 937 γενομένης,
837 872 1156 935 ἀντεβόησεν
1205 874 1358 925 αὐτός
1402 894 1457 922 τε
1493 877 1690 938 πρῶτος

273 951 357 999 καὶ
386 951 407 999 ὁ
438 951 660 1013 στρατὸς
692 950 851 998 αὐτοῦ
879 949 967 997 καὶ
993 949 1041 998 οἱ
1077 949 1161 998 ἐπὶ
1189 949 1383 1013 θάτερα
1422 949 1668 997 ἀπεσταλ

273 1026 411 1087 μένοι
461 1024 723 1085 μέγιστον,
776 1025 840 1076 ὡς
890 1024 1017 1088 τῷδε
1068 1024 1253 1089 πρώτῳ
1306 1025 1422 1075 τοὺς
1475 1026 1687 1089 Καρχη-

273 1099 468 1152 δονίους
543 1103 965 1161 καταπλαγῆναι,
1028 1099 1293 1149 τοσούτων
1366 1101 1566 1165 ἐχθρῶν
1642 1101 1700 1154 ἐν

271 1179 520 1238 πλευραῖς
572 1175 713 1238 ἄφνω
754 1173 933 1225 νυκτὸς
972 1173 1356 1237 ἐπιγενομένων.
1434 1174 1567 1222 κατὰ
1604 1174 1692 1238 μὲν

273 1252 359 1300 οὖν
398 1252 454 1300 τὸ
494 1254 664 1314 τεῖχος
703 1248 860 1303 οὐδέν,
888 1249 1077 1312 καίπερ
1116 1250 1406 1314 ἐπιχειρῶν,
1445 1250 1606 1309 ἤνυεν,
1645 1250 1692 1301 ἐς

274 1325 326 1374 δέ
363 1347 497 1376 τινος
536 1324 741 1372 ἰδιώτου
780 1324 977 1387 πύργον
1017 1325 1218 1386 ἔρημον,
1251 1326 1395 1376 ἐκτὸς
1438 1327 1560 1372 ὄντα
1603 1328 1697 1376 τοῦ

273 1401 475 1468 τείχους
504 1401 589 1449 καὶ
617 1401 673 1448 τὸ
702 1400 837 1464 ὕψος
869 1400 983 1449 ἴσον
1020 1399 1145 1447 ὄντα
1181 1403 1251 1464 τῷ
1292 1398 1467 1466 τείχει,
1496 1398 1691 1450 νεανίας

272 1477 596 1537 ἀνεβίβασεν
636 1473 931 1537 εὐτόλμους,
970 1474 1020 1522 οἳ
1056 1473 1173 1527 τοὺς
1223 1475 1307 1522 ἐπὶ
1359 1478 1459 1523 τῶν
1508 1478 1691 1540 τειχῶν

273 1552 526 1601 ἀκοντίοις
565 1550 895 1604 ἀνέστελλον,
925 1548 1059 1608 ξύλα
1096 1569 1150 1597 τε
1188 1549 1273 1597 καὶ
1311 1549 1524 1601 σανίδας
1563 1549 1611 1602 ἐς
1637 1549 1689 1598 τὸ

274 1628 536 1687 διάστημα
563 1625 821 1677 ἐπιθέντες
848 1625 934 1672 καὶ
962 1625 1021 1672 δι᾽
1051 1624 1220 1673 αὐτῶν
1247 1625 1295 1676 ἐς
1323 1624 1386 1672 τὰ
1415 1623 1560 1690 τείχη
1589 1624 1692 1672 δια-

273 1701 546 1765 δραμόντες
577 1701 876 1762 καθήλαντο
915 1700 961 1753 ἐς
1000 1700 1063 1747 τὰ
1102 1698 1341 1764 Μέγαρα,
1378 1699 1464 1748 καὶ
1500 1698 1689 1749 πυλίδα

273 1776 536 1841 κόψαντες
564 1775 800 1840 ἐδέχοντο
823 1774 910 1823 τὸν
936 1773 1217 1825 Σκιπίωνα.
1259 1773 1281 1822 ὁ
1311 1774 1363 1822 δὲ
1388 1775 1581 1836 ἐσῆλθε
1603 1774 1691 1838 μὲν

274 1852 376 1905 σὺν
388 1852 605 1915 ἀνδράσι
628 1849 1085 1915 τετρακισχιλίοις,
1106 1851 1191 1899 καὶ
1218 1854 1356 1913 φυγη
1384 1854 1569 1915 ταχεῖα
1595 1854 1700 1901 τῶν

268 1925 648 1992 Καρχηδονίων
698 1927 744 1978 ἐς
795 1925 889 1986 τὴν
938 1925 1149 1987 Βύρσαν
1191 1926 1252 1987 ἦν
1292 1927 1357 1978 ὡς
1396 1930 1485 1987 τῆς
1529 1925 1691 1987 ἄλλης

275 2002 473 2054 πόλεως
515 2002 761 2057 ἁλούσης.
835 2001 938 2058 βοή
978 2021 1033 2049 τε
1076 2000 1302 2059 ἐγίγνετο
1352 1999 1564 2060 ποικίλη
1610 2002 1691 2049 καὶ

274 2082 423 2126 τινῶν
453 2075 797 2143 αἰχμαλωσία
836 2075 922 2125 καὶ
960 2075 1199 2139 θόρυβος,
1229 2076 1292 2127 ὡς
1331 2075 1417 2124 καὶ
1444 2075 1559 2128 τοὺς
1598 2077 1689 2138 ἔξω

274 2152 781 2217 στρατοπεδεύοντας
831 2153 1060 2199 ἐκλιπεῖν
1099 2150 1154 2198 τὸ
1193 2150 1484 2213 χαράκωμα
1524 2151 1609 2201 καὶ
1647 2153 1692 2203 ἐς

276 2227 367 2289 τὴν
406 2228 619 2289 Βύρσαν
657 2225 782 2289 ὁμοῦ
818 2231 924 2279 τοῖς
962 2225 1145 2277 ἄλλοις
1183 2225 1505 2289 ἀναδραμεῖν.
1579 2225 1602 2274 ὁ
1642 2226 1689 2274 δὲ

276 2304 505 2354 Σκιπίων
532 2304 611 2364 (τὸ
638 2303 735 2365 γὰρ
763 2300 969 2366 χωρίον,
992 2300 1055 2349 τὰ
1083 2301 1322 2365 Μέγαρα,
1349 2300 1688 2365 ἐλαχανεύετο

277 2380 362 2424 καὶ
425 2381 601 2442 φυτῶν
662 2377 857 2439 ὡραίων
919 2375 1108 2437 ἔγεμεν,
1161 2375 1431 2436 αἱμασιαῖς
1491 2395 1547 2423 τε
1605 2376 1687 2422 καὶ

277 2471 365 2511 608
