1747 2693
125 270 219 298 CAP.

121 309 229 337 XVIII

317 133 609 175 APPIAN'S
649 133 884 174 ROMAN
923 133 1232 186 HISTORY,
1267 133 1447 175 BOOK
1486 130 1609 174 VIII

253 255 480 318 θριγκοῖς
522 254 691 311 βάτου
733 255 818 302 καὶ
864 255 1029 315 ἄλλης
1069 255 1294 316 ἀκάνθης
1339 255 1423 303 καὶ
1469 257 1662 321 ὀχετοῖς

252 323 442 380 βαθέος
482 323 664 375 ὕδατος
711 323 970 373 ποικίλοις
1013 343 1068 371 τε
1117 323 1203 372 καὶ
1240 328 1471 374 σκολιοῖς
1511 326 1664 372 κατά-

255 398 428 439 πλεων
475 393 558 452 ἦν̓)
620 391 782 439 ἔδεισε
829 391 897 452 μὴ
951 391 1153 449 ἄβατον
1202 391 1289 440 καὶ
1339 391 1588 458 δυσχερὲς
1634 392 1662 456 ᾖ

251 463 459 523 στρατῷ
508 460 742 507 διώκοντι
794 460 845 507 ἐν
896 459 1132 526 ἀγνωσίᾳ
1184 460 1422 520 μάλιστα
1471 460 1663 518 διόδων,

250 529 341 574 καί
363 549 439 575 τις
465 529 516 576 ἐν
543 529 686 576 νυκτὶ
714 528 888 591 ἐνέδρα
914 528 1127 589 γένοιτο.
1201 530 1495 591 ἀνεζευγνυε
1521 529 1594 591 δή.

323 595 434 643 [118]
476 598 580 644 καὶ
618 597 889 658 γενομένης
915 596 1102 659 ἡμέρας
1130 596 1152 645 ὁ
1179 595 1528 659 Ἀσδρούβας,
1565 619 1662 662 χα-

251 668 424 714 λεπῶς
450 665 585 728 ἔχων
612 670 700 727 τῆς
728 665 775 716 ἐς
801 666 867 712 τὰ
895 666 1118 728 Μέγαρα
1145 666 1534 729 ἐπιχειρήσεως,
1564 668 1662 715 ὅσα

250 732 516 794 Ῥωμαίων
544 733 681 795 εἶχεν
704 734 1033 796 αἰχμάλωτα,
1054 734 1141 782 ἐπὶ
1162 734 1219 783 τὸ
1243 737 1414 799 τεῖχος
1437 735 1660 794 ἀγαγών,

251 802 367 848 ὅθεν
415 802 713 850 εὐσύνοπτα
762 801 1030 864 Ῥωμαίοις
1082 802 1267 865 ἔμελλε
1317 803 1383 851 τὰ
1432 803 1660 867 δρώμενα

254 870 485 922 ἔσεσθαι,
514 873 614 918 τῶν
651 870 742 933 μὲν
782 870 1083 933 ὀφθαλμοὺς
1119 870 1150 933 ἢ
1188 870 1427 933 γλώττας
1453 873 1483 932 ἢ
1513 875 1660 933 νεῦρα

251 939 279 998 ἢ
332 939 500 987 αἰδοῖα
551 938 799 999 σιδηρίοις
850 940 1049 1000 ἐξεῖλκε
1110 940 1419 1000 καμπύλοις,
1471 942 1570 989 τῶν
1621 940 1658 989 δ᾽

253 1007 498 1070 ὑπέτεμνε
530 1006 594 1055 τὰ
627 1007 873 1070 πέλματα
910 1008 999 1056 καὶ
1037 1008 1153 1061 τοὺς
1180 1008 1469 1059 δακτύλους
1495 1009 1657 1071 ἐξέκο-

252 1096 393 1131 πτεν,
416 1075 447 1136 ἢ
469 1075 523 1122 τὸ
546 1075 704 1139 δέρμα
725 1079 817 1124 τοῦ
836 1079 1025 1125 λοιποῦ
1053 1078 1291 1136 σώματος
1319 1079 1553 1132 ἀπέσπα,
1573 1080 1659 1126 καὶ

249 1144 451 1193 πάντας
497 1144 717 1205 ἔμπνους
759 1144 832 1192 ἔτι
875 1145 1286 1206 κατεκρήμνιζεν,
1327 1145 1658 1194 ἀδιάλλακτα

250 1216 354 1263 τοῖς
384 1212 758 1277 Καρχηδονίοις
789 1212 851 1259 τὰ
879 1214 926 1266 ἐς
951 1212 1235 1276 Ῥωμαίους
1269 1213 1499 1263 ἐπινοῶν.
1575 1222 1659 1263 καὶ

251 1280 276 1327 ὁ
302 1281 391 1341 μὲν
419 1281 605 1333 αὐτοὺς
632 1282 790 1333 οὕτως
818 1282 1015 1343 ἠρέθιζε
1042 1283 1133 1342 τὴν
1160 1284 1423 1345 σωτηρίαν
1448 1284 1585 1347 ἔχειν
1611 1284 1658 1331 ἐν

250 1348 375 1409 μόνῃ
404 1353 463 1413 τῇ
490 1351 652 1412 μάχῃ,
680 1348 928 1413 περιέστη
951 1349 991 1398 δ᾽
1010 1351 1148 1414 αὐτῷ
1177 1350 1224 1402 ἐς
1252 1350 1309 1399 τὸ
1337 1351 1567 1400 ἐναντίον
1594 1352 1660 1399 ὧν

250 1417 459 1466 ἐπενόει.
489 1418 588 1466 ὑπὸ
614 1418 714 1481 γὰρ
740 1419 1029 1471 συνειδότος
1057 1419 1104 1467 οἱ
1132 1420 1481 1483 Καρχηδόνιοι
1506 1420 1660 1468 τῶνδε

251 1489 352 1535 τῶν
393 1487 684 1549 ἀθεμίστων
729 1487 887 1551 ἔργων
928 1488 1175 1551 περιδεεῖς
1216 1488 1331 1535 ἀντὶ
1381 1488 1659 1551 προθύμων

251 1555 528 1618 ἐγίγνοντο,
566 1558 648 1603 καὶ
695 1555 782 1604 τὸν
807 1555 1137 1619 Ἀσδρούβαν
1181 1557 1243 1608 ὡς
1283 1555 1370 1605 καὶ
1409 1555 1499 1618 τὴν
1537 1580 1659 1620 συγ-

251 1624 455 1685 γνώμην
481 1627 630 1687 σφῶν
657 1625 980 1688 ἀφῃρημένον
1007 1626 1234 1687 ἐμίσουν·
1276 1627 1362 1674 καὶ
1388 1627 1603 1687 μάλισθ᾽
1631 1629 1657 1686 ἡ

249 1692 422 1752 βουλὴ
473 1694 631 1741 αὐτοῦ
680 1694 910 1752 κατεβόα
959 1695 1023 1745 ὡς
1075 1695 1186 1756 ὠμὰ
1229 1696 1315 1742 καὶ
1356 1696 1661 1759 ὑπερήφανα

251 1761 552 1825 δεδρακότος
580 1762 631 1810 ἐν
657 1764 950 1825 συμφοραῖς
977 1761 1184 1813 οἰκείαις
1215 1761 1482 1811 τοσαῖσδε.
1558 1761 1580 1811 ὁ
1609 1763 1658 1811 δὲ

251 1830 338 1878 καὶ
373 1832 473 1877 τῶν
510 1831 810 1889 βουλευτῶν
850 1830 989 1881 τινὰς
1026 1831 1213 1878 ἔκτεινε
1252 1832 1660 1891 συλλαμβάνων,

251 1899 339 1946 καὶ
401 1899 448 1947 ἐς
508 1898 683 1946 πάντα
745 1898 813 1946 ὢν
861 1898 954 1959 ἤδη
1006 1899 1239 1962 περιδεὴς
1290 1901 1339 1953 ἐς
1389 1899 1658 1962 τυραννίδα

249 1970 455 2028 μᾶλλον
480 1966 509 2028 ἢ
539 1965 862 2029 στρατηγίαν
887 1968 1183 2030 περιῆλθεν,
1211 1968 1275 2019 ὡς
1302 1969 1352 2017 ἐν
1378 1968 1505 2031 τῷδε
1528 1968 1660 2033 μόνῳ

250 2035 308 2082 τὸ
355 2035 594 2100 ἀσφαλὲς
637 2036 778 2097 ἕξων,
820 2035 859 2082 εἰ
901 2035 1123 2098 φοβερὸς
1156 2036 1332 2088 αὐτοῖς
1367 2038 1443 2095 εἴη
1481 2037 1565 2085 καὶ
1603 2035 1660 2084 δι᾽

251 2102 378 2152 αὐτὸ
408 2104 493 2151 καὶ
521 2102 963 2168 δυσεπιχείρητος.

324 2177 435 2220 119.
473 2171 535 2219 Ὁ
566 2171 617 2220 δὲ
635 2172 866 2221 Σκιπίων
885 2172 969 2220 τὸν
989 2173 1080 2234 μὲν
1098 2173 1310 2237 χάρακα
1328 2176 1425 2222 τῶν
1448 2174 1660 2238 ἐχθρῶν,

252 2239 306 2287 ὃν
337 2243 399 2303 τῇ
437 2242 665 2306 προτέρᾳ
704 2243 1152 2288 κατελελοίπεσαν
1188 2244 1236 2290 ἐς
1268 2244 1323 2289 τὸ
1364 2244 1499 2289 ἄστυ
1540 2245 1660 2305 φεύ-

251 2329 440 2367 γοντες,
484 2308 777 2372 ἐνέπρησεν,
823 2310 948 2357 ὅλου
998 2310 1049 2356 δὲ
1100 2313 1189 2357 τοῦ
1235 2310 1423 2369 ἰσθμοῦ
1465 2313 1663 2372 κρατῶν

252 2377 579 2439 διετάφρευεν
624 2377 778 2424 αὐτὸν
820 2379 874 2422 ἐκ
915 2378 1194 2435 θαλάσσης
1236 2378 1320 2425 ἐπὶ
1359 2377 1659 2434 θάλασσαν,

248 2469 337 2508 610
