1747 2693
120 256 212 285 CAP.

114 296 222 323 XVIII

310 122 602 163 APPIAN'S
643 121 877 163 ROMAN
918 121 1223 174 HISTORY,
1258 122 1437 164 BOOK
1477 121 1590 163 VIII

247 244 460 308 ἀπέχων
486 247 587 293 τῶν
612 244 875 307 πολεμίων
901 244 1024 293 ὅσον
1060 243 1218 308 ὁρμὴν
1255 244 1461 305 βέλους.
1535 244 1583 292 οἱ
1608 244 1654 292 δὲ

246 313 523 363 ἐπέκειντο,
563 313 647 360 καὶ
690 313 749 371 ἦν
790 313 930 376 αὐτῷ
971 313 1118 375 ἔργον
1158 313 1244 361 ἐπὶ
1285 312 1527 363 σταδίους
1569 316 1655 360 τοῦ

244 380 486 441 μετώπου
530 380 681 428 πέντε
720 381 804 428 καὶ
845 380 1038 429 εἴκοσιν
1078 380 1391 444 ἐργαζομένῳ
1437 401 1489 429 τε
1533 380 1654 444 ὁμοῦ

245 449 331 496 καὶ
366 448 659 512 μαχομένῳ.
737 450 801 500 ὡς
843 448 894 498 δὲ
926 449 1065 512 αὐτῷ
1110 449 1248 497 τοῦτ᾽
1287 448 1655 512 ἐξετετέλεστο,

247 517 422 582 ἑτέραν
468 518 673 580 ὤρυσσε
709 518 908 580 τάφρον
954 518 1087 578 ἴσην,
1129 518 1185 565 οὐ
1226 518 1365 565 πολὺ
1406 522 1493 578 τῆς
1530 539 1654 568 προ-

246 585 393 650 τέρας
435 585 685 650 διασχών,
727 586 773 637 ἐς
818 585 910 647 τὴν
949 585 1161 650 ἤπειρον
1201 586 1495 650 ἀφορῶσαν.
1569 585 1655 632 δύο

246 675 300 701 τε
326 655 634 715 ἐπικαρσίας
661 655 841 705 αὐταῖς
869 654 1040 715 ἑτέρας
1078 654 1300 715 περιθεὶς
1327 655 1391 706 ὡς
1418 653 1655 715 γενέσθαι

246 722 302 772 τὸ
353 722 474 770 ὅλον
523 723 721 785 ὄρυγμα
762 722 1096 784 τετράγωνον,
1142 722 1444 785 ἐσταύρωσε
1484 722 1661 775 πάντα

245 791 416 853 ξύλοις
458 790 643 852 ὀξέσιν.
719 791 805 839 καὶ
843 791 928 838 ἐπὶ
979 794 1085 843 τοῖς
1133 794 1378 853 σταυροῖς
1427 791 1519 842 τὰς
1567 791 1655 851 μὲν

244 860 415 910 ἄλλας
433 860 659 923 τάφρους
679 860 999 924 ἐχαράκωσε,
1019 862 1079 922 τῇ
1102 857 1143 907 δ᾽
1165 858 1213 911 ἐς
1233 858 1325 919 τὴν
1344 857 1655 923 Καρχηδόνα

244 927 416 991 ὁρώσῃ
442 927 529 974 καὶ
557 931 728 990 τεῖχος
755 928 1192 990 παρῳκοδόμησεν
1230 928 1312 975 ἐπὶ
1353 928 1468 979 τοὺς
1508 928 1656 975 πέντε

245 996 330 1044 καὶ
371 998 536 1043 εἴκοσι
587 995 847 1050 σταδίους,
894 996 1029 1060 ὕψος
1073 995 1163 1056 μὲν
1214 995 1438 1044 δυώδεκα
1487 995 1656 1044 ποδῶν

242 1064 401 1128 χωρὶς
428 1065 694 1126 ἐπάλξεών
722 1085 774 1112 τε
803 1064 888 1112 καὶ
915 1064 1142 1127 πύργων,
1162 1064 1211 1111 οἳ
1231 1066 1283 1112 ἐκ
1307 1064 1654 1126 διαστήματος

243 1134 502 1180 ἐπέκειντο
555 1137 625 1196 τῷ
675 1133 850 1196 τείχει,
904 1132 961 1181 τὸ
1013 1132 1063 1180 δὲ
1125 1132 1291 1191 βάθος
1352 1133 1432 1196 ἐφ᾽
1493 1133 1655 1195 ἥμισυ

241 1202 479 1260 μάλιστα
541 1205 631 1250 τοῦ
694 1202 881 1261 ὕψους.
958 1201 980 1248 ὁ
1045 1199 1084 1248 δ᾽
1149 1203 1200 1250 ἐν
1259 1201 1400 1263 μέσῳ
1463 1201 1654 1263 πύργος

244 1270 580 1334 ὑψηλότατός
607 1290 659 1317 τε
685 1270 761 1329 ἦν,
790 1269 876 1317 καὶ
902 1268 980 1317 ἐπ᾽
1009 1270 1167 1317 αὐτοῦ
1194 1268 1395 1331 ξύλινος
1424 1268 1653 1318 ἐπέκειτο

243 1338 579 1402 τετρώροφος,
621 1338 736 1385 ὅθεν
785 1338 1022 1401 καθεώρα
1073 1337 1137 1385 τὰ
1186 1338 1459 1400 γιγνόμενα
1501 1339 1551 1386 ἐν
1594 1341 1654 1401 τῇ

242 1406 409 1454 πόλει.
485 1410 650 1454 ταῦτα
688 1406 726 1452 δ᾽
767 1407 976 1470 ἡμέραις
1016 1407 1179 1455 εἴκοσι
1217 1408 1307 1455 καὶ
1341 1408 1480 1470 νυξὶν
1507 1408 1651 1470 ἐργα-

244 1475 461 1535 σάμενος
488 1475 593 1537 ὅλῳ
622 1478 691 1538 τῷ
719 1478 926 1538 στρατῷ
955 1478 1214 1527 πονοῦντι,
1243 1475 1329 1523 καὶ
1367 1475 1654 1536 παραλλὰξ

243 1543 558 1606 ἐργαζομένῳ
600 1565 652 1591 τε
691 1544 776 1591 καὶ
809 1547 1124 1604 πολεμοῦντι
1149 1544 1236 1592 καὶ
1264 1547 1410 1592 σῖτον
1435 1544 1464 1603 ἢ
1496 1544 1653 1591 ὕπνον

243 1612 540 1675 αἱρουμένῳ,
588 1612 678 1673 τὴν
728 1612 982 1675 στρατιὰν
1032 1612 1290 1674 ἐσήγαγεν
1340 1612 1387 1664 ἐς
1437 1612 1551 1660 τόδε
1597 1612 1652 1660 τὸ

241 1682 550 1747 χαράκωμα.

316 1755 421 1796 120.
466 1750 569 1796 Καὶ
596 1748 657 1809 ἦν
683 1749 820 1811 αὐτῷ
861 1752 1013 1797 τοῦτο
1055 1747 1412 1811 στρατόπεδόν
1448 1770 1502 1797 τε
1529 1748 1652 1811 ὁμοῦ

242 1818 328 1865 καὶ
356 1818 488 1865 κατὰ
516 1820 615 1864 τῶν
653 1817 852 1882 ἐχθρῶν
887 1816 1224 1879 ἐπιτείχισμα
1252 1817 1511 1877 ἐπίμηκες,
1540 1818 1653 1865 ὅθεν

243 1884 519 1949 ὁρμώνενος
570 1885 662 1946 τὴν
702 1885 897 1948 ἀγορὰν
949 1886 1195 1950 ἀφῃρεῖτο
1248 1884 1651 1949 Καρχηδονίους,

241 1956 338 2015 ὅση
368 1954 504 2002 κατὰ
529 1959 624 2015 γῆν
652 1954 826 2006 αὐτοῖς
853 1954 1077 2016 ἐφέρετο·
1107 1954 1185 2003 ὅτι
1212 1954 1310 2016 γὰρ
1335 1954 1404 2016 μὴ
1433 1954 1559 2018 τῷδε
1585 1957 1651 2018 τῷ

240 2023 421 2087 αὐχένι
446 2021 601 2086 μόνῳ,
630 2022 693 2070 τὰ
720 2021 885 2070 λοιπὰ
916 2024 943 2082 ἡ
987 2021 1279 2086 Καρχηδὼν
1304 2021 1650 2086 περίκλυστος

240 2091 315 2150 ἦν.
415 2091 501 2139 καὶ
561 2095 711 2139 τοῦτο
773 2093 976 2152 πρῶτον
1039 2091 1212 2141 αὐτοῖς
1271 2091 1359 2139 καὶ
1417 2095 1652 2154 μάλιστα

241 2159 467 2220 ἐγίγνετο
518 2163 674 2220 λιμοῦ
714 2160 800 2207 καὶ
842 2162 1012 2206 κακῶν
1054 2159 1234 2206 αἴτιον·
1294 2159 1383 2207 ἅτε
1426 2162 1523 2221 γὰρ
1565 2164 1650 2208 τοῦ

240 2227 475 2288 πλήθους
503 2227 695 2279 παντὸς
723 2229 776 2275 ἐκ
805 2229 903 2274 τῶν
932 2228 1102 2288 ἀγρῶν
1129 2228 1177 2278 ἐς
1204 2226 1296 2288 τὴν
1323 2226 1478 2275 πόλιν
1518 2229 1647 2275 ἀνοι-

242 2296 536 2357 κισαμένου,
561 2296 676 2343 οὔτε
703 2295 967 2358 προϊόντες
985 2317 1073 2342 ποι
1103 2295 1186 2342 διὰ
1213 2295 1304 2358 τὴν
1332 2295 1649 2361 πολιορκίαν,

241 2365 354 2411 οὔτε
385 2364 538 2426 ξένων
565 2363 800 2426 ἐμπόρων
828 2363 908 2411 διὰ
943 2363 1030 2410 τὸν
1070 2363 1298 2425 πόλεμον
1319 2355 1555 2451 θαμινὰ
1563 2366 1645 2413 ἐπ-

241 2457 327 2497 612
