1747 2693
115 291 212 321 CAP.

110 330 224 358 XVIII

310 154 604 194 APPIAN'S
644 154 879 195 ROMAN
918 154 1226 205 HISTORY,
1260 154 1440 194 BOOK
1476 153 1600 196 VIII

249 275 443 330 ιόντων,
491 275 617 339 μόνῃ
680 281 741 339 τῇ
791 281 879 338 τῆς
928 276 1129 336 Λιβύης
1179 277 1341 342 ἀγορᾷ
1390 277 1655 341 χρώμενοι,

247 344 404 408 μικρὰ
430 344 520 408 μέν
546 366 673 394 ποτε
701 345 786 394 καὶ
815 345 896 393 διὰ
923 345 1214 405 θαλάσσης,
1244 346 1326 392 ὅτε
1355 347 1541 406 ὡραῖον
1566 347 1654 406 εἴη,

247 413 311 459 τὰ
338 414 534 460 πλέονα
563 413 613 460 δὲ
641 414 773 461 κατὰ
802 414 893 475 τὴν
920 418 1016 474 γῆν
1054 415 1429 475 ἐπεκομίζοντο,
1459 416 1653 477 ἀφῃρη-

246 483 387 535 μένοι
412 481 463 530 δὲ
502 482 617 530 τότε
661 481 753 539 τὴν
796 482 851 530 ἐκ
891 486 980 541 τῆς
1018 486 1108 541 γῆς
1152 481 1377 542 κομιδήν,
1405 481 1657 535 ἐπιπόνως

246 550 470 613 ᾔσθοντο
498 554 588 598 τοῦ
612 554 783 613 λιμοῦ.
860 549 1052 602 Βιθύας
1093 549 1157 603 δέ,
1187 551 1350 611 ὅσπερ
1393 550 1657 614 ἵππαρχος

244 619 306 678 ἦν
334 620 507 671 αὐτοῖς
545 619 631 667 καὶ
671 618 973 679 ἐπέπεμπτο
1017 619 1100 667 ἐπὶ
1147 622 1292 666 σῖτον
1337 619 1392 666 ἐκ
1435 623 1657 675 πολλοῦ,

245 688 561 752 προσελθεῖν
594 688 687 751 μὲν
725 688 755 749 ἢ
797 687 1098 747 βιάσασθαι
1144 686 1201 735 τὸ
1240 688 1533 752 χαράκωμα
1570 690 1658 735 τοῦ

245 756 532 806 Σκιπίωνος
560 757 650 804 οὐκ
677 756 887 818 ἐτόλμα,
919 755 1206 818 περιφέρων
1246 755 1297 803 δὲ
1336 755 1426 818 τὴν
1464 755 1658 819 ἀγορὰν

245 826 293 874 ἐς
321 826 393 875 τὰ
411 826 583 888 πόρρω
613 825 694 873 διὰ
720 828 918 888 μακροῦ
957 824 1138 872 ναυσὶν
1177 823 1481 888 ἐσέπεμπεν,
1509 824 1652 889 ἐφορ-

243 897 452 956 μουσῶν
477 897 568 956 μὲν
605 898 667 957 τῇ
713 892 1012 957 Καρχηδόνι
1058 895 1177 941 νεῶν
1221 895 1311 940 τοῦ
1352 889 1652 944 Σκιπίωνος·

245 962 366 1009 ἀλλ᾽
394 962 511 1010 οὔτε
537 961 775 1022 διηνεκῶς
801 962 916 1009 οὔτε
942 962 1134 1010 πυκναὶ
1156 962 1567 1023 συνειστήκεσαν
1595 962 1653 1014 ὡς

245 1032 297 1077 ἐν
337 1032 559 1088 ἀλιμένῳ
610 1031 695 1079 καὶ
735 1030 1059 1093 περικρήμνῳ
1100 1030 1367 1094 θαλάσσῃ,
1420 1030 1565 1089 παρά
1603 1051 1655 1078 τε

245 1099 335 1161 τὴν
374 1099 529 1147 πόλιν
567 1099 726 1161 αὐτὴν
763 1100 854 1147 οὐκ
892 1100 1132 1147 ἐδύναντο
1170 1101 1531 1164 ἀνακωχεύειν,
1558 1101 1658 1146 τῶν

242 1167 620 1232 Καρχηδονίων
660 1172 765 1219 τοῖς
805 1167 1033 1232 τείχεσιν
1077 1166 1397 1230 ἐφεστώτων,
1442 1167 1528 1215 καὶ
1567 1171 1656 1216 τοῦ

245 1238 473 1298 κύματος
500 1238 604 1283 ἐκεῖ
641 1237 880 1297 μάλιστα
924 1236 1003 1283 διὰ
1032 1236 1122 1287 τὰς
1164 1235 1354 1299 πέτρας
1396 1258 1656 1300 ταρασσο-

245 1305 412 1364 μένου.
488 1306 602 1353 ὅθεν
651 1304 708 1354 αἱ
758 1304 989 1369 φορτίδες
1031 1304 1086 1351 αἱ
1129 1304 1334 1358 Βιθύου,
1377 1305 1462 1351 καὶ
1502 1304 1549 1352 εἴ
1584 1326 1654 1356 τις

245 1375 407 1424 ἄλλος
446 1375 666 1437 ἔμπορος
705 1374 802 1421 ὑπὸ
845 1372 1048 1436 κέρδους
1088 1373 1475 1424 ἐθελοκινδύνως
1513 1373 1653 1433 ἠπεί-

242 1464 378 1503 γετο,
440 1443 804 1505 φυλάσσοντες
879 1442 1062 1504 ἄνεμον
1123 1443 1178 1489 ἐκ
1237 1440 1430 1489 πόντου
1490 1441 1657 1489 πολὺν

244 1512 652 1573 πεπετασμένοις
713 1515 818 1563 τοῖς
881 1509 1064 1564 ἱστίοις
1127 1509 1332 1562 διέθεον,
1395 1510 1656 1558 ἀδυνάτων

244 1581 413 1627 οὐσῶν
440 1581 512 1627 ἔτι
540 1584 641 1627 τῶν
667 1580 887 1644 τριήρων
924 1577 1149 1629 ὁλκάδας
1190 1577 1468 1642 φερομένας
1509 1577 1667 1645 ἱστίῳ

242 1649 331 1696 καὶ
358 1649 614 1710 πνεύματι
641 1649 853 1696 διώκειν.
928 1647 1158 1699 σπανίως
1184 1648 1276 1709 μὲν
1308 1649 1395 1696 οὖν
1433 1649 1656 1709 ἐγίγνετο

243 1718 331 1766 καὶ
356 1718 507 1779 μόνον
535 1718 617 1765 ὅτε
643 1717 819 1777 βίαιον
845 1717 920 1777 εἴη
959 1720 1158 1778 πνεῦμα
1203 1717 1257 1762 ἐκ
1302 1715 1510 1763 πόντου·
1574 1716 1657 1763 καὶ

243 1790 409 1835 ταῦτα
436 1785 493 1838 δ᾽,
522 1786 621 1834 ὅσα
662 1785 859 1848 φέροιεν
900 1784 955 1832 αἱ
993 1789 1118 1846 νῆες,
1146 1784 1474 1848 Ἀσδρούβας
1516 1807 1655 1848 τρισ-

243 1853 438 1917 μυρίοις
489 1854 708 1917 ἀνδράσι
756 1853 924 1917 μόνοις
975 1853 1207 1916 διένεμεν,
1254 1854 1337 1905 οὓς
1386 1854 1432 1903 ἐς
1484 1853 1656 1916 μάχην

245 1925 537 1984 ἐπείλεκτο,
577 1924 661 1972 καὶ
712 1927 800 1972 τοῦ
851 1921 1021 1971 ἄλλου
1064 1921 1297 1979 πλήθους
1338 1921 1653 1987 κατεφρόνει·

244 1994 359 2042 ὅθεν
385 1990 641 2055 ἐμόχθουν
664 1993 899 2054 μάλιστα
930 1990 1028 2038 ὑπὸ
1055 1994 1143 2038 τοῦ
1170 1995 1337 2051 λιμοῦ.

306 2066 423 2122 121.
465 2062 569 2110 Καὶ
608 2058 631 2109 ὁ
673 2058 900 2109 Σκιπίων
927 2058 1295 2121 αἰσθανόμενος
1336 2058 1531 2106 ἐπενόει
1572 2057 1655 2105 τὸν

244 2131 478 2178 ἔσπλουν
505 2131 677 2182 αὐτοῖς
703 2131 793 2176 τοῦ
818 2127 1033 2185 λιμένος,
1062 2128 1109 2181 ἐς
1137 2128 1282 2175 δύσιν
1303 2148 1355 2174 τε
1382 2130 1656 2190 ἀφορῶντα

242 2199 330 2246 καὶ
371 2199 427 2246 οὐ
468 2199 604 2246 πάνυ
645 2195 818 2262 πόρρω
861 2201 950 2257 τῆς
992 2201 1086 2254 γῆς
1135 2197 1274 2249 ὄντα,
1320 2195 1650 2243 ἀποκλεῖσαι.

242 2271 396 2331 χῶμα
435 2268 522 2316 οὖν
549 2268 596 2319 ἐς
633 2264 727 2328 τὴν
766 2265 1047 2313 θάλασσαν
1087 2263 1208 2328 ἔχου
1251 2261 1461 2327 μακρόν,
1499 2261 1654 2328 ἀρχό-

240 2358 386 2396 μενος
414 2336 503 2396 μὲν
531 2333 637 2382 ἀπὸ
677 2338 768 2395 τῆς
794 2333 992 2384 ταινίας
1032 2333 1061 2393 ἣ
1107 2332 1302 2393 μεταξὺ
1343 2336 1429 2393 τῆς
1471 2330 1652 2394 λίμνης

240 2406 370 2451 οὖσα
401 2405 486 2452 καὶ
507 2408 595 2464 τῆς
623 2402 903 2463 θαλάσσης
928 2404 1154 2463 γλῶσσα
1181 2403 1432 2455 ἐκαλεῖτο,
1461 2399 1652 2464 προϊὼν

237 2498 327 2541 614
