1747 2693
113 272 207 300 CAP.

108 312 215 338 XVIII

302 136 598 177 APPIAN'S
638 137 874 178 ROMAN
913 138 1222 190 HISTORY,
1258 139 1435 181 BOOK
1474 136 1604 187 VIII

242 257 280 303 δ᾽
321 258 369 310 ἐς
407 260 464 306 τὸ
501 258 732 319 πέλαγος
771 259 857 307 καὶ
897 259 1118 308 εὐθύνων
1156 259 1241 308 ἐπὶ
1279 259 1366 309 τὸν
1409 264 1653 311 ἔσπλουν.

242 332 365 397 ἔχου
405 332 456 380 δὲ
492 331 659 386 λίθοις
700 334 946 396 μεγάλοις
992 356 1044 383 τε
1085 335 1173 384 καὶ
1213 340 1440 393 πυκνοῖς,
1471 336 1552 386 ἵνα
1587 336 1654 397 μὴ

240 408 337 455 ὑπὸ
368 410 458 456 τοῦ
494 408 753 458 κλύδωνος
792 409 1132 473 διαφέροιντο.
1206 414 1292 459 καὶ
1328 415 1530 462 πλάτος
1567 417 1656 458 τοῦ

237 483 481 547 χώματος
508 483 565 531 τὸ
591 483 682 546 μὲν
708 483 811 532 ἄνω
840 484 1114 544 τεσσάρων
1140 484 1228 533 καὶ
1266 486 1431 533 εἴκοσι
1470 485 1654 543 ποδῶν,

237 557 295 607 τὸ
334 557 373 604 δ᾽
419 559 466 607 ἐς
517 557 602 606 τὸν
642 558 807 613 βυθὸν
846 559 930 607 καὶ
974 561 1364 621 τετραπλάσιον
1403 561 1478 617 ἦν.
1553 566 1655 613 τοῖς

239 633 288 681 δὲ
320 633 698 698 Καρχηδονίοις
736 634 1025 698 ἀρχομένου
1051 634 1141 695 μὲν
1186 634 1334 683 τοῦδε
1374 640 1465 685 τοῦ
1506 636 1654 699 ἔργου

238 707 630 773 καταφρόνησις
654 708 715 770 ἦν
753 710 819 760 ὡς
862 710 1071 773 χρονίου
1118 730 1170 758 τε
1211 711 1296 758 καὶ
1335 715 1535 774 μακροῦ
1572 712 1655 759 καὶ

239 786 362 836 ἴσως
391 785 662 833 ἀδυνάτου·
702 783 972 847 προϊόντος
998 784 1050 831 δὲ
1090 785 1185 833 σὺν
1222 785 1407 848 ἐπείξει
1445 787 1658 836 τοσοῦδε

239 862 484 921 στρατοῦ,
510 859 639 921 μήτε
664 859 858 922 ἡμέραν
886 860 1219 913 ἐκλείποντος
1246 861 1331 908 ἐπὶ
1359 864 1465 913 τοῖς
1491 861 1654 924 ἔργοις

237 933 364 994 μήτε
392 934 566 988 νύκτα,
595 933 816 992 ἔδεισαν,
843 934 930 983 καὶ
957 935 1127 994 στόμα
1156 936 1325 999 ἕτερον
1347 936 1433 985 ἐπὶ
1461 936 1654 1001 θάτερα

239 1012 328 1056 τοῦ
378 1008 582 1071 λιμένος
635 1008 873 1073 ὤρυσσον
914 1010 962 1061 ἐς
1010 1011 1169 1072 μέσον
1220 1012 1278 1059 τὸ
1328 1013 1572 1073 πέλαγος,
1613 1014 1659 1061 οἷ

237 1084 393 1145 μηδὲν
442 1087 595 1148 χῶμα
648 1084 923 1148 προελθεῖν
967 1084 1179 1134 ἐδύνατο
1221 1085 1320 1134 ὑπὸ
1365 1087 1565 1145 βάθους
1606 1106 1656 1134 τε

241 1160 327 1208 καὶ
370 1160 679 1222 πνευμάτων
723 1160 1062 1222 ἀγριωτέρων.
1137 1161 1429 1223 διώρυσσον
1469 1161 1510 1209 δ᾽
1556 1161 1658 1223 ἅμα

239 1235 444 1295 γυναιξὶ
476 1235 563 1282 καὶ
593 1234 794 1290 παισίν,
822 1235 1025 1284 ἔνδοθεν
1069 1236 1348 1300 ἀρχόμενοι
1393 1237 1480 1285 καὶ
1521 1237 1656 1285 πάνυ

239 1310 598 1360 λανθάνοντες·
641 1311 747 1372 ἅμα
785 1312 836 1358 δὲ
876 1313 962 1360 καὶ
1005 1314 1126 1364 ναῦς
1165 1314 1221 1373 ἐξ
1260 1315 1384 1369 ὕλης
1428 1316 1657 1365 παλαιᾶς

240 1385 579 1446 ἐναυπήγουν,
643 1386 909 1448 πεντήρεις
971 1407 1025 1434 τε
1084 1387 1172 1435 καὶ
1233 1388 1467 1452 τριήρεις,
1519 1387 1658 1436 οὐδὲν

243 1460 614 1510 ὑπολείποντες
643 1461 904 1525 εὐψυχίας
942 1482 997 1510 τε
1041 1462 1126 1509 καὶ
1166 1463 1373 1523 τόλμης.
1450 1464 1581 1511 οὕτω
1618 1464 1656 1511 δ᾽

242 1536 453 1588 ἅπαντα
490 1535 815 1600 ἐπέκρυπτον
859 1537 924 1588 ὡς
966 1537 1091 1598 μηδὲ
1132 1537 1249 1589 τοὺς
1290 1537 1660 1602 αἰχμαλώτους

243 1610 378 1675 ἔχειν
406 1630 454 1658 τι
480 1612 550 1674 τῷ
578 1607 830 1660 Σκιπίωνι
871 1611 1039 1674 σαφὲς
1079 1611 1254 1663 εἰπεῖν,
1282 1612 1425 1661 ἀλλὰ
1465 1612 1658 1661 κτύπον

240 1685 331 1748 μὲν
369 1686 418 1733 ἐν
464 1689 567 1735 τοῖς
609 1685 819 1748 λιμέσιν
859 1687 1051 1750 ἡμέρας
1095 1707 1148 1735 τε
1191 1688 1274 1736 καὶ
1317 1688 1495 1740 νυκτὸς
1529 1688 1658 1735 εἶναι

242 1763 410 1806 πολὺν
438 1759 737 1815 ἀπαύστως,
760 1760 852 1818 τὴν
878 1760 931 1810 δὲ
957 1761 1137 1824 χρείαν
1165 1763 1258 1810 οὐκ
1283 1762 1484 1819 εἰδέναι,
1506 1762 1653 1829 μέχρι

242 1849 300 1891 γε
326 1828 385 1889 δὴ
413 1829 620 1877 πάντων
649 1829 864 1892 ἑτοίμων
900 1830 1181 1893 γενομένων
1220 1831 1266 1879 οἱ
1307 1831 1657 1895 Καρχηδόνιοι

245 1896 302 1945 τὸ
334 1897 506 1960 στόμα
534 1897 763 1960 ἀνέῳξαν
790 1899 906 1960 περὶ
933 1899 1009 1957 ἕω,
1037 1900 1125 1949 καὶ
1151 1901 1304 1948 ναυσὶ
1331 1902 1653 1960 πεντήκοντα

244 1965 335 2026 μὲν
383 1970 742 2026 τριηρετικαῖς,
794 1968 1086 2029 κερκούροις
1127 1966 1180 2017 δὲ
1223 1968 1308 2016 καὶ
1347 1969 1657 2033 μυοπάρωσι

244 2035 331 2082 καὶ
383 2035 563 2083 ἄλλοις
623 2036 970 2098 βραχυτέροις
1021 2041 1244 2089 πολλοῖς
1300 2038 1559 2098 ἐξέπλεον,
1611 2040 1656 2089 ἐς

244 2103 577 2162 κατάπληξιν
605 2104 974 2166 ἐσκευασμένοι
1002 2106 1251 2169 φοβερῶς.

316 2177 422 2218 122.
461 2171 746 2233 Ῥωμαίους
774 2171 824 2220 δὲ
851 2171 906 2221 τό
935 2193 990 2221 τε
1017 2172 1186 2235 στόμα
1222 2173 1364 2236 ἄφνω
1392 2172 1657 2238 γενόμενον

243 2239 333 2287 καὶ
377 2239 399 2287 ὁ
447 2239 638 2291 στόλος
681 2239 767 2288 ἐπὶ
804 2245 874 2305 τῷ
912 2240 1137 2303 στόματι
1177 2243 1227 2293 ἐς
1263 2240 1474 2290 τοσόνδε
1505 2243 1655 2293 κατέ-

241 2310 441 2371 πληξεν
492 2310 556 2361 ὡς
598 2309 715 2362 τοὺς
766 2311 1172 2373 Καρχηδονίους,
1215 2313 1259 2358 εἰ
1306 2314 1495 2359 αὐτίκα
1546 2315 1655 2365 ταῖς

242 2376 397 2424 ναυσὶ
423 2380 536 2429 ταῖς
569 2376 833 2440 Ῥωμαίων
860 2378 1117 2433 ἐπέθεντο,
1144 2380 1485 2441 ἠμελημέναις
1510 2401 1565 2428 τε
1592 2381 1654 2432 ὡς

241 2466 330 2505 616
