1747 2693
136 277 230 305 CAP.

124 316 237 343 XVIII

333 138 624 178 APPIAN'S
664 138 900 179 ROMAN
940 138 1246 188 HISTORY,
1284 138 1461 180 BOOK
1499 138 1629 187 VIII

265 263 314 310 ἐν
342 261 674 328 τειχομαχίᾳ,
705 262 791 311 καὶ
835 261 1033 314 οὐδενὸς
1075 261 1263 310 ναύτου
1290 262 1545 326 παρόντος
1580 261 1678 309 οὐδ᾽

264 337 452 400 ἐρέτου,
482 340 607 385 ὅλου
640 339 701 387 ἂν
740 340 829 385 τοῦ
868 337 1207 400 ναυστάθμου
1246 342 1522 400 κρατῆσαι.
1597 341 1679 386 νῦν

264 413 351 459 οὖν
399 414 618 475 (ἁλῶναι
668 413 768 475 γὰρ
819 411 917 460 ἔδει
972 411 1312 476 Καρχηδόνα)
1349 411 1463 461 τότε
1506 412 1596 475 μὲν
1637 414 1682 464 ἐς

262 488 419 549 μόνην
446 488 690 549 ἐπίδειξιν
717 489 1069 543 ἐπέπλευσαν,
1100 490 1185 536 καὶ
1226 490 1469 551 σοβαρῶς
1498 490 1679 535 ἐπιτω-

264 563 521 613 θάσαντες
548 563 879 627 ἀνέστρεφον,
909 562 1054 627 τρίτῃ
1097 562 1135 611 δ᾽
1163 563 1326 628 ἡμέρᾳ
1362 563 1493 625 μετὰ
1532 567 1680 611 τοῦτο

264 641 312 691 ἐς
355 638 651 702 ναυμαχίαν
694 638 1030 687 καθίσταντο·
1084 638 1171 686 καὶ
1214 638 1262 687 οἱ
1302 639 1546 702 Ῥωμαῖοι
1592 638 1682 689 τάς

264 736 319 764 τε
344 719 464 764 ναῦς
503 717 587 763 καὶ
634 714 809 763 τἄλλα
848 715 1278 778 εὐτρεπισάμενοι
1317 714 1679 777 ἀντανήγοντο.

262 792 392 850 βοῆς
420 790 471 839 δὲ
498 791 581 838 καὶ
608 790 1041 851 παρακελεύσεως
1067 790 1381 851 ἑκατέρωθεν
1414 789 1681 851 γενομένης

263 872 350 914 καὶ
377 865 669 929 προθυμίας
697 867 881 928 ἐρετῶν
908 887 961 914 τε
989 866 1076 913 καὶ
1104 866 1433 926 κυβερνητῶν
1474 866 1558 914 καὶ
1586 869 1682 913 τῶν

264 943 547 1001 ἐπιβατῶν,
595 943 657 994 ὡς
703 943 752 990 ἐν
793 942 920 1003 τῷδε
959 944 1129 1004 λοιπῷ
1177 940 1558 1005 Καρχηδονίοις
1594 940 1681 1003 μὲν

265 1022 353 1078 τῆς
381 1015 636 1079 σωτηρίας
665 1016 822 1077 οὔσης
847 1016 1120 1079 Ῥωμαίοις
1159 1017 1209 1064 δὲ
1249 1021 1337 1078 τῆς
1374 1017 1514 1078 νίκης
1552 1017 1679 1063 ἐντε-

263 1097 403 1148 λοῦς,
431 1091 638 1154 πληγαί
677 1113 732 1141 τε
774 1091 978 1141 πολλαὶ
1024 1092 1109 1140 καὶ
1150 1092 1424 1155 τραύματα
1468 1091 1683 1138 ποικίλα

264 1169 492 1230 ἐγίγνετο
519 1167 641 1230 παρ᾽
670 1168 865 1231 ἀμφοῖν
890 1167 1044 1231 μέχρι
1082 1167 1243 1229 μέσης
1280 1167 1483 1233 ἡμέρᾳς.
1557 1168 1609 1215 ἐν
1633 1167 1682 1216 δὲ

264 1247 335 1307 τῷ
361 1242 502 1307 πόνῳ
537 1242 601 1290 τὰ
643 1242 821 1307 σκάφη
863 1246 963 1290 τῶν
991 1242 1205 1302 Λιβύων
1249 1242 1311 1290 τὰ
1353 1241 1545 1307 σμικρὰ
1573 1246 1681 1293 ταῖς

263 1317 577 1381 Ῥωμαϊκαῖς
600 1319 754 1366 ναυσὶ
775 1318 1030 1381 μεγάλαις
1053 1318 1234 1370 οὔσαις
1256 1319 1303 1369 ἐς
1324 1318 1441 1371 τοὺς
1462 1318 1682 1381 ταρσοὺς

266 1396 623 1458 ὑποτρέχοντα
697 1393 920 1458 διετίτρη
995 1393 1229 1457 πρύμνας
1294 1393 1377 1443 καὶ
1440 1393 1682 1457 ἐξέκοπτε

264 1469 499 1529 πηδάλια
527 1469 612 1519 καὶ
641 1469 833 1523 κώπας,
862 1470 947 1519 καὶ
976 1469 1120 1518 ἄλλα
1147 1469 1326 1518 πολλὰ
1354 1469 1439 1518 καὶ
1466 1469 1682 1525 ποικίλα

264 1545 462 1598 ἐλύπει,
513 1546 740 1609 εὐμαρῶς
792 1567 845 1594 τε
896 1545 1260 1609 ὑποφεύγοντα
1309 1546 1397 1593 καὶ
1456 1545 1682 1610 εὐμαρῶς

264 1623 599 1670 ἐπιπλέοντα.
675 1622 886 1683 ἀκρίτου
915 1621 955 1670 δ᾽
983 1622 1056 1670 ἔτι
1084 1626 1173 1681 τῆς
1190 1619 1483 1685 ναυμαχίας
1510 1621 1680 1682 οὔσης,

260 1718 350 1752 και
390 1701 477 1758 τῆς
519 1697 708 1758 ἡμερας
749 1698 794 1747 ἐς
837 1697 1010 1758 δειλην
1056 1717 1382 1758 τρεπομενης,
1412 1696 1553 1758 ἔδοξε
1580 1702 1680 1748 τοῖς

256 1758 646 1831 Καρχηδονίοις
684 1766 990 1831 ὑποχωρεῖν,
1020 1764 1076 1813 οὔ
1112 1786 1161 1814 τι
1198 1764 1334 1813 κατὰ
1371 1765 1533 1827 ἧτταν
1560 1764 1678 1813 ἀλλ᾽

264 1836 313 1886 ἐς
340 1833 431 1891 τὴν
459 1836 712 1883 ἐπιοῦσαν
739 1834 1166 1898 ὑπερτιθεμένοις.

329 1905 427 1951 123.
488 1902 591 1951 Καὶ
649 1904 821 1950 αὐτῶν
883 1902 946 1950 τὰ
1007 1903 1188 1969 σκάφη
1250 1901 1316 1951 τὰ
1375 1902 1679 1968 βραχύτερα

264 1972 575 2035 προύφευγε,
640 1972 724 2020 καὶ
785 1971 871 2020 τὸν
933 1971 1166 2020 ἔσπλουν
1228 1971 1571 2031 προλαβόντα
1633 1974 1680 2022 ἐς

264 2041 479 2100 ἄλληλα
518 2041 696 2088 ὠθεῖτο
736 2041 835 2089 ὑπὸ
874 2044 965 2090 τοῦ
1005 2041 1253 2098 πλήθους,
1282 2041 1368 2088 καὶ
1413 2039 1471 2090 τὸ
1512 2039 1678 2104 στόμα

263 2109 427 2168 βύζην
455 2109 741 2157 ἀπέκλειεν.
811 2109 924 2158 ὅθεν
951 2109 1006 2157 αἱ
1030 2109 1228 2170 μείζους
1256 2110 1567 2157 ἐπανιοῦσαι
1594 2108 1679 2159 τὸν

264 2178 497 2227 ἔσπλουν
524 2178 805 2241 ἀφῄρηντο,
833 2178 919 2226 καὶ
958 2179 1006 2231 ἐς
1043 2178 1098 2225 τὸ
1138 2181 1292 2240 χῶμα
1319 2178 1627 2240 κατέφυγον,
1656 2178 1679 2226 ὃ

263 2246 365 2311 πρὸ
403 2250 495 2295 τοῦ
532 2246 732 2311 τείχους
771 2246 1059 2310 εὐρύχωρον
1098 2246 1338 2309 ἐμπόροις
1364 2246 1412 2298 ἐς
1451 2247 1678 2294 διάθεσιν

265 2313 488 2376 φορτίων
516 2313 784 2376 ἐγεγένητο
811 2316 866 2362 ἐκ
892 2319 1114 2363 πολλοῦ·
1156 2316 1244 2363 καὶ
1280 2313 1676 2380 παρατείχισμα

265 2383 344 2431 ἐπ᾽
372 2385 533 2431 αὐτοῦ
559 2384 741 2448 βραχὺ
772 2385 821 2433 ἐν
860 2383 986 2448 τῷδε
1025 2387 1095 2448 τῷ
1134 2383 1344 2445 πολέμῳ
1384 2383 1674 2443 ἐπεποίητο,

265 2475 355 2515 618
