1747 2693
124 294 220 322 CAP.

118 334 228 361 XVIII

315 154 610 197 APPIAN'S
650 154 884 197 ROMAN
925 154 1232 205 HISTORY,
1268 152 1445 194 BOOK
1484 152 1614 196 VIII

257 278 337 326 ἵνα
363 279 431 341 μὴ
459 280 521 329 ὡς
549 279 600 326 ἐν
625 277 897 340 εὐρυχώρῳ
928 275 1429 338 στρατοπεδεύσειάν
1468 295 1595 320 ποτε
1621 274 1664 319 οἱ

254 355 511 403 πολέμιοι.
587 353 634 404 ἐς
669 353 758 408 μὲν
803 352 861 410 δὴ
907 352 1023 398 τόδε
1066 351 1123 397 τὸ
1169 352 1324 414 χῶμα
1374 349 1429 397 αἱ
1465 354 1574 410 νῆες
1613 349 1664 397 αἱ

254 433 354 477 τῶν
383 429 768 492 Καρχηδονίων,
798 427 988 491 ἀπορίᾳ
1015 425 1233 488 λιμένος,
1262 429 1665 486 καταφυγοῦσαι

251 502 553 564 μετωπηδὸν
612 502 922 564 ὡρμίσαντο·
988 503 1074 549 καὶ
1125 501 1242 553 τοὺς
1293 501 1507 564 ἐχθροὺς
1557 501 1663 547 ἐπι-

251 582 510 629 πλέοντας
554 577 601 625 οἱ
638 577 726 640 μὲν
766 577 856 624 ἀπ᾽
895 577 1062 624 αὐτῶν
1101 578 1201 623 τῶν
1242 578 1377 630 νεῶν,
1407 574 1453 622 οἱ
1490 574 1527 622 δ᾽
1565 574 1666 622 ἀπὸ

254 658 345 702 τοῦ
370 657 629 719 χώματος,
659 653 704 700 οἱ
734 651 772 699 δ᾽
802 653 854 700 ἐκ
882 655 970 700 τοῦ
1010 651 1435 715 διατειχίσματος
1471 651 1665 713 ἀπεμά-

253 750 427 794 χοντο.
502 729 771 791 Ῥωμαίοις
815 727 864 774 δὲ
907 725 930 774 ὁ
972 725 1062 789 μὲν
1107 725 1360 776 ἐπίπλους
1402 725 1462 785 ἦν
1499 725 1667 792 ῥᾴδιος

254 805 340 852 καὶ
367 805 425 852 τὸ
459 804 724 867 μάχεσθαι
764 803 947 850 ναυσὶν
986 802 1244 852 ἑστώσαις
1284 799 1512 864 εὐμαρές,
1539 799 1595 848 αἱ
1631 799 1667 846 δ᾽

255 880 614 943 ἀναχωρήσεις
660 879 717 925 δι᾽
762 875 1099 940 ἀναστροφὴν
1141 878 1241 923 τῶν
1284 878 1420 930 νεῶν,
1463 878 1668 940 μακρῶν

256 955 437 1006 οὐσῶν,
479 954 723 1014 βραδεῖαί
771 973 823 1000 τε
867 953 954 1000 καὶ
1006 952 1274 1015 δυσχερεῖς
1324 949 1666 1013 ἐπεγίγνοντο·

254 1026 370 1070 ὅθεν
396 1023 735 1086 ἀντέπασχον
773 1022 823 1069 ἐν
862 1021 988 1084 τῷδε
1025 1020 1089 1067 τὰ
1127 1020 1278 1082 ὅμοια
1305 1019 1410 1082 (ὅτε
1437 1019 1535 1081 γὰρ
1562 1020 1668 1066 ἐπι-

256 1091 542 1154 στρέφοιεν,
595 1090 928 1151 ἐπλήσσοντο
989 1089 1086 1136 ὑπὸ
1143 1090 1242 1135 τῶν
1299 1087 1672 1152 Καρχηδονίων

255 1160 647 1221 ἐπιπλεόντων),
676 1159 828 1221 μέχρι
857 1161 967 1218 νῆες
995 1154 1225 1216 Σιδητῶν
1251 1155 1419 1212 πέντε,
1441 1156 1494 1202 αἳ
1523 1154 1671 1222 φιλίᾳ

256 1227 540 1280 Σκιπίωνος
580 1225 799 1280 εἵποντο,
842 1225 932 1278 τὰς
968 1225 1057 1283 μὲν
1096 1225 1324 1284 ἀγκύρας
1356 1224 1592 1285 καθῆκαν
1618 1225 1669 1271 ἐκ

255 1300 463 1345 πολλοῦ
489 1295 843 1356 διαστήματος
879 1295 926 1348 ἐς
963 1294 1020 1341 τὸ
1059 1294 1306 1354 πέλαγος,
1335 1293 1603 1354 ἁψάμεναι
1633 1291 1669 1338 δ᾽

256 1367 346 1413 ἀπ᾽
374 1366 543 1413 αὐτῶν
571 1365 761 1414 κάλους
787 1363 1015 1426 μακροὺς
1042 1360 1236 1427 εἰρεσίᾳ
1263 1364 1368 1412 τοῖς
1398 1360 1670 1425 Καρχηδο-

256 1434 377 1483 νίοις
406 1434 677 1486 ἐπέπλεον,
719 1435 804 1479 καὶ
843 1432 929 1479 ὅτε
968 1429 1335 1494 ἐγχρίμψειαν,
1374 1430 1672 1494 ὑπεχώρουν

256 1502 371 1553 τοὺς
401 1503 593 1553 κάλους
619 1500 978 1557 ἐπισπώμεναι
1006 1499 1138 1546 κατὰ
1166 1497 1418 1561 πρύμναν,
1447 1499 1590 1547 αὖθις
1619 1520 1671 1546 τε

255 1573 409 1633 ῥοθίῳ
439 1571 836 1618 καταπλέουσαι
870 1569 1034 1616 πάλιν
1067 1566 1315 1629 ἀνήγοντο
1348 1564 1482 1614 κατὰ
1510 1564 1670 1628 πρύμ-

256 1663 361 1687 ναν.
438 1638 552 1687 τότε
601 1637 700 1700 γὰρ
752 1635 774 1686 ὁ
827 1635 1014 1689 στόλος
1066 1635 1219 1690 ἅπας,
1272 1635 1358 1683 τὸν
1408 1638 1523 1682 νοῦν
1573 1638 1672 1682 τῶν

256 1708 486 1767 Σιδητῶν
526 1707 737 1767 ὁρῶντές
777 1726 833 1754 τε
871 1705 958 1754 καὶ
992 1704 1309 1767 μιμούμενοι,
1350 1704 1529 1752 πολλὰ
1556 1704 1673 1755 τοὺς

255 1776 472 1841 ἐχθροὺς
500 1776 791 1834 ἔβλαπτον.
866 1774 951 1822 καὶ
989 1774 1046 1821 τὸ
1078 1774 1226 1836 ἔργον
1257 1773 1305 1824 ἐς
1344 1773 1505 1820 νύκτα
1531 1772 1669 1817 ἐτελ-

256 1845 393 1899 ευτα,
423 1845 511 1892 καὶ
556 1845 603 1896 ἐς
644 1844 735 1901 τὴν
777 1843 934 1891 πόλιν
969 1842 1208 1903 διέφυγον
1244 1840 1299 1889 αἱ
1334 1842 1432 1888 τῶν
1462 1842 1672 1904 Καρχη-

256 1915 434 1960 δονίων
462 1917 586 1973 νῆες,
615 1913 736 1959 ὅσαι
763 1932 821 1971 γε
848 1912 921 1958 ἔτι
950 1911 1085 1971 ἦσαν
1113 1907 1408 1956 ὑπόλοιποι.

329 1988 449 2038 124.
476 1981 705 2028 Σκιπίων
734 1980 784 2028 δὲ
811 1979 1079 2040 γενομένης
1108 1977 1297 2041 ἡμέρας
1323 1978 1575 2041 ἐπεχειρει
1603 1980 1670 2040 τῷ

256 2050 477 2115 χώματι·
537 2050 625 2096 καὶ
675 2049 774 2110 γὰρ
812 2049 873 2108 ἦν
914 2049 1147 2110 εὔκαιρον
1198 2045 1534 2110 ἐπιτείχισμα
1585 2048 1671 2092 τοῦ

254 2118 470 2181 λιμένος.
563 2120 720 2180 κριοῖς
770 2115 858 2165 οὖν
907 2137 962 2163 το
1013 2114 1408 2179 παρατείχισμα
1450 2113 1670 2168 τύπτων,

256 2187 343 2235 καὶ
390 2186 745 2249 μηχανήματα
805 2184 985 2232 πολλὰ
1045 2184 1269 2245 ἐπάγων,
1320 2182 1467 2246 μέρος
1517 2183 1671 2229 αὐτοῦ

256 2255 565 2306 κατέβαλεν.
672 2253 716 2302 οἱ
778 2253 828 2300 δὲ
892 2249 1260 2314 Καρχηδόνιοι,
1324 2249 1509 2308 καίπερ
1574 2249 1671 2297 ὑπὸ

255 2327 409 2386 λιμοῦ
434 2326 517 2372 καὶ
537 2324 811 2374 κακώσεως
834 2319 1072 2381 ποικίλης
1093 2319 1467 2382 ἐνοχλούμενοι,
1496 2319 1672 2370 νυκτὸς

257 2391 530 2454 ἐξέδραμον
557 2391 643 2438 ἐπὶ
671 2390 734 2437 τὰ
771 2390 1038 2451 Ῥωμαίων
1063 2389 1432 2451 μηχανήματα,
1462 2388 1518 2432 οὐ
1540 2387 1669 2433 κατὰ

259 2486 348 2525 620
