1747 2693
138 284 233 314 CAP.

104 324 215 352 XVIII

337 144 631 185 APPIAN'S
672 145 907 185 ROMAN
947 146 1254 198 HISTORY,
1290 147 1468 189 BOOK
1505 148 1622 190 VIII

271 270 367 327 γῆν
395 269 474 328 (οὐ
504 267 602 329 γὰρ
629 268 690 328 ἦν
726 268 910 324 δίοδος)
943 269 1055 317 οὐδὲ
1089 271 1271 319 ναυσὶν
1305 271 1563 333 (ἁλιτενὴς
1590 272 1685 333 γὰρ

272 336 334 394 ἦν
378 337 406 394 ἡ
448 336 741 397 θάλασσα),
769 336 909 383 ἀλλὰ
951 338 1132 399 γυμνοὶ
1176 337 1329 401 δᾷδας
1371 338 1562 403 ἔφερον,
1593 342 1686 407 οὐχ

274 404 498 465 ἡμμένας
543 403 621 452 ἵνα
657 404 727 465 μὴ
756 405 1011 467 μακρόθεν
1049 405 1146 454 εἶεν
1178 412 1507 471 καταφανεῖς·
1546 410 1593 462 ἐς
1635 409 1683 457 δὲ

275 472 368 534 τὴν
394 473 676 520 θάλασσαν
714 474 962 535 ἐμβάντες
1003 475 1030 536 ᾗ
1068 475 1138 536 μή
1176 496 1251 527 τις
1288 476 1347 523 ἂν
1374 476 1687 538 προσεδόκη-

277 561 379 591 σεν,
408 540 454 588 οἱ
489 541 580 604 μὲν
619 543 739 605 ἄχρι
779 545 878 588 τῶν
916 545 1132 603 μαστῶν
1167 545 1475 607 βρεχόμενοι
1516 546 1686 605 διεβά-

276 608 425 669 διζον,
457 609 502 656 οἱ
537 608 590 656 δὲ
632 610 717 658 καὶ
760 609 960 666 διένεον,
991 612 1080 662 ἕως
1121 612 1203 659 ἐπὶ
1237 613 1299 660 τὰ
1333 614 1684 676 μηχανήματα

273 677 509 727 ἐλθόντες
543 679 750 741 ἐξῆψαν
785 679 842 726 τὸ
878 682 995 742 πῦρ,
1029 680 1115 728 καὶ
1147 680 1449 744 κατάφωροι
1487 681 1687 745 γενόμε-

273 767 349 794 νοι
376 746 555 793 πολλὰ
580 748 672 808 μὲν
699 748 907 801 ἔπαθον,
948 751 1037 795 ἅτε
1067 750 1249 810 γυμνοὶ
1277 750 1686 811 τιτρωσκόμενοι,

273 813 454 862 πολλὰ
504 813 543 861 δ᾽
594 814 914 878 ἀντέδρασαν
955 816 1054 863 ὑπὸ
1104 817 1313 878 τόλμης·
1378 818 1427 866 οἳ
1475 819 1560 867 καὶ
1599 819 1686 872 τὰς

271 882 451 932 ἀκίδας
501 886 602 932 τῶν
649 885 823 941 βελῶν
872 885 959 933 καὶ
1009 886 1097 936 τὰς
1137 886 1332 949 αἰχμὰς
1370 888 1420 934 ἐν
1461 887 1683 948 στέρνοις

271 951 359 999 καὶ
404 952 566 1016 ὄψεσι
609 951 846 1016 φέροντες
890 953 982 1000 οὐκ
1032 951 1260 1009 ἀνίεσαν,
1307 954 1482 1018 ὥσπερ
1533 957 1681 1019 θηρία

271 1023 383 1070 ταῖς
422 1025 653 1082 πληγαῖς
692 1020 983 1082 ἐγκείμενοι,
1022 1023 1175 1085 μέχρι
1226 1024 1286 1070 τὰ
1332 1025 1684 1087 μηχανήματα

270 1089 559 1153 ἐνέπρησαν
597 1090 684 1137 καὶ
723 1091 838 1141 τοὺς
887 1091 1170 1152 Ῥωμαίους
1210 1093 1501 1156 ἐτρέψαντο
1539 1094 1684 1156 θορυ-

269 1156 568 1219 βουμένους.
659 1157 908 1218 ἔκπληξίς
958 1180 1012 1206 τε
1061 1161 1150 1207 καὶ
1201 1162 1430 1224 τάραχος
1480 1163 1540 1223 ἦν
1590 1163 1684 1211 ἀνὰ

269 1226 390 1272 ὅλον
440 1226 498 1272 τὸ
549 1225 917 1291 στρατόπεδον,
961 1228 1047 1275 καὶ
1083 1228 1251 1288 φόβος
1290 1229 1391 1277 οἷος
1443 1230 1499 1278 οὐ
1549 1230 1684 1294 πρίν,

270 1293 370 1341 ὑπὸ
430 1294 613 1353 μανίας
674 1298 878 1356 γυμνῶν
927 1297 1204 1355 πολεμίων,
1256 1298 1390 1345 ὥστε
1441 1299 1611 1352 δείσας
1662 1299 1683 1348 ὁ

270 1361 499 1411 Σκιπίων
547 1363 677 1426 μετὰ
739 1363 940 1413 ἱππέων
1001 1364 1095 1427 ἔξω
1145 1365 1381 1427 περιέθει,
1434 1368 1520 1416 καὶ
1570 1368 1684 1421 τοὺς

269 1431 498 1484 οἰκείους,
529 1432 570 1479 εἰ
609 1433 678 1494 μὴ
719 1433 934 1494 λήξαιεν
975 1437 1063 1494 τῆς
1102 1438 1285 1496 φυγῆς,
1323 1435 1523 1484 ἐκέλευε
1548 1439 1683 1495 βάλ-

268 1507 393 1548 λειν.
470 1501 581 1548 ἔστι
623 1501 674 1548 δὲ
717 1502 800 1550 οὓς
835 1503 1000 1559 ἔβαλε
1040 1504 1127 1550 καὶ
1167 1505 1479 1558 ἀπέκτεινεν,
1514 1507 1605 1557 ἕως
1639 1507 1682 1554 οἱ

267 1568 480 1617 πλείους
545 1569 920 1630 συνεώσθησαν
971 1571 1018 1622 ἐς
1080 1572 1138 1619 τὸ
1190 1571 1547 1635 στρατόπεδον
1598 1573 1681 1621 ὑπ᾽

267 1637 509 1699 ἀνάγκης,
551 1638 637 1686 καὶ
688 1639 1108 1700 διενυκτέρευσαν
1149 1640 1376 1695 ἔνοπλοι,
1422 1642 1512 1702 τὴν
1557 1642 1682 1689 ἀπό-

266 1727 460 1767 γνωσιν
494 1708 592 1755 τῶν
631 1707 830 1768 ἐχθρῶν
872 1707 1104 1759 δεδιότες.
1181 1709 1225 1756 οἱ
1254 1709 1303 1756 δὲ
1331 1709 1422 1762 τὰς
1446 1710 1681 1775 μηχανὰς

266 1775 625 1837 ἐμπρήσαντες
653 1775 843 1829 ἐξένεον
870 1775 1017 1827 αὖθις
1047 1778 1095 1827 ἐς
1122 1775 1186 1824 τὰ
1213 1777 1389 1825 οἰκεῖα.

342 1849 431 1890 125
474 1842 622 1905 ᾋμα
661 1843 699 1890 δ᾽
740 1844 902 1908 ἡμέρᾳ
942 1846 1291 1909 Καρχηδόνιοι
1326 1847 1431 1908 μέν,
1463 1848 1552 1894 οὐκ
1581 1848 1680 1896 ἐνο-

265 1915 513 1977 χλουσῶν
564 1915 701 1977 σφᾶς
753 1914 828 1960 ἔτι
864 1916 1111 1976 μηχανῶν
1161 1916 1437 1976 πολεμίων,
1479 1917 1535 1964 τὸ
1575 1917 1678 1965 δια-

265 1980 541 2029 πεπτωκὸς
602 1984 693 2028 τοῦ
754 1980 1182 2046 διατειχίσματος
1239 1980 1543 2044 ᾠκοδόμουν,
1596 1988 1680 2032 καὶ

265 2049 492 2113 πύργους
543 2050 593 2096 ἐν
642 2050 781 2113 αὐτῷ
831 2051 1064 2103 πολλοὺς
1115 2052 1320 2100 ἐποίουν
1370 2052 1425 2100 ἐκ
1469 2052 1678 2115 διαστή-

263 2137 440 2174 ματος,
487 2117 730 2179 Ῥωμαῖοι
776 2117 814 2165 δ᾽
861 2119 1034 2180 ἑτέρας
1074 2120 1416 2183 ἐργασάμενοι
1441 2121 1680 2186 μηχανὰς

263 2186 489 2249 χώματα
526 2187 728 2248 ἤγειρον
766 2188 1101 2250 ἀντιμέτωπα
1141 2191 1246 2240 τοῖς
1283 2189 1513 2252 πύργοις,
1553 2189 1680 2256 δᾷδά

265 2274 318 2300 τε
381 2256 801 2316 συγκεκομμένην
863 2257 948 2304 καὶ
1021 2257 1155 2305 θεῖον
1217 2258 1267 2304 ἐν
1327 2259 1536 2306 κώθωσι
1595 2260 1679 2305 καὶ

264 2321 470 2371 πίσσαν
518 2321 596 2372 ἐπ᾽
650 2323 833 2373 αὐτοὺς
885 2324 1217 2388 ἐσφενδόνων,
1269 2325 1353 2373 καὶ
1403 2325 1547 2374 ἔστιν
1597 2328 1677 2379 οὓς

266 2393 364 2438 τῶν
405 2391 616 2453 πύργων
661 2392 1072 2454 ἐνεπίμπρασαν,
1113 2393 1200 2439 καὶ
1244 2394 1359 2444 τοὺς
1404 2394 1670 2457 Καρχηδο-

264 2482 350 2520 622
