1747 2693
138 275 228 304 CAP.

124 315 246 351 XVIII

325 138 620 180 APPIAN'S
658 138 891 180 ROMAN
932 138 1239 191 HISTORY,
1275 139 1454 181 BOOK
1492 139 1608 181 VIII

263 260 396 310 νίους
457 260 742 324 φεύγοντας
803 260 1028 310 ἐδίωκον.
1102 261 1379 325 ὀλισθηρὸς
1441 260 1481 311 δ᾽
1541 266 1600 325 ἦν
1650 273 1674 310 ὁ

264 328 444 393 δρόμος
483 328 568 393 ὑφ᾽
613 329 828 392 αἵματος
871 330 1166 393 πεπηγότος
1211 331 1439 393 ὑπογύου
1486 351 1541 379 τε
1588 331 1672 379 καὶ

261 400 482 449 πολλοῦ,
513 397 648 446 ὥστε
674 402 774 447 τῶν
800 397 1093 461 φευγόντων
1113 397 1434 447 ἀπελίποντο
1451 398 1671 452 ἄκοντες.

262 465 285 512 ὁ
350 465 401 513 δὲ
462 465 693 515 Σκιπίων
752 470 844 514 τοῦ
903 466 1143 531 χώματος
1206 468 1329 514 ὅλου
1388 467 1673 532 κατασχὼν

261 534 616 599 ἀπετάφρευεν
641 534 780 590 αὐτό,
809 534 905 581 καὶ
922 534 1094 595 τεῖχος
1118 535 1318 594 ἤγειρεν
1345 535 1399 582 ἐκ
1425 535 1672 590 πλίνθων,

260 604 378 650 οὔτε
438 604 798 663 κολοβώτερον
847 606 937 652 τοῦ
995 606 1094 651 τῶν
1143 604 1403 666 πολεμίων
1453 604 1557 651 οὔτ᾽
1619 604 1671 651 ἐκ

258 674 460 731 μακροῦ
501 671 852 732 διαστήματος
897 670 986 721 ἀπ᾽
1042 672 1227 720 αὐτῶν.
1320 673 1385 725 ὡς
1425 670 1464 719 δ᾽
1521 672 1671 735 ἐξείρ-

259 761 428 792 γαστο
478 740 616 799 αὐτῷ
667 740 754 788 καὶ
796 740 852 788 τὸ
898 743 1085 805 τεῖχος,
1128 742 1583 805 τετρακισχιλίους
1626 742 1671 793 ἐς

259 807 385 855 αὐτὸ
407 807 656 871 ἔπεμψεν,
683 807 960 873 ἐπαφίεναι
986 812 1090 861 τοῖς
1116 809 1319 873 ἐχθροῖς
1343 811 1480 868 βέλη
1508 830 1561 857 τε
1585 810 1672 858 καὶ

260 877 474 924 ἀκόντια
536 877 631 923 σὺν
692 877 1095 941 καταφρονήσει.
1170 876 1216 923 οἱ
1257 877 1306 926 δὲ
1356 877 1672 940 ἰσομέτωποι

258 943 516 1006 γενόμενοι
576 944 812 1003 ἔβαλλον
873 943 1058 999 αὐτοὺς
1119 947 1397 1010 ἐπιτυχῶς.
1470 946 1557 994 καὶ
1616 946 1672 995 τὸ

260 1013 404 1076 θέρος
431 1014 479 1065 ἐς
506 1017 673 1062 ταῦτα
698 1013 959 1073 ἀναλώθη.

333 1087 442 1129 126.
482 1083 743 1142 Χειμῶνος
786 1081 822 1130 δ᾽
863 1081 1151 1146 ἀρχομένου
1193 1082 1284 1142 τὴν
1325 1082 1375 1131 ἐν
1427 1086 1487 1147 τῇ
1526 1082 1668 1149 χώρᾳ

259 1152 362 1196 τῶν
412 1150 781 1214 Καρχηδονίων
825 1150 1039 1213 δύναμίν
1079 1171 1134 1198 τε
1177 1150 1266 1199 καὶ
1302 1150 1609 1216 συμμάχους
1648 1150 1669 1199 ὁ

261 1217 493 1267 Σκιπίων
529 1219 654 1281 ἔγνω
704 1220 1064 1281 προκαθελεῖν,
1117 1219 1233 1266 ὅθεν
1284 1220 1457 1272 αὐτοῖς
1508 1219 1668 1281 ἀγορὰ

260 1286 585 1349 διεπέμπετο.
683 1286 1022 1350 περιπέμψας
1074 1287 1160 1336 οὖν
1201 1287 1418 1352 ἑτέρωσε
1457 1287 1669 1352 ἑτέρους,

258 1354 411 1404 αὐτὸς
439 1355 487 1406 ἐς
504 1355 729 1419 Νέφεριν
756 1355 840 1404 ἐπὶ
864 1356 1079 1418 Διογένη
1102 1356 1187 1404 τὸν
1207 1357 1314 1418 μετ᾽
1337 1357 1669 1420 Ἀσδρούβαν

259 1427 583 1488 φρουροῦντα
609 1425 700 1483 τὴν
726 1423 951 1488 Νέφεριν
978 1423 1219 1486 ἠπείγετο
1248 1424 1331 1472 διὰ
1359 1429 1448 1485 τῆς
1474 1424 1668 1485 λίμνης,

261 1492 346 1540 καὶ
372 1492 527 1540 Γάιον
555 1492 774 1541 Λαίλιον
802 1492 938 1540 κατὰ
964 1497 1061 1554 γῆν
1086 1492 1449 1555 περιέπεμπεν.
1527 1494 1591 1544 ὡς
1618 1492 1670 1542 δὲ

261 1560 492 1624 ἀφίκετο,
534 1561 620 1609 δύο
671 1561 911 1614 σταδίους
962 1561 1218 1626 ἀποσχὼν
1269 1565 1359 1610 τοῦ
1399 1561 1668 1624 Διογένους

259 1630 677 1693 ἐστρατοπέδευε,
699 1629 783 1675 καὶ
804 1628 1079 1690 Γολόσσην
1099 1631 1405 1677 καταλιπὼν
1424 1631 1669 1693 ἐγχειρεῖν

259 1696 543 1747 ἀπαύστως
593 1699 662 1760 τῷ
712 1696 939 1760 Διογένει
999 1696 1151 1750 αὐτὸς
1202 1697 1285 1746 ἐπὶ
1338 1696 1669 1762 Καρχηδόνος

258 1765 517 1826 ἠπείγετο·
592 1766 707 1813 ὅθεν
757 1767 803 1818 ἐς
854 1765 1078 1829 Νέφερίν
1118 1787 1172 1815 τε
1221 1767 1306 1813 καὶ
1358 1765 1669 1830 Καρχηδόνα

260 1833 602 1898 διετρόχαζεν,
643 1834 720 1882 ἀεὶ
758 1833 823 1882 τὰ
859 1834 1133 1897 γιγνόμενα
1178 1835 1389 1898 ἐφορῶν.
1494 1834 1581 1883 δύο
1620 1834 1670 1883 δὲ

261 1907 351 1950 τοῦ
378 1906 650 1965 Διογένους
675 1902 1042 1964 μεσοπυργίων
1068 1903 1473 1950 καταπεσόντων
1500 1903 1619 1963 ἧκεν
1646 1903 1669 1950 ὁ̂

260 1971 505 2026 Σκιπίων,
531 1971 619 2019 καὶ
679 1970 884 2036 χιλίους
944 1971 1247 2022 ἐπιλέκτους
1307 1971 1523 2020 ὄπισθεν
1582 1974 1672 2020 τοῦ

259 2039 534 2102 Διογένους
574 2039 886 2102 ἐνεδρεύσας,
932 2040 1117 2103 ἑτέροις
1155 2040 1210 2086 ἐκ
1247 2040 1487 2100 μετώπου
1528 2061 1668 2104 τρισ-

257 2107 468 2171 χιλίοις,
518 2107 817 2170 ἀριστίνδην
880 2107 969 2156 καὶ
1032 2107 1207 2156 τοῖσδε
1273 2107 1668 2169 ἐπιλεγομένοις,

259 2178 535 2236 ἐπέβαινεν
573 2177 658 2224 ἐπὶ
702 2177 764 2223 τὰ
806 2174 1121 2224 πεπτωκότα
1160 2179 1260 2223 τῶν
1295 2175 1666 2238 μεσοπυργίων,

260 2245 351 2291 οὐκ
391 2245 604 2308 ἀθρόους
642 2245 995 2305 ἀναβιβάζων,
1026 2243 1167 2290 ἀλλὰ
1208 2243 1340 2292 κατὰ
1378 2243 1501 2305 μέρη
1540 2265 1666 2292 πυκ-

259 2313 373 2361 νοὺς
400 2313 478 2361 ἐπ᾽
506 2312 777 2374 ἀλλήλοις,
808 2312 887 2361 ἵνα
913 2313 1038 2373 μηδὲ
1064 2313 1372 2369 βιασθέντες
1401 2315 1446 2360 οἱ
1475 2315 1667 2375 πρῶτοι

257 2386 442 2443 φυγεῖν
480 2380 716 2428 δύναιντο
757 2380 840 2429 διὰ
877 2380 994 2433 τοὺς
1022 2380 1310 2443 ἑπομένους.
1387 2385 1591 2443 πολλῆς
1619 2380 1666 2428 δὲ

257 2472 345 2516 624
