<?xml version="1.0" encoding="UTF-8"?>
<PcGts xmlns:xsi="http://www.w3.org/2001/XMLSchema-instance" xmlns="http://schema.primaresearch.org/PAGE/gts/pagecontent/2013-07-15" xsi:schemaLocation="http://schema.primaresearch.org/PAGE/gts/pagecontent/2013-07-15 http://schema.primaresearch.org/PAGE/gts/pagecontent/2013-07-15/pagecontent.xsd">
	<Metadata>
		<Creator/>
		<Created>2014-06-06T10:09:02</Created>
		<LastChange>2014-06-06T10:09:02</LastChange>
	</Metadata>
	<Page imageFilename="0644.jpg" imageWidth="1747" imageHeight="2693">
		<TextRegion type="paragraph" id="r1">
			<Coords points="352,145 259,309 254,2561 1712,2558 1712,132 1551,132"/>
			<TextLine id="r100">
				<Coords points="356,159 1536,165 1538,166 1546,174 1613,174 1610,198 1602,206 1250,207 1241,215 1237,217 1226,207 1037,206 1034,205 999,204 611,203 609,202 339,200 337,199 338,194 341,191 342,188 344,184 345,181 347,177 348,174 350,172 351,167 352,165 353,162"/>
				<Word id="r1000">
					<Coords points="355,160 628,161 628,194 627,197 626,199 625,200 621,202 610,202 608,201 338,199 337,198 339,194 341,191 342,188 344,184 345,181 347,177 348,174 350,172 351,167 352,165 353,162"/>
					<TextEquiv>
						<Unicode>APPIAN&apos;S</Unicode>
					</TextEquiv>
				</Word>
				<Word id="r1001">
					<Coords points="668,161 903,162 899,166 897,178 896,202 666,202 666,200 668,199"/>
					<TextEquiv>
						<Unicode>ROMAN</Unicode>
					</TextEquiv>
				</Word>
				<Word id="r1002">
					<Coords points="944,163 1129,163 1129,164 1196,164 1196,165 1206,165 1206,166 1217,166 1217,167 1228,167 1227,167 1227,169 1226,169 1226,170 1225,170 1225,172 1224,172 1224,173 1223,173 1223,174 1222,174 1222,184 1221,184 1221,194 1220,194 1220,196 1243,196 1243,197 1245,197 1245,198 1247,198 1247,199 1248,199 1248,203 1249,203 1248,203 1248,206 1247,206 1247,207 1246,207 1246,208 1245,208 1245,209 1244,209 1244,210 1243,210 1243,211 1242,211 1242,212 1241,212 1241,213 1240,213 1240,214 1239,214 1239,215 1236,215 1236,216 1236,211 1237,211 1237,205 1036,205 1036,204 1033,204 1033,203 987,203 987,202 941,202 942,202 942,200 943,200 943,199 944,199"/>
					<TextEquiv>
						<Unicode>HISTORY,</Unicode>
					</TextEquiv>
				</Word>
				<Word id="r1005">
					<Coords points="1286,164 1460,165 1461,203 1463,205 1286,205 1284,204 1285,202"/>
					<TextEquiv>
						<Unicode>BOOK</Unicode>
					</TextEquiv>
				</Word>
				<Word id="r1006">
					<Coords points="1503,165 1535,165 1535,166 1537,166 1536,166 1536,168 1535,168 1535,169 1534,169 1534,171 1533,171 1533,172 1532,172 1559,159 1623,161 1626,176 1623,183 1609,182 1630,209 1608,198 1612,212 1607,199 1607,200 1606,200 1606,201 1605,201 1605,202 1604,202 1604,203 1603,203 1603,204 1602,204 1602,205 1601,205 1601,206 1518,206 1518,205 1517,205 1517,204 1516,204 1516,202 1515,202 1515,199 1514,199 1514,196 1513,196 1513,193 1512,193 1512,190 1511,190 1511,187 1510,187 1510,184 1509,184 1509,181 1508,181 1508,177 1507,177 1507,174 1506,174 1506,171 1505,171 1505,169 1504,169 1504,167 1503,167 1503,166 1502,166 1503,166"/>
					<TextEquiv>
						<Unicode>VIII</Unicode>
					</TextEquiv>
				</Word>
				<TextEquiv>
					<Unicode>APPIAN&apos;S ROMAN HISTORY, BOOK VIII</Unicode>
				</TextEquiv>
			</TextLine>
			<TextLine id="r101">
				<Coords points="491,283 1459,288 1463,290 1604,291 1607,292 1625,310 1645,311 1678,312 1679,320 1681,328 1681,330 1680,333 1679,334 1676,336 1481,338 1479,339 365,344 363,345 358,344 271,342 270,336 271,333 272,331 273,326 276,314 277,312 278,307 279,305 281,297 282,295 284,293 286,289 290,286 295,284 490,284"/>
				<Word id="r1008">
					<Coords points="298,284 302,285 304,286 307,288 364,288 366,289 386,304 392,305 396,307 397,308 397,313 393,314 392,332 389,335 367,335 366,337 365,343 362,344 358,342 270,341 270,336 271,333 272,331 273,326 276,314 277,312 278,307 279,305 281,297 282,295 284,293 286,289 290,287 292,285 295,285"/>
					<TextEquiv>
						<Unicode>βοῆς</Unicode>
					</TextEquiv>
				</Word>
				<Word id="r1009">
					<Coords points="492,284 515,305 584,305 589,306 593,308 594,310 594,314 591,315 590,330 588,334 586,335 583,336 561,337 560,340 559,342 552,340 473,335 446,331 442,330 440,328 439,326 438,323 437,319 438,314 440,310 442,308 445,306 449,304 460,304 483,286"/>
					<TextEquiv>
						<Unicode>οὔσης</Unicode>
					</TextEquiv>
				</Word>
				<Word id="r1010">
					<Coords points="709,285 714,290 715,294 717,297 719,301 720,320 721,324 720,327 717,330 714,332 635,332 635,330 636,324 637,322 640,313 641,309 643,307 680,305 688,305"/>
					<TextEquiv>
						<Unicode>καὶ</Unicode>
					</TextEquiv>
				</Word>
				<Word id="r1011">
					<Coords points="820,285 845,306 913,306 914,308 915,312 930,330 929,335 924,340 922,341 914,334 763,333 761,332 758,320 757,308 795,307"/>
					<TextEquiv>
						<Unicode>πόνου,</Unicode>
					</TextEquiv>
				</Word>
				<Word id="r1012">
					<Coords points="1034,286 1039,289 1040,291 1043,300 1044,302 1045,321 1048,324 1047,327 1039,334 1036,335 1034,333 961,332 961,328 963,322 964,320 966,314 967,312 968,309 969,307 985,306 1012,306"/>
					<TextEquiv>
						<Unicode>καὶ</Unicode>
					</TextEquiv>
				</Word>
				<Word id="r1013">
					<Coords points="1128,289 1133,290 1152,308 1173,308 1174,310 1174,312 1173,316 1172,319 1170,322 1162,330 1156,332 1154,334 1114,334 1084,333 1083,329 1074,314 1075,310 1078,307 1105,307 1122,290"/>
					<TextEquiv>
						<Unicode>τῶν</Unicode>
					</TextEquiv>
				</Word>
				<Word id="r1014">
					<Coords points="1340,288 1363,308 1415,309 1415,314 1413,320 1409,325 1403,330 1400,333 1396,334 1393,335 1269,337 1204,334 1201,333 1210,322 1211,320 1213,314 1214,312 1216,306 1218,302 1219,299 1220,297 1222,291 1223,289 1336,289"/>
					<TextEquiv>
						<Unicode>Λιβύων</Unicode>
					</TextEquiv>
				</Word>
				<Word id="r1015">
					<Coords points="1458,288 1464,291 1483,310 1485,311 1488,313 1489,316 1486,319 1484,327 1483,336 1480,337 1478,338 1473,337 1449,335 1447,334 1446,333 1444,330 1443,324 1444,318 1446,315 1455,306 1455,289 1457,289"/>
					<TextEquiv>
						<Unicode>ἐς</Unicode>
					</TextEquiv>
				</Word>
				<Word id="r1016">
					<Coords points="1602,291 1605,292 1625,311 1644,311 1677,312 1678,327 1680,329 1679,332 1675,336 1570,336 1527,335 1526,334 1525,329 1517,316 1518,312 1519,310 1521,309 1579,309 1594,294 1598,292"/>
					<TextEquiv>
						<Unicode>ταῦτα</Unicode>
					</TextEquiv>
				</Word>
				<TextEquiv>
					<Unicode>βοῆς οὔσης καὶ πόνου, καὶ τῶν Λιβύων ἐς ταῦτα</Unicode>
				</TextEquiv>
			</TextLine>
			<TextLine id="r102">
				<Coords points="599,351 601,352 1483,359 1486,360 1503,377 1620,377 1622,378 1682,378 1685,380 1686,382 1686,392 1685,395 1683,399 1680,401 1678,402 1675,403 1606,405 1605,407 1604,413 1603,417 1602,419 863,418 836,417 835,415 434,415 419,400 279,399 275,396 272,391 272,384 273,381 284,370 284,353 598,352"/>
				<Word id="r1017">
					<Coords points="599,352 622,374 703,375 704,380 716,392 717,397 716,402 713,406 710,407 545,410 507,413 434,414 419,399 278,398 275,396 272,391 272,384 273,381 284,370 284,353 597,353"/>
					<TextEquiv>
						<Unicode>ἐπεστραμμένων,</Unicode>
					</TextEquiv>
				</Word>
				<Word id="r1018">
					<Coords points="795,354 797,357 795,367 794,394 792,398 789,400 767,401 761,401 757,399 754,396 753,390 754,384 755,382 760,376 762,375 767,374"/>
					<TextEquiv>
						<Unicode>οἱ</Unicode>
					</TextEquiv>
				</Word>
				<Word id="r1019">
					<Coords points="893,355 904,362 908,364 919,374 948,374 998,375 1015,393 1016,398 1015,403 1013,406 1009,408 877,409 865,418 862,417 836,416 837,415 837,380 839,378 840,376 843,374 871,374"/>
					<TextEquiv>
						<Unicode>χίλιοι,</Unicode>
					</TextEquiv>
				</Word>
				<Word id="r1020">
					<Coords points="1146,357 1193,357 1212,376 1288,376 1292,378 1294,381 1294,393 1293,396 1290,400 1286,402 1273,404 1271,408 1270,413 1269,417 1266,418 1251,403 1075,402 1059,401 1058,399 1061,390 1062,388 1065,379 1074,376 1082,375 1127,375 1144,358"/>
					<TextEquiv>
						<Unicode>καθάπερ</Unicode>
					</TextEquiv>
				</Word>
				<Word id="r1021">
					<Coords points="1387,359 1482,359 1485,360 1504,378 1507,379 1509,380 1512,382 1513,384 1512,386 1510,388 1508,396 1507,404 1504,407 1500,409 1493,404 1341,403 1339,401 1338,395 1339,389 1340,386 1341,384 1348,378 1356,377 1367,376"/>
					<TextEquiv>
						<Unicode>αὐτοῖς</Unicode>
					</TextEquiv>
				</Word>
				<Word id="r1022">
					<Coords points="1617,377 1621,378 1623,379 1651,379 1653,380 1671,392 1679,394 1677,395 1654,399 1649,402 1639,403 1615,404 1600,418 1586,405 1563,400 1556,385 1557,381 1560,379 1563,378 1615,378"/>
					<TextEquiv>
						<Unicode>προ-</Unicode>
					</TextEquiv>
				</Word>
				<TextEquiv>
					<Unicode>ἐπεστραμμένων, οἱ χίλιοι, καθάπερ αὐτοῖς προ-</Unicode>
				</TextEquiv>
			</TextLine>
			<TextLine id="r103">
				<Coords points="311,418 314,420 1655,424 1678,425 1681,427 1682,430 1682,433 1680,439 1666,440 1665,464 1664,467 1662,469 1660,470 1657,472 1656,473 1512,474 1508,476 318,483 316,484 299,467 276,466 273,464 271,461 270,459 270,454 271,452 273,449 275,445 278,443 280,441 284,440 289,440"/>
				<Word id="r1023">
					<Coords points="311,419 333,440 431,441 433,442 449,458 451,459 455,464 454,467 452,471 450,473 447,474 370,477 319,481 315,483 298,466 275,465 273,464 271,461 270,459 270,454 274,446 275,445 279,442 282,441 287,440"/>
					<TextEquiv>
						<Unicode>είρητο,</Unicode>
					</TextEquiv>
				</Word>
				<Word id="r1024">
					<Coords points="552,421 666,422 689,441 696,442 699,443 702,445 704,446 705,448 704,450 701,452 699,453 698,470 695,472 688,471 661,469 545,468 512,467 509,465 507,462 507,452 510,447 514,444 516,443 529,443 550,422"/>
					<TextEquiv>
						<Unicode>οὐδενὸς</Unicode>
					</TextEquiv>
				</Word>
				<Word id="r1025">
					<Coords points="782,422 804,442 807,443 813,448 810,451 808,459 807,468 805,470 800,472 796,470 773,469 771,468 768,466 766,463 765,461 765,454 766,452 767,449 768,448 778,431"/>
					<TextEquiv>
						<Unicode>ἐς</Unicode>
					</TextEquiv>
				</Word>
				<Word id="r1026">
					<Coords points="926,422 1021,423 1045,443 1051,444 1055,446 1058,448 1059,451 1056,454 1054,462 1053,470 1049,474 1045,475 1040,471 877,469 874,467 872,461 872,458 877,448 882,444 891,443 902,442 924,423"/>
					<TextEquiv>
						<Unicode>αὐτοὺς</Unicode>
					</TextEquiv>
				</Word>
				<Word id="r1027">
					<Coords points="1139,423 1142,424 1330,424 1351,445 1485,445 1511,446 1514,447 1518,450 1519,453 1516,455 1514,456 1513,472 1507,475 1231,476 1224,474 1160,470 1125,469 1122,468 1120,465 1120,457 1121,454 1135,440 1135,424"/>
					<TextEquiv>
						<Unicode>ἀποβλέποντος</Unicode>
					</TextEquiv>
				</Word>
				<Word id="r1028">
					<Coords points="1653,424 1655,425 1677,425 1680,427 1680,433 1679,436 1672,439 1664,441 1663,464 1662,468 1659,469 1656,471 1582,471 1580,468 1579,455 1581,453 1583,449 1586,447 1588,446 1594,445 1603,445 1622,426 1624,425 1651,425"/>
					<TextEquiv>
						<Unicode>οὐδ᾽</Unicode>
					</TextEquiv>
				</Word>
				<TextEquiv>
					<Unicode>είρητο, οὐδενὸς ἐς αὐτοὺς ἀποβλέποντος οὐδ᾽</Unicode>
				</TextEquiv>
			</TextLine>
			<TextLine id="r104">
				<Coords points="709,488 713,490 1517,491 1528,500 1531,501 1533,502 1536,504 1547,514 1655,514 1660,515 1662,516 1663,518 1680,538 1679,543 1677,546 1675,548 1566,552 1085,556 1070,542 277,535 274,534 272,530 271,514 271,513 280,498 281,491 283,489 707,489"/>
				<Word id="r1029">
					<Coords points="286,489 291,491 483,491 485,492 503,510 599,510 605,512 607,513 609,516 608,518 605,520 603,521 603,537 276,534 273,533 272,530 271,514 271,513 280,501 281,494"/>
					<TextEquiv>
						<Unicode>ὑπονοοῦντος</Unicode>
					</TextEquiv>
				</Word>
				<Word id="r1030">
					<Coords points="708,489 732,511 877,511 878,514 876,520 874,524 865,533 863,534 860,536 857,537 855,538 640,536 637,534 635,531 634,528 634,522 635,519 636,518 647,499 649,490 705,490"/>
					<TextEquiv>
						<Unicode>ἐνέπεσον</Unicode>
					</TextEquiv>
				</Word>
				<Word id="r1031">
					<Coords points="932,491 936,492 958,513 962,515 962,517 961,520 957,521 956,539 948,538 923,536 920,535 918,533 916,529 915,525 917,520 918,518 928,500 929,492"/>
					<TextEquiv>
						<Unicode>ἐς</Unicode>
					</TextEquiv>
				</Word>
				<Word id="r1032">
					<Coords points="1043,491 1047,492 1050,498 1051,501 1052,503 1053,508 1056,515 1058,517 1058,528 1057,531 1055,535 1052,537 1041,538 1011,537 1010,532 1002,518 1012,512"/>
					<TextEquiv>
						<Unicode>τὸ</Unicode>
					</TextEquiv>
				</Word>
				<Word id="r1033">
					<Coords points="1223,491 1246,512 1280,512 1374,520 1377,530 1377,534 1376,537 1374,538 1372,540 1324,540 1310,554 1084,554 1085,552 1086,517 1087,514 1088,513 1092,511 1119,510 1203,510"/>
					<TextEquiv>
						<Unicode>χαράκωμα</Unicode>
					</TextEquiv>
				</Word>
				<Word id="r1034">
					<Coords points="1515,491 1526,500 1529,501 1533,503 1536,505 1546,514 1659,515 1661,516 1663,519 1664,522 1679,537 1678,541 1676,545 1674,548 1567,550 1560,552 1549,541 1412,540 1408,538 1407,536 1405,529 1405,526 1407,522 1410,518 1413,515 1415,514 1418,513 1424,513 1444,493 1446,492 1513,492"/>
					<TextEquiv>
						<Unicode>εὐτόλμως,</Unicode>
					</TextEquiv>
				</Word>
				<TextEquiv>
					<Unicode>ὑπονοοῦντος ἐνέπεσον ἐς τὸ χαράκωμα εὐτόλμως,</Unicode>
				</TextEquiv>
			</TextLine>
			<TextLine id="r105">
				<Coords points="416,555 418,556 1519,562 1520,565 1641,565 1660,584 1681,584 1681,591 1680,594 1677,600 1674,603 1669,607 1661,611 1155,614 1098,620 1095,623 1079,607 270,604 269,602 270,598 272,593 273,590 274,586 276,580 277,578 293,577 320,577 341,556 414,556"/>
				<Word id="r1035">
					<Coords points="342,556 345,558 347,564 348,566 350,569 351,591 354,595 353,598 351,601 349,603 269,603 269,601 270,597 271,595 273,589 274,585 276,579 277,578 293,577 320,577"/>
					<TextEquiv>
						<Unicode>καὶ</Unicode>
					</TextEquiv>
				</Word>
				<Word id="r1036">
					<Coords points="415,556 418,557 476,557 497,578 595,578 617,579 631,580 631,587 629,591 628,594 625,598 621,600 619,602 616,603 614,604 413,603 410,602 408,601 406,597 405,592 406,589 407,585 409,582 411,580 411,559 412,557"/>
					<TextEquiv>
						<Unicode>διέσπων</Unicode>
					</TextEquiv>
				</Word>
				<Word id="r1037">
					<Coords points="733,558 737,559 794,559 798,567 800,581 804,583 806,587 807,590 806,594 805,597 803,600 802,602 799,605 702,604 684,603 683,601 682,598 682,593 684,589 688,583 691,581 693,579 710,579"/>
					<TextEquiv>
						<Unicode>αὐτὸ</Unicode>
					</TextEquiv>
				</Word>
				<Word id="r1038">
					<Coords points="930,559 933,560 938,570 940,593 942,600 940,602 939,605 857,605 857,603 858,599 860,593 861,591 864,582 868,580 903,579 909,579"/>
					<TextEquiv>
						<Unicode>καὶ</Unicode>
					</TextEquiv>
				</Word>
				<Word id="r1039">
					<Coords points="1007,560 1148,560 1181,561 1184,562 1203,581 1334,581 1335,583 1336,587 1349,603 1348,607 1346,608 1156,611 1103,614 1094,622 1078,606 1002,605 1000,604 998,602 996,583 1005,568 1006,561"/>
					<TextEquiv>
						<Unicode>ὑπερέβαινον.</Unicode>
					</TextEquiv>
				</Word>
				<Word id="r1040">
					<Coords points="1517,562 1521,565 1522,567 1523,570 1526,576 1528,596 1531,599 1530,602 1528,605 1525,609 1448,609 1447,607 1450,598 1451,596 1453,591 1454,586 1455,584 1469,583 1471,582 1496,582"/>
					<TextEquiv>
						<Unicode>καὶ</Unicode>
					</TextEquiv>
				</Word>
				<Word id="r1041">
					<Coords points="1636,565 1659,584 1680,587 1679,593 1676,599 1672,603 1667,607 1659,611 1657,610 1592,608 1591,599 1583,589 1584,585 1585,584 1587,583 1613,583 1630,566"/>
					<TextEquiv>
						<Unicode>τῶν</Unicode>
					</TextEquiv>
				</Word>
				<TextEquiv>
					<Unicode>καὶ διέσπων αὐτὸ καὶ ὑπερέβαινον. καὶ τῶν</Unicode>
				</TextEquiv>
			</TextLine>
			<TextLine id="r106">
				<Coords points="373,624 571,624 573,625 1303,626 1308,630 1623,634 1627,636 1642,651 1658,651 1676,670 1678,675 1677,679 1676,681 1673,683 1585,685 1575,694 1571,695 1568,694 1543,692 1265,690 1263,689 312,688 297,673 277,672 276,667 270,654 271,649 272,648 274,647 326,646 329,645 352,645"/>
				<Word id="r1042">
					<Coords points="374,624 398,646 448,646 486,647 486,649 485,653 484,655 483,660 479,665 474,668 472,670 469,671 467,672 464,673 328,674 313,688 296,672 276,671 273,659 270,653 271,648 273,647 326,646 329,645 352,645"/>
					<TextEquiv>
						<Unicode>πρώτων</Unicode>
					</TextEquiv>
				</Word>
				<Word id="r1043">
					<Coords points="569,624 571,625 574,626 578,628 598,647 643,647 643,652 642,657 641,660 636,665 631,669 629,671 623,673 529,673 510,672 506,670 505,668 504,658 505,655 508,652 510,638 511,627 525,626 567,625"/>
					<TextEquiv>
						<Unicode>ἔνδον</Unicode>
					</TextEquiv>
				</Word>
				<Word id="r1044">
					<Coords points="839,626 862,648 940,648 940,654 939,657 938,659 936,662 934,666 931,667 930,669 926,672 924,673 921,674 920,675 796,675 783,688 671,687 671,674 660,662 659,660 660,655 661,651 662,649 664,648 687,647 817,647"/>
					<TextEquiv>
						<Unicode>γενομένων</Unicode>
					</TextEquiv>
				</Word>
				<Word id="r1045">
					<Coords points="1014,627 1080,627 1082,628 1106,648 1112,649 1199,649 1203,651 1205,655 1205,657 1203,659 1201,667 1200,675 1199,677 1195,681 1112,684 1105,688 1092,675 964,673 961,669 961,667 962,661 965,655 968,651 972,649 980,649 1006,629"/>
					<TextEquiv>
						<Unicode>αἴσθησις</Unicode>
					</TextEquiv>
				</Word>
				<Word id="r1046">
					<Coords points="1302,627 1327,650 1447,650 1451,652 1453,655 1453,665 1452,669 1450,672 1448,674 1444,676 1338,677 1325,690 1263,689 1244,677 1234,676 1230,674 1228,670 1227,664 1228,658 1229,656 1239,638 1241,629 1299,629"/>
					<TextEquiv>
						<Unicode>ἐγίγνετο</Unicode>
					</TextEquiv>
				</Word>
				<Word id="r1047">
					<Coords points="1620,634 1623,635 1625,636 1641,651 1657,651 1658,653 1676,671 1677,674 1675,680 1673,682 1585,683 1571,694 1566,692 1545,692 1531,678 1485,676 1485,668 1476,657 1477,653 1478,652 1480,651 1601,650 1616,635"/>
					<TextEquiv>
						<Unicode>ταχεῖα,</Unicode>
					</TextEquiv>
				</Word>
				<TextEquiv>
					<Unicode>πρώτων ἔνδον γενομένων αἴσθησις ἐγίγνετο ταχεῖα,</Unicode>
				</TextEquiv>
			</TextLine>
			<TextLine id="r107">
				<Coords points="344,692 1665,698 1667,701 1668,705 1671,712 1672,714 1677,726 1680,736 1680,738 1679,740 1677,743 1674,745 1405,753 1396,761 1395,762 1085,762 1054,761 434,759 413,742 408,741 307,740 269,738 270,733 271,730 273,726 276,717 284,715 292,714 322,714"/>
				<Word id="r1048">
					<Coords points="344,693 347,694 349,700 351,703 352,705 354,728 357,731 356,734 355,736 351,740 306,739 269,737 270,732 271,729 273,725 275,719 277,717 285,716 292,714 322,714"/>
					<TextEquiv>
						<Unicode>καὶ</Unicode>
					</TextEquiv>
				</Word>
				<Word id="r1049">
					<Coords points="420,693 426,698 446,698 462,714 614,715 615,717 615,721 614,725 611,730 608,734 604,737 598,740 595,741 552,742 539,755 438,757 434,759 412,741 404,740 400,737 398,733 397,729 398,726 400,722 403,713 404,701 405,695 417,695"/>
					<TextEquiv>
						<Unicode>ἔφευγον</Unicode>
					</TextEquiv>
				</Word>
				<Word id="r1050">
					<Coords points="701,694 706,696 705,698 703,699 702,733 700,737 698,740 695,742 665,742 661,740 659,737 658,735 658,726 659,723 661,719 664,718 666,716 668,715 678,715"/>
					<TextEquiv>
						<Unicode>οἱ</Unicode>
					</TextEquiv>
				</Word>
				<Word id="r1051">
					<Coords points="812,695 817,697 849,697 851,698 869,716 910,716 930,717 935,718 951,734 954,736 955,739 954,743 953,745 949,750 820,752 816,754 802,743 799,742 746,741 745,739 755,727 757,723 758,720 759,718 760,715 763,709 765,703 766,701 767,698 807,698"/>
					<TextEquiv>
						<Unicode>Λίβυες,</Unicode>
					</TextEquiv>
				</Word>
				<Word id="r1052">
					<Coords points="1040,696 1064,717 1093,718 1093,720 1092,756 1089,759 1056,761 1038,743 1001,742 999,741 997,738 996,734 996,727 997,724 999,721 1002,719 1004,718 1007,717 1016,717"/>
					<TextEquiv>
						<Unicode>οὐχ</Unicode>
					</TextEquiv>
				</Word>
				<Word id="r1053">
					<Coords points="1155,696 1178,717 1277,717 1283,720 1284,726 1283,728 1281,736 1280,744 1276,748 1274,749 1271,749 1267,746 1137,743 1135,742 1133,739 1132,736 1132,730 1133,726 1136,722 1138,703 1140,701"/>
					<TextEquiv>
						<Unicode>ὅσους</Unicode>
					</TextEquiv>
				</Word>
				<Word id="r1054">
					<Coords points="1341,697 1384,697 1405,718 1492,719 1493,724 1507,738 1508,742 1506,747 1504,750 1406,750 1394,761 1378,746 1335,745 1332,744 1330,743 1328,740 1327,738 1327,729 1328,726 1332,722 1335,703 1337,699 1340,698"/>
					<TextEquiv>
						<Unicode>ἑώρων,</Unicode>
					</TextEquiv>
				</Word>
				<Word id="r1055">
					<Coords points="1556,698 1665,699 1666,701 1667,705 1669,709 1670,712 1671,714 1672,719 1674,720 1675,722 1676,730 1678,737 1678,738 1677,741 1673,745 1541,744 1539,741 1538,738 1538,735 1539,731 1541,727 1542,726 1554,707"/>
					<TextEquiv>
						<Unicode>ἀλλὰ</Unicode>
					</TextEquiv>
				</Word>
				<TextEquiv>
					<Unicode>καὶ ἔφευγον οἱ Λίβυες, οὐχ ὅσους ἑώρων, ἀλλὰ</Unicode>
				</TextEquiv>
			</TextLine>
			<TextLine id="r108">
				<Coords points="392,761 1093,763 1095,764 1573,766 1575,767 1596,788 1659,789 1676,808 1676,814 1476,816 1474,817 844,821 757,824 754,824 724,822 718,815 582,810 322,809 276,808 273,797 269,791 270,789 271,786 273,784 275,783 328,783 342,769 344,768 385,768"/>
				<Word id="r1056">
					<Coords points="393,762 396,763 397,766 399,774 407,785 407,787 406,793 405,795 404,799 402,801 401,804 393,808 321,808 276,803 270,792 269,790 270,788 272,785 274,783 328,783 342,769 344,768 385,768"/>
					<TextEquiv>
						<Unicode>πολὺ</Unicode>
					</TextEquiv>
				</Word>
				<Word id="r1057">
					<Coords points="547,762 570,783 662,783 667,785 669,786 670,790 667,793 665,794 664,811 655,811 452,804 446,792 447,788 448,786 450,784 474,784 489,769 491,768 540,768"/>
					<TextEquiv>
						<Unicode>πλέονας</Unicode>
					</TextEquiv>
				</Word>
				<Word id="r1058">
					<Coords points="833,763 857,785 982,783 978,802 978,805 976,808 972,811 851,812 842,821 753,822 724,821 712,803 708,793 712,787 723,772 727,765 730,764 831,764"/>
					<TextEquiv>
						<Unicode>ἡγούμενοι</Unicode>
					</TextEquiv>
				</Word>
				<Word id="r1059">
					<Coords points="1083,763 1090,764 1095,765 1122,785 1129,786 1132,787 1135,790 1136,792 1135,794 1131,795 1130,811 1128,815 1126,816 1123,817 1118,813 1090,812 1028,811 1027,808 1027,802 1019,791 1020,787 1021,786 1023,785 1060,785"/>
					<TextEquiv>
						<Unicode>τοὺς</Unicode>
					</TextEquiv>
				</Word>
				<Word id="r1060">
					<Coords points="1324,765 1327,766 1357,766 1378,787 1478,787 1482,789 1484,792 1484,794 1483,796 1479,797 1478,814 1475,815 1473,816 1468,815 1183,813 1180,812 1176,810 1174,807 1173,805 1173,797 1175,794 1176,792 1186,774 1187,766 1321,766"/>
					<TextEquiv>
						<Unicode>ἐσελθόντας</Unicode>
					</TextEquiv>
				</Word>
				<Word id="r1061">
					<Coords points="1568,766 1568,767 1573,767 1573,768 1575,768 1575,769 1576,769 1576,770 1577,770 1577,771 1578,771 1578,772 1579,772 1579,773 1580,773 1580,774 1581,774 1581,775 1582,775 1582,776 1583,776 1583,777 1584,777 1584,778 1585,778 1585,779 1586,779 1586,780 1587,780 1587,781 1588,781 1588,782 1589,782 1589,783 1590,783 1590,784 1591,784 1591,785 1592,785 1592,786 1593,786 1593,787 1594,787 1594,788 1595,788 1595,789 1658,789 1658,797 1659,797 1659,798 1667,798 1667,800 1668,800 1668,801 1669,801 1669,802 1670,802 1670,803 1671,803 1671,804 1672,804 1672,805 1673,805 1673,806 1674,806 1674,807 1675,807 1675,808 1676,808 1676,814 1656,814 1656,813 1542,813 1542,812 1540,812 1540,811 1538,811 1538,809 1537,809 1537,808 1536,808 1536,799 1535,799 1536,799 1536,796 1537,796 1537,794 1538,794 1538,792 1539,792 1539,791 1540,791 1540,790 1541,790 1541,789 1542,789 1542,788 1543,788 1543,787 1544,787 1544,786 1545,786 1545,785 1546,785 1546,784 1547,784 1547,783 1548,783 1548,782 1549,782 1549,781 1550,781 1550,780 1551,780 1551,779 1552,779 1552,778 1553,778 1553,777 1554,777 1554,776 1555,776 1555,775 1556,775 1556,774 1557,774 1557,773 1558,773 1558,772 1559,772 1559,771 1560,771 1560,770 1561,770 1561,769 1562,769 1562,768 1563,768 1563,767 1568,767"/>
					<TextEquiv>
						<Unicode>εἶναι.</Unicode>
					</TextEquiv>
				</Word>
				<TextEquiv>
					<Unicode>πολὺ πλέονας ἡγούμενοι τοὺς ἐσελθόντας εἶναι.</Unicode>
				</TextEquiv>
			</TextLine>
			<TextLine id="r109">
				<Coords points="400,829 714,831 716,832 1461,834 1469,842 1629,842 1631,843 1637,847 1639,850 1640,852 1641,855 1642,857 1646,863 1678,866 1678,870 1676,871 1658,872 1657,877 1655,881 1409,883 1395,897 1082,897 1050,896 990,891 506,888 496,878 322,876 319,875 317,874 313,887 271,885 270,855 268,845 266,825 297,824 399,830"/>
				<Word id="r1062">
					<Coords points="401,830 401,831 403,831 403,832 404,832 404,833 405,833 405,834 406,834 406,835 407,835 407,836 408,836 408,837 409,837 409,838 411,838 411,839 412,839 412,840 413,840 413,841 414,841 414,842 415,842 415,843 416,843 416,844 417,844 417,845 419,845 419,846 420,846 420,847 421,847 421,848 422,848 422,849 423,849 423,850 424,850 424,851 425,851 425,852 537,852 537,853 539,853 539,854 541,854 541,855 542,855 542,859 543,859 539,859 539,860 538,860 538,880 535,880 535,881 533,881 533,882 509,882 509,883 508,883 508,885 507,885 507,887 506,887 506,888 506,887 505,887 505,886 504,886 504,885 503,885 503,884 502,884 502,883 501,883 501,882 500,882 500,881 499,881 499,880 498,880 498,879 497,879 497,878 496,878 496,877 495,877 495,876 408,876 408,875 319,875 319,874 316,874 316,875 291,875 291,876 272,876 272,833 271,833 271,831 297,831 297,832 400,832 400,831 401,831"/>
					<TextEquiv>
						<Unicode>Γολόσσης</Unicode>
					</TextEquiv>
				</Word>
				<Word id="r1064">
					<Coords points="591,831 621,832 622,836 621,840 618,843 608,845 607,866 605,870 602,874 599,877 593,878 589,878 586,876 582,870 582,864 583,861 584,859 587,856 589,833"/>
					<TextEquiv>
						<Unicode>δ᾽</Unicode>
					</TextEquiv>
				</Word>
				<Word id="r1065">
					<Coords points="712,831 716,833 719,835 804,835 807,836 809,837 827,854 829,855 833,860 831,863 829,871 828,879 827,881 825,883 823,884 820,885 818,884 813,879 665,878 664,877 662,874 661,871 662,867 664,862 666,858 668,856 671,854 673,853 690,853"/>
					<TextEquiv>
						<Unicode>αὐτοῖς</Unicode>
					</TextEquiv>
				</Word>
				<Word id="r1066">
					<Coords points="886,833 1048,833 1068,853 1160,854 1160,862 1158,866 1157,869 1150,876 1144,879 1141,880 1140,881 1100,881 1085,896 1048,893 993,891 983,881 905,880 879,879 875,877 873,874 872,872 872,866 875,860 885,850 885,834"/>
					<TextEquiv>
						<Unicode>ἐπιτρέχων</Unicode>
					</TextEquiv>
				</Word>
				<Word id="r1067">
					<Coords points="1240,834 1264,855 1282,855 1283,858 1283,863 1279,871 1276,875 1273,876 1267,880 1264,881 1234,881 1194,880 1192,879 1189,877 1188,875 1188,866 1189,864 1191,862 1193,859 1195,857 1197,856 1201,855 1215,854 1218,854"/>
					<TextEquiv>
						<Unicode>σὺν</Unicode>
					</TextEquiv>
				</Word>
				<Word id="r1068">
					<Coords points="1460,834 1481,855 1519,855 1521,870 1523,872 1521,876 1519,879 1517,881 1409,882 1393,896 1376,883 1373,882 1311,880 1310,838 1310,836 1459,835"/>
					<TextEquiv>
						<Unicode>Νομάσι</Unicode>
					</TextEquiv>
				</Word>
				<Word id="r1069">
					<Coords points="1626,842 1629,843 1631,844 1634,846 1638,849 1639,851 1640,854 1641,856 1643,859 1644,861 1648,866 1677,868 1675,870 1656,871 1655,877 1654,879 1654,881 1557,876 1551,863 1552,859 1553,857 1554,856 1610,856"/>
					<TextEquiv>
						<Unicode>πολ-</Unicode>
					</TextEquiv>
				</Word>
				<TextEquiv>
					<Unicode>Γολόσσης δ᾽ αὐτοῖς ἐπιτρέχων σὺν Νομάσι πολ-</Unicode>
				</TextEquiv>
			</TextLine>
			<TextLine id="r110">
				<Coords points="1642,906 1664,924 1672,925 1675,926 1678,928 1678,933 1675,934 1673,953 1668,955 1558,956 1556,958 1414,959 1405,967 1403,966 689,964 676,951 363,949 315,946 270,945 268,908 267,905"/>
				<Word id="r1070">
					<Coords points="267,906 354,906 368,919 372,920 375,921 380,925 379,927 377,929 375,937 373,947 368,949 362,946 269,944 268,908"/>
					<TextEquiv>
						<Unicode>λοῖς</Unicode>
					</TextEquiv>
				</Word>
				<Word id="r1071">
					<Coords points="517,906 519,907 521,911 523,935 526,938 525,941 518,947 515,946 476,945 440,943 441,939 442,936 443,934 447,922 456,920 464,919 503,919"/>
					<TextEquiv>
						<Unicode>καὶ</Unicode>
					</TextEquiv>
				</Word>
				<Word id="r1072">
					<Coords points="603,906 704,906 719,921 807,927 811,937 811,939 808,944 769,947 707,948 690,964 674,949 599,948 595,947 591,945 589,941 589,932 590,930 603,917"/>
					<TextEquiv>
						<Unicode>ἐλέφασι</Unicode>
					</TextEquiv>
				</Word>
				<Word id="r1073">
					<Coords points="990,906 1008,922 1030,922 1029,934 1026,938 1024,941 1021,943 1018,946 1012,948 1007,948 869,943 862,929 863,926 866,922 922,922 936,908 986,908"/>
					<TextEquiv>
						<Unicode>πολὺν</Unicode>
					</TextEquiv>
				</Word>
				<Word id="r1074">
					<Coords points="1113,906 1247,908 1259,910 1272,923 1335,923 1339,926 1341,935 1341,938 1340,941 1338,944 1335,948 1333,949 1329,950 1257,951 1246,961 1245,962 1128,964 1124,965 1108,949 1090,948 1085,947 1081,941 1081,935 1083,931 1085,928 1086,926 1089,924 1093,923 1096,922"/>
					<TextEquiv>
						<Unicode>εἰργάζετο</Unicode>
					</TextEquiv>
				</Word>
				<Word id="r1075">
					<Coords points="1451,906 1472,924 1544,924 1547,927 1562,945 1563,947 1561,953 1559,955 1555,958 1413,958 1404,966 1403,954 1395,945 1394,943 1393,937 1394,932 1395,930 1413,911 1414,908 1415,907 1448,907"/>
					<TextEquiv>
						<Unicode>φόνον,</Unicode>
					</TextEquiv>
				</Word>
				<Word id="r1076">
					<Coords points="1639,906 1642,907 1666,925 1673,926 1675,927 1677,930 1673,933 1671,953 1668,954 1666,955 1662,952 1621,951 1619,950 1617,947 1616,941 1616,939 1617,935 1618,933 1619,932 1634,913 1635,908 1636,907"/>
					<TextEquiv>
						<Unicode>ὡς</Unicode>
					</TextEquiv>
				</Word>
				<TextEquiv>
					<Unicode>λοῖς καὶ ἐλέφασι πολὺν εἰργάζετο φόνον, ὡς</Unicode>
				</TextEquiv>
			</TextLine>
			<TextLine id="r111">
				<Coords points="437,965 441,968 1650,976 1653,977 1672,995 1678,998 1679,1000 1678,1002 1676,1004 1674,1012 1672,1022 1669,1025 1213,1025 1204,1032 1202,1031 1131,1029 640,1026 639,1016 327,1015 313,1014 275,1013 271,1011 270,1010 269,1006 270,1001 271,998 272,996 285,975 286,967 288,966 435,966"/>
				<Word id="r1077">
					<Coords points="288,966 439,967 508,969 527,988 563,988 565,1003 566,1008 563,1012 326,1014 312,1013 274,1012 270,1010 269,1008 269,1005 270,1000 271,997 272,996 286,974 287,967"/>
					<TextEquiv>
						<Unicode>ἀπολέσθαι</Unicode>
					</TextEquiv>
				</Word>
				<Word id="r1078">
					<Coords points="690,971 709,989 728,989 729,991 729,995 728,998 726,1002 726,1004 717,1012 713,1014 710,1015 709,1016 652,1016 641,1026 640,1021 641,1018 642,1016 643,1011 644,1007 645,1004 646,1000 647,997 648,993 649,991 650,990 666,989 671,989"/>
					<TextEquiv>
						<Unicode>μὲν</Unicode>
					</TextEquiv>
				</Word>
				<Word id="r1079">
					<Coords points="809,971 833,990 837,992 839,994 839,996 838,998 834,999 833,1018 830,1019 824,1018 802,1015 798,1014 795,1012 792,1008 792,1001 794,998 795,995 796,994"/>
					<TextEquiv>
						<Unicode>ἐς</Unicode>
					</TextEquiv>
				</Word>
				<Word id="r1080">
					<Coords points="918,972 925,974 1252,974 1270,991 1272,992 1331,992 1336,994 1338,995 1339,997 1338,999 1336,1001 1334,1018 1331,1022 1213,1022 1203,1031 1201,1029 1132,1029 1120,1017 912,1016 906,1013 904,1002 906,998 910,993 913,973"/>
					<TextEquiv>
						<Unicode>ἑπτακισμυρίους</Unicode>
					</TextEquiv>
				</Word>
				<Word id="r1081">
					<Coords points="1459,975 1479,992 1501,992 1501,1001 1499,1007 1491,1015 1488,1016 1484,1018 1481,1019 1455,1019 1415,1018 1412,1017 1409,1015 1407,1011 1407,1005 1408,1002 1411,998 1415,995 1417,994 1424,993 1439,993"/>
					<TextEquiv>
						<Unicode>σὺν</Unicode>
					</TextEquiv>
				</Word>
				<Word id="r1082">
					<Coords points="1648,976 1651,977 1653,978 1672,996 1678,999 1677,1001 1674,1003 1672,1010 1671,1020 1667,1024 1663,1021 1640,1020 1583,1019 1575,997 1577,993 1626,993 1641,978 1644,977"/>
					<TextEquiv>
						<Unicode>τοῖς</Unicode>
					</TextEquiv>
				</Word>
				<TextEquiv>
					<Unicode>ἀπολέσθαι μὲν ἐς ἑπτακισμυρίους σὺν τοῖς</Unicode>
				</TextEquiv>
			</TextLine>
			<TextLine id="r112">
				<Coords points="777,1035 779,1036 1667,1041 1668,1044 1673,1050 1675,1054 1677,1076 1679,1081 1678,1083 1673,1089 1647,1089 1639,1090 1638,1094 1637,1103 1636,1105 1630,1103 306,1099 281,1082 272,1081 271,1079 271,1070 272,1067 273,1066 286,1045 288,1036 776,1036"/>
				<Word id="r1083">
					<Coords points="288,1036 423,1036 443,1056 486,1056 491,1057 495,1059 496,1062 510,1076 511,1079 509,1085 508,1087 506,1089 357,1090 348,1099 306,1099 285,1082 276,1081 271,1079 271,1070 272,1067 273,1066 287,1046 288,1040"/>
					<TextEquiv>
						<Unicode>ἀχρείοις,</Unicode>
					</TextEquiv>
				</Word>
				<Word id="r1084">
					<Coords points="562,1036 567,1039 639,1039 642,1041 644,1042 660,1058 733,1064 737,1075 735,1079 734,1082 731,1083 692,1084 577,1083 544,1082 541,1080 539,1076 539,1074 540,1069 542,1065 543,1064 556,1045 557,1038 558,1037"/>
					<TextEquiv>
						<Unicode>ἁλῶναι</Unicode>
					</TextEquiv>
				</Word>
				<Word id="r1085">
					<Coords points="776,1036 779,1037 804,1037 804,1045 803,1048 791,1050 789,1071 788,1075 785,1081 780,1083 773,1083 769,1081 766,1077 767,1066 770,1062 772,1038 773,1037"/>
					<TextEquiv>
						<Unicode>δ᾽</Unicode>
					</TextEquiv>
				</Word>
				<Word id="r1086">
					<Coords points="850,1039 853,1040 874,1058 877,1059 881,1063 882,1065 880,1066 877,1067 876,1083 874,1086 871,1088 866,1087 843,1085 840,1084 837,1082 835,1078 835,1070 837,1066 847,1056 847,1040"/>
					<TextEquiv>
						<Unicode>ἐς</Unicode>
					</TextEquiv>
				</Word>
				<Word id="r1087">
					<Coords points="1036,1038 1060,1059 1118,1059 1121,1060 1123,1061 1140,1078 1141,1083 1140,1088 1139,1090 1136,1093 1134,1094 1133,1095 994,1098 987,1099 918,1095 919,1090 920,1087 921,1083 923,1077 924,1075 925,1072 926,1070 928,1062 929,1060 945,1059 1013,1059"/>
					<TextEquiv>
						<Unicode>μυρίους,</Unicode>
					</TextEquiv>
				</Word>
				<Word id="r1088">
					<Coords points="1182,1039 1187,1040 1190,1042 1192,1043 1410,1044 1412,1045 1433,1061 1439,1063 1439,1066 1438,1069 1437,1071 1436,1074 1431,1079 1426,1083 1424,1085 1420,1086 1364,1087 1348,1101 1345,1099 1271,1099 1259,1087 1203,1086 1178,1085 1176,1084 1173,1082 1171,1078 1171,1071 1172,1069 1174,1066 1176,1041 1177,1040"/>
					<TextEquiv>
						<Unicode>διαφυγεῖν</Unicode>
					</TextEquiv>
				</Word>
				<Word id="r1089">
					<Coords points="1487,1040 1490,1041 1518,1042 1517,1052 1510,1055 1502,1057 1501,1077 1499,1081 1498,1084 1495,1085 1493,1086 1482,1086 1480,1084 1478,1081 1477,1076 1478,1071 1480,1067 1484,1063 1484,1041"/>
					<TextEquiv>
						<Unicode>δ᾽</Unicode>
					</TextEquiv>
				</Word>
				<Word id="r1090">
					<Coords points="1562,1041 1666,1041 1669,1046 1672,1050 1674,1054 1676,1078 1678,1080 1677,1082 1672,1088 1646,1088 1638,1090 1636,1094 1635,1103 1631,1102 1582,1101 1569,1088 1549,1087 1547,1085 1546,1080 1547,1074 1549,1070 1561,1050 1562,1042"/>
					<TextEquiv>
						<Unicode>ἀμφὶ</Unicode>
					</TextEquiv>
				</Word>
				<TextEquiv>
					<Unicode>ἀχρείοις, ἁλῶναι δ᾽ ἐς μυρίους, διαφυγεῖν δ᾽ ἀμφὶ</Unicode>
				</TextEquiv>
			</TextLine>
			<TextLine id="r113">
				<Coords points="344,1104 1673,1111 1675,1112 1676,1134 1677,1145 1676,1148 1675,1152 1674,1155 1673,1157 1672,1162 1671,1165 1670,1170 513,1169 500,1156 370,1154 310,1151 305,1150 278,1149 278,1141 269,1130 270,1127 271,1126 273,1125 323,1125"/>
				<Word id="r1091">
					<Coords points="345,1105 373,1125 380,1126 382,1127 383,1128 385,1131 381,1134 380,1150 379,1153 370,1152 309,1150 305,1149 278,1144 269,1130 271,1126 273,1125 324,1125"/>
					<TextEquiv>
						<Unicode>τοὺς</Unicode>
					</TextEquiv>
				</Word>
				<Word id="r1092">
					<Coords points="790,1107 813,1127 873,1127 877,1129 893,1145 894,1148 893,1151 892,1153 873,1155 869,1157 719,1158 708,1169 513,1169 496,1152 433,1151 433,1144 425,1132 430,1126 433,1125 726,1125 738,1113 781,1113"/>
					<TextEquiv>
						<Unicode>τετρακισχιλίους.</Unicode>
					</TextEquiv>
				</Word>
				<Word id="r1093">
					<Coords points="985,1108 1029,1110 1040,1113 1044,1115 1057,1128 1105,1130 1107,1133 1108,1138 1108,1140 1107,1144 1105,1147 1103,1151 1097,1153 982,1153 978,1152 976,1151 973,1147 972,1144 974,1136 982,1127 982,1110"/>
					<TextEquiv>
						<Unicode>ἑάλω</Unicode>
					</TextEquiv>
				</Word>
				<Word id="r1094">
					<Coords points="1167,1109 1202,1109 1203,1111 1204,1114 1206,1118 1207,1128 1209,1129 1210,1131 1210,1134 1208,1154 1170,1154 1166,1153 1164,1152 1162,1149 1161,1147 1161,1138 1162,1136 1164,1133 1166,1110"/>
					<TextEquiv>
						<Unicode>δὲ</Unicode>
					</TextEquiv>
				</Word>
				<Word id="r1095">
					<Coords points="1322,1110 1324,1111 1325,1113 1327,1119 1328,1121 1331,1143 1333,1148 1329,1154 1326,1155 1324,1156 1305,1155 1251,1154 1251,1150 1255,1138 1256,1136 1257,1133 1265,1131 1274,1130 1295,1129 1301,1129"/>
					<TextEquiv>
						<Unicode>καὶ</Unicode>
					</TextEquiv>
				</Word>
				<Word id="r1096">
					<Coords points="1406,1110 1411,1111 1412,1130 1413,1132 1413,1143 1411,1147 1410,1150 1409,1154 1408,1157 1407,1159 1405,1165 1403,1167 1401,1164 1390,1144 1388,1134 1400,1117 1401,1112 1402,1111"/>
					<TextEquiv>
						<Unicode>ἡ</Unicode>
					</TextEquiv>
				</Word>
				<Word id="r1097">
					<Coords points="1518,1111 1531,1115 1539,1117 1541,1118 1553,1129 1600,1129 1604,1130 1607,1132 1609,1134 1610,1137 1607,1139 1605,1140 1604,1156 1603,1158 1601,1160 1592,1158 1462,1155 1461,1150 1456,1136 1457,1131 1458,1130 1460,1129 1486,1128 1498,1128"/>
					<TextEquiv>
						<Unicode>πόλις</Unicode>
					</TextEquiv>
				</Word>
				<Word id="r1098">
					<Coords points="1670,1111 1673,1112 1675,1113 1675,1145 1674,1148 1673,1152 1672,1155 1671,1157 1670,1162 1669,1165 1667,1169 1653,1150 1650,1140 1651,1137 1653,1134 1664,1119 1665,1113 1666,1112"/>
					<TextEquiv>
						<Unicode>ἡ</Unicode>
					</TextEquiv>
				</Word>
				<TextEquiv>
					<Unicode>τοὺς τετρακισχιλίους. ἑάλω δὲ καὶ ἡ πόλις ἡ</Unicode>
				</TextEquiv>
			</TextLine>
			<TextLine id="r114">
				<Coords points="341,1171 345,1173 1423,1176 1425,1179 1532,1179 1551,1198 1645,1198 1664,1199 1679,1201 1680,1203 1679,1207 1676,1212 1674,1216 1671,1219 1669,1220 1667,1222 1664,1224 1661,1225 1159,1226 1158,1228 1156,1229 1155,1230 1133,1230 1125,1238 719,1238 716,1237 360,1236 337,1220 329,1219 280,1219 280,1174 337,1174"/>
				<Word id="r1099">
					<Coords points="341,1172 346,1176 373,1176 390,1193 458,1193 482,1194 485,1195 487,1196 488,1198 487,1203 485,1211 484,1220 479,1225 427,1225 417,1235 362,1235 360,1236 340,1220 332,1219 328,1218 280,1218 280,1174 338,1174"/>
					<TextEquiv>
						<Unicode>Νέφερις</Unicode>
					</TextEquiv>
				</Word>
				<Word id="r1100">
					<Coords points="555,1174 614,1174 617,1180 619,1186 621,1210 624,1212 622,1215 621,1217 618,1221 571,1221 549,1220 546,1219 544,1218 542,1216 541,1213 539,1209 540,1205 542,1201 543,1200 553,1183"/>
					<TextEquiv>
						<Unicode>ἐπὶ</Unicode>
					</TextEquiv>
				</Word>
				<Word id="r1101">
					<Coords points="728,1178 733,1179 736,1181 737,1188 743,1201 744,1206 743,1211 741,1215 735,1220 730,1221 726,1228 725,1235 720,1237 700,1221 684,1220 683,1215 675,1201 676,1197 677,1196 706,1196 722,1180"/>
					<TextEquiv>
						<Unicode>τῷ</Unicode>
					</TextEquiv>
				</Word>
				<Word id="r1102">
					<Coords points="1069,1176 1097,1177 1099,1178 1117,1196 1138,1196 1141,1197 1159,1214 1162,1219 1161,1224 1158,1226 1155,1229 1127,1229 1126,1236 877,1236 859,1222 855,1221 812,1220 809,1218 807,1215 806,1212 806,1209 808,1205 810,1203 812,1200 814,1198 816,1197 819,1196 1050,1195"/>
					<TextEquiv>
						<Unicode>στρατοπέδῳ,</Unicode>
					</TextEquiv>
				</Word>
				<Word id="r1103">
					<Coords points="1222,1176 1273,1176 1296,1198 1300,1201 1301,1207 1300,1214 1298,1217 1295,1220 1291,1222 1223,1222 1217,1219 1216,1217 1215,1214 1215,1209 1216,1205 1217,1203 1219,1200 1221,1178"/>
					<TextEquiv>
						<Unicode>δύο</Unicode>
					</TextEquiv>
				</Word>
				<Word id="r1104">
					<Coords points="1421,1176 1425,1179 1427,1181 1428,1184 1429,1186 1430,1189 1431,1191 1433,1212 1434,1218 1431,1221 1428,1223 1353,1223 1353,1216 1354,1213 1356,1210 1357,1204 1358,1201 1360,1199 1375,1197 1400,1197"/>
					<TextEquiv>
						<Unicode>καὶ</Unicode>
					</TextEquiv>
				</Word>
				<Word id="r1105">
					<Coords points="1530,1179 1550,1198 1644,1198 1663,1199 1666,1200 1678,1201 1678,1203 1677,1208 1675,1210 1673,1214 1671,1217 1667,1220 1664,1223 1660,1224 1493,1224 1489,1222 1487,1219 1486,1217 1486,1211 1487,1207 1489,1204 1494,1201 1497,1198 1501,1198 1523,1181"/>
					<TextEquiv>
						<Unicode>εἴκοσιν</Unicode>
					</TextEquiv>
				</Word>
				<TextEquiv>
					<Unicode>Νέφερις ἐπὶ τῷ στρατοπέδῳ, δύο καὶ εἴκοσιν</Unicode>
				</TextEquiv>
			</TextLine>
			<TextLine id="r115">
				<Coords points="359,1240 362,1241 1593,1243 1617,1267 1681,1270 1687,1282 1685,1285 1684,1287 1680,1291 1623,1293 1594,1294 1297,1297 1285,1308 1279,1303 300,1302 284,1301 284,1300 271,1281 268,1270 282,1250 283,1244 284,1243 288,1241 357,1241"/>
				<Word id="r1106">
					<Coords points="288,1241 361,1241 382,1262 468,1263 471,1265 473,1266 474,1268 473,1270 469,1271 468,1285 466,1290 462,1292 375,1293 366,1302 299,1301 284,1298 273,1284 272,1280 268,1271 271,1266 273,1263 282,1252 283,1246 284,1243"/>
					<TextEquiv>
						<Unicode>ἡμέραις</Unicode>
					</TextEquiv>
				</Word>
				<Word id="r1107">
					<Coords points="552,1242 561,1248 599,1248 605,1250 607,1251 619,1263 707,1263 709,1264 712,1266 711,1272 709,1279 708,1288 707,1290 705,1292 698,1291 675,1289 543,1288 527,1287 526,1286 524,1280 525,1274 526,1271 528,1268 536,1260 536,1243 549,1243"/>
					<TextEquiv>
						<Unicode>ἄλλαις</Unicode>
					</TextEquiv>
				</Word>
				<Word id="r1108">
					<Coords points="1058,1243 1064,1247 1107,1247 1110,1248 1127,1265 1181,1265 1184,1280 1186,1283 1186,1285 1183,1289 1179,1291 1031,1292 1019,1302 1016,1301 936,1301 926,1291 795,1290 780,1285 773,1272 774,1268 777,1265 779,1264 833,1264 848,1249 1049,1247 1055,1244"/>
					<TextEquiv>
						<Unicode>πολιορκηθεῖσα</Unicode>
					</TextEquiv>
				</Word>
				<Word id="r1109">
					<Coords points="1325,1243 1357,1267 1364,1268 1367,1272 1365,1276 1363,1283 1362,1292 1361,1294 1359,1295 1296,1296 1284,1307 1268,1292 1248,1287 1241,1273 1242,1268 1244,1267 1301,1266"/>
					<TextEquiv>
						<Unicode>πρὸς</Unicode>
					</TextEquiv>
				</Word>
				<Word id="r1110">
					<Coords points="1497,1249 1502,1250 1504,1252 1505,1254 1507,1267 1508,1269 1508,1273 1505,1282 1503,1285 1501,1289 1495,1292 1459,1292 1428,1291 1428,1284 1419,1273 1420,1269 1422,1267 1424,1266 1476,1266 1491,1251 1493,1250"/>
					<TextEquiv>
						<Unicode>τοῦ</Unicode>
					</TextEquiv>
				</Word>
				<Word id="r1111">
					<Coords points="1591,1243 1617,1268 1633,1268 1647,1269 1660,1280 1669,1281 1675,1282 1672,1285 1652,1286 1650,1288 1649,1291 1593,1293 1591,1293 1560,1292 1560,1249 1562,1248 1583,1247 1586,1247"/>
					<TextEquiv>
						<Unicode>Σκι-</Unicode>
					</TextEquiv>
				</Word>
				<TextEquiv>
					<Unicode>ἡμέραις ἄλλαις πολιορκηθεῖσα πρὸς τοῦ Σκι-</Unicode>
				</TextEquiv>
			</TextLine>
			<TextLine id="r116">
				<Coords points="325,1307 327,1308 1431,1313 1432,1316 1433,1318 1663,1318 1668,1320 1670,1323 1673,1337 1676,1341 1676,1352 1675,1354 1674,1357 1671,1360 1668,1361 1660,1362 1659,1377 1656,1378 1592,1379 1567,1378 1131,1376 1128,1375 1106,1375 1093,1362 437,1359 275,1367 263,1356 267,1339 266,1336 267,1334 270,1331 273,1330 301,1330 323,1308"/>
				<Word id="r1112">
					<Coords points="324,1308 349,1331 448,1331 452,1333 453,1335 453,1338 449,1339 455,1354 448,1367 439,1366 270,1363 267,1339 266,1336 267,1334 271,1331 273,1330 301,1330"/>
					<TextEquiv>
						<Unicode>πίωνος</Unicode>
					</TextEquiv>
				</Word>
				<Word id="r1113">
					<Coords points="563,1310 591,1331 596,1332 626,1332 626,1339 625,1343 623,1347 622,1351 617,1356 614,1357 498,1356 495,1343 494,1332 510,1330 541,1330"/>
					<TextEquiv>
						<Unicode>πάνυ</Unicode>
					</TextEquiv>
				</Word>
				<Word id="r1114">
					<Coords points="905,1311 912,1314 940,1314 944,1316 946,1320 965,1333 974,1334 976,1335 979,1338 976,1341 974,1342 973,1360 682,1357 666,1356 667,1354 669,1348 671,1344 672,1341 673,1337 682,1333 690,1332 879,1332 896,1315"/>
					<TextEquiv>
						<Unicode>κακοπαθῶς</Unicode>
					</TextEquiv>
				</Word>
				<Word id="r1115">
					<Coords points="1034,1312 1067,1338 1066,1342 1065,1345 1062,1349 1058,1353 1048,1358 1044,1358 1027,1357 1024,1356 1022,1355 1021,1354 1019,1349 1018,1344 1019,1341 1020,1339 1031,1328"/>
					<TextEquiv>
						<Unicode>ἐν</Unicode>
					</TextEquiv>
				</Word>
				<Word id="r1116">
					<Coords points="1253,1314 1259,1316 1277,1333 1316,1333 1318,1349 1319,1353 1317,1356 1314,1359 1311,1360 1207,1361 1195,1372 1194,1373 1140,1373 1138,1375 1130,1375 1127,1374 1106,1374 1105,1341 1107,1337 1111,1333 1138,1332 1232,1332 1248,1316 1250,1315"/>
					<TextEquiv>
						<Unicode>χειμῶνι</Unicode>
					</TextEquiv>
				</Word>
				<Word id="r1117">
					<Coords points="1429,1313 1431,1314 1434,1318 1437,1324 1439,1327 1440,1348 1443,1351 1441,1355 1436,1361 1360,1360 1359,1359 1361,1353 1362,1351 1363,1347 1366,1338 1375,1335 1383,1334 1408,1334"/>
					<TextEquiv>
						<Unicode>καὶ</Unicode>
					</TextEquiv>
				</Word>
				<Word id="r1118">
					<Coords points="1509,1318 1662,1318 1665,1319 1668,1321 1669,1323 1670,1327 1673,1338 1674,1352 1671,1358 1667,1360 1658,1361 1657,1377 1655,1378 1567,1377 1500,1369 1494,1355 1493,1353 1483,1342 1484,1339 1487,1336 1490,1335"/>
					<TextEquiv>
						<Unicode>ψυχρῷ</Unicode>
					</TextEquiv>
				</Word>
				<TextEquiv>
					<Unicode>πίωνος πάνυ κακοπαθῶς ἐν χειμῶνι καὶ ψυχρῷ</Unicode>
				</TextEquiv>
			</TextLine>
			<TextLine id="r117">
				<Coords points="571,1377 573,1378 1647,1384 1650,1386 1652,1387 1672,1405 1677,1410 1673,1413 1671,1432 1668,1434 1505,1438 1500,1443 266,1442 266,1405 269,1400 274,1397 384,1397 401,1380 568,1380"/>
				<Word id="r1119">
					<Coords points="402,1380 428,1400 434,1401 436,1402 451,1416 453,1417 456,1421 455,1424 453,1425 421,1426 420,1440 415,1441 266,1442 266,1405 267,1403 269,1400 272,1398 274,1397 384,1397"/>
					<TextEquiv>
						<Unicode>χωρίῳ.</Unicode>
					</TextEquiv>
				</Word>
				<Word id="r1120">
					<Coords points="571,1378 573,1379 575,1381 577,1384 580,1390 581,1396 586,1406 587,1412 586,1418 585,1420 583,1423 581,1425 578,1426 569,1426 541,1425 540,1421 532,1406 541,1400"/>
					<TextEquiv>
						<Unicode>τὸ</Unicode>
					</TextEquiv>
				</Word>
				<Word id="r1121">
					<Coords points="635,1379 670,1379 671,1382 672,1384 674,1387 675,1390 676,1395 678,1401 679,1402 678,1405 676,1425 673,1426 667,1426 636,1425 633,1424 631,1423 629,1419 629,1409 631,1407 633,1404 634,1380"/>
					<TextEquiv>
						<Unicode>δὲ</Unicode>
					</TextEquiv>
				</Word>
				<Word id="r1122">
					<Coords points="740,1379 763,1400 862,1400 863,1402 863,1405 862,1409 861,1411 859,1414 856,1419 852,1422 849,1424 846,1425 844,1426 804,1427 788,1441 785,1439 743,1439 730,1428 726,1427 723,1426 720,1424 719,1421 719,1411 720,1408 722,1405 724,1392 725,1381 737,1381"/>
					<TextEquiv>
						<Unicode>ἔργον</Unicode>
					</TextEquiv>
				</Word>
				<Word id="r1123">
					<Coords points="940,1381 969,1381 971,1382 996,1401 1004,1404 1001,1407 1000,1425 999,1427 901,1427 900,1419 892,1407 896,1402 899,1401 920,1401"/>
					<TextEquiv>
						<Unicode>τόδε</Unicode>
					</TextEquiv>
				</Word>
				<Word id="r1124">
					<Coords points="1096,1381 1106,1387 1111,1388 1114,1389 1127,1401 1152,1401 1263,1409 1266,1419 1266,1422 1264,1426 1260,1428 1045,1429 1030,1442 1028,1440 1029,1438 1030,1435 1031,1433 1034,1424 1035,1420 1037,1415 1038,1410 1040,1404 1041,1402 1073,1402"/>
					<TextEquiv>
						<Unicode>μάλιστα</Unicode>
					</TextEquiv>
				</Word>
				<Word id="r265">
					<Coords points="1292,1397 1303,1396 1313,1395 1323,1394 1345,1394 1355,1392 1365,1391 1375,1390 1385,1389 1395,1388 1428,1388 1438,1390 1448,1392 1458,1393 1468,1394 1590,1394 1600,1395 1610,1397 1617,1405 1616,1415 1611,1424 1603,1431 1593,1433 1582,1433 1572,1432 1562,1434 1529,1434 1519,1435 1509,1437 1499,1439 1477,1439 1467,1438 1457,1437 1447,1436 1437,1437 1426,1437 1416,1440 1405,1440 1395,1437 1385,1436 1307,1436 1297,1434 1287,1432 1281,1423 1281,1412 1283,1402"/>
					<TextEquiv>
						<Unicode>συνήνεγκεν</Unicode>
					</TextEquiv>
				</Word>
				<Word id="r1126">
					<Coords points="1646,1384 1649,1386 1651,1387 1668,1404 1670,1405 1675,1410 1672,1412 1670,1413 1669,1432 1665,1434 1661,1431 1638,1430 1634,1428 1632,1425 1631,1423 1631,1415 1632,1413 1634,1411 1635,1409 1644,1392 1645,1385"/>
					<TextEquiv>
						<Unicode>ἐς</Unicode>
					</TextEquiv>
				</Word>
				<TextEquiv>
					<Unicode>χωρίῳ. τὸ δὲ ἔργον τόδε μάλιστα συνήνεγκεν ἐς</Unicode>
				</TextEquiv>
			</TextLine>
			<TextLine id="r118">
				<Coords points="312,1445 314,1446 1325,1448 1327,1449 1660,1450 1663,1452 1666,1461 1671,1471 1676,1488 1677,1492 1676,1495 1674,1497 1671,1498 1540,1500 1527,1513 670,1512 610,1510 447,1508 445,1507 316,1507 304,1495 276,1493 275,1485 267,1474 268,1469 269,1468 271,1467 289,1467"/>
				<Word id="r1127">
					<Coords points="312,1446 335,1468 358,1469 358,1474 357,1476 356,1480 353,1484 350,1487 344,1491 340,1493 331,1494 323,1496 320,1505 316,1506 303,1493 275,1492 272,1481 268,1476 267,1473 268,1468 270,1467 290,1467"/>
					<TextEquiv>
						<Unicode>τὴν</Unicode>
					</TextEquiv>
				</Word>
				<Word id="r1128">
					<Coords points="448,1451 452,1452 454,1453 474,1467 480,1468 484,1470 486,1473 484,1476 481,1477 480,1495 478,1497 474,1499 454,1499 453,1501 452,1507 447,1508 434,1495 406,1494 406,1486 398,1476 397,1473 399,1470 401,1468 426,1468 443,1452"/>
					<TextEquiv>
						<Unicode>τῆς</Unicode>
					</TextEquiv>
				</Word>
				<Word id="r1129">
					<Coords points="728,1447 772,1447 794,1469 850,1469 855,1471 857,1472 858,1475 855,1478 853,1479 852,1495 851,1497 849,1498 712,1499 704,1507 678,1509 674,1511 669,1511 642,1510 611,1510 596,1495 543,1494 527,1494 526,1450 526,1449 528,1448 727,1448"/>
					<TextEquiv>
						<Unicode>Καρχηδόνος</Unicode>
					</TextEquiv>
				</Word>
				<Word id="r1130">
					<Coords points="924,1448 933,1454 941,1456 956,1470 1063,1470 1098,1472 1113,1489 1114,1492 1113,1494 1111,1495 1078,1496 918,1495 900,1494 898,1491 898,1481 900,1477 904,1473 907,1455 909,1452 920,1451"/>
					<TextEquiv>
						<Unicode>ἅλωσιν.</Unicode>
					</TextEquiv>
				</Word>
				<Word id="r1131">
					<Coords points="1201,1448 1205,1450 1208,1452 1231,1470 1238,1471 1240,1474 1238,1477 1237,1496 1234,1497 1185,1498 1172,1509 1170,1507 1157,1488 1153,1478 1154,1475 1163,1460 1164,1454 1170,1453 1179,1450 1197,1450"/>
					<TextEquiv>
						<Unicode>ἥδε</Unicode>
					</TextEquiv>
				</Word>
				<Word id="r1132">
					<Coords points="1324,1448 1328,1450 1349,1471 1367,1471 1369,1472 1372,1476 1373,1481 1372,1486 1371,1489 1369,1492 1366,1495 1364,1496 1357,1497 1351,1498 1350,1501 1348,1511 1344,1511 1287,1510 1286,1497 1276,1485 1274,1479 1275,1475 1277,1473 1281,1471 1301,1471"/>
					<TextEquiv>
						<Unicode>γὰρ</Unicode>
					</TextEquiv>
				</Word>
				<Word id="r1133">
					<Coords points="1420,1451 1423,1452 1425,1453 1426,1474 1428,1477 1428,1484 1423,1499 1422,1504 1421,1507 1419,1511 1417,1512 1416,1509 1403,1490 1400,1480 1402,1476 1414,1461 1415,1456 1417,1452 1418,1452"/>
					<TextEquiv>
						<Unicode>ἡ</Unicode>
					</TextEquiv>
				</Word>
				<Word id="r1134">
					<Coords points="1660,1451 1663,1454 1665,1460 1668,1466 1669,1470 1670,1473 1671,1474 1672,1477 1673,1488 1676,1490 1675,1494 1672,1497 1670,1498 1540,1499 1526,1512 1513,1499 1465,1498 1460,1496 1457,1492 1456,1488 1457,1484 1458,1481 1459,1479 1463,1475 1467,1473 1478,1472 1638,1472"/>
					<TextEquiv>
						<Unicode>στρατιὰ</Unicode>
					</TextEquiv>
				</Word>
				<TextEquiv>
					<Unicode>τὴν τῆς Καρχηδόνος ἅλωσιν. ἥδε γὰρ ἡ στρατιὰ</Unicode>
				</TextEquiv>
			</TextLine>
			<TextLine id="r119">
				<Coords points="309,1513 311,1514 1664,1520 1668,1528 1669,1532 1671,1543 1675,1545 1676,1548 1676,1557 1675,1560 1672,1564 1668,1567 1665,1568 1423,1569 1420,1570 1086,1572 1078,1580 315,1576 301,1562 275,1561 275,1553 266,1542 267,1538 268,1537 270,1536 279,1535"/>
				<Word id="r1135">
					<Coords points="309,1514 312,1515 334,1536 357,1537 357,1542 356,1545 354,1549 350,1554 345,1558 343,1560 339,1561 337,1562 322,1563 321,1565 320,1573 318,1575 315,1576 300,1561 275,1556 266,1542 267,1539 268,1537 270,1536 286,1536"/>
					<TextEquiv>
						<Unicode>τὴν</Unicode>
					</TextEquiv>
				</Word>
				<Word id="r1136">
					<Coords points="421,1515 424,1516 550,1516 571,1537 594,1537 594,1543 593,1546 592,1548 591,1551 589,1554 581,1560 578,1562 572,1563 518,1564 504,1576 448,1576 435,1563 405,1562 402,1560 401,1557 401,1552 402,1548 403,1546 405,1544 406,1542 417,1524"/>
					<TextEquiv>
						<Unicode>ἀγορὰν</Unicode>
					</TextEquiv>
				</Word>
				<Word id="r1137">
					<Coords points="698,1516 703,1520 789,1520 792,1521 811,1538 816,1540 817,1541 818,1544 817,1546 815,1547 814,1555 812,1565 810,1567 806,1568 801,1565 667,1564 649,1563 647,1562 645,1556 646,1553 647,1549 648,1547 652,1542 654,1540 674,1539 696,1517"/>
					<TextEquiv>
						<Unicode>αὐτοῖς</Unicode>
					</TextEquiv>
				</Word>
				<Word id="r1138">
					<Coords points="874,1517 874,1518 1068,1518 1068,1519 1070,1519 1070,1521 1071,1521 1071,1523 1072,1523 1072,1527 1073,1527 1073,1531 1072,1531 1072,1534 1071,1534 1071,1539 1105,1539 1105,1540 1195,1540 1195,1545 1196,1545 1196,1546 1197,1546 1197,1547 1198,1547 1198,1548 1199,1548 1199,1549 1200,1549 1200,1550 1201,1550 1201,1551 1202,1551 1202,1552 1203,1552 1203,1553 1204,1553 1204,1554 1205,1554 1205,1555 1206,1555 1206,1556 1207,1556 1207,1557 1208,1557 1208,1558 1209,1558 1209,1562 1210,1562 1209,1562 1209,1566 1208,1566 1208,1568 1207,1568 1207,1569 1206,1569 1206,1571 1084,1571 1084,1572 1083,1572 1083,1573 1082,1573 1082,1574 1081,1574 1081,1575 1080,1575 1080,1576 1079,1576 1079,1577 1078,1577 1078,1578 1077,1578 1077,1579 1010,1579 1010,1578 1009,1578 1009,1577 1008,1577 1008,1576 1007,1576 1007,1575 1006,1575 1006,1574 1005,1574 1005,1573 1004,1573 1004,1572 1003,1572 1003,1571 1002,1571 1002,1570 1001,1570 1001,1569 1000,1569 1000,1568 999,1568 999,1567 998,1567 998,1566 997,1566 997,1565 996,1565 996,1564 895,1564 895,1563 871,1563 871,1562 867,1562 867,1561 865,1561 865,1559 864,1559 864,1558 863,1558 863,1555 862,1555 862,1548 863,1548 863,1546 864,1546 864,1545 865,1545 865,1544 866,1544 866,1542 867,1542 867,1541 868,1541 868,1518 874,1518"/>
					<TextEquiv>
						<Unicode>διεπόρθμευε,</Unicode>
					</TextEquiv>
				</Word>
				<Word id="r1140">
					<Coords points="1330,1519 1333,1520 1334,1521 1336,1525 1337,1528 1338,1530 1340,1554 1343,1557 1340,1562 1338,1564 1259,1562 1260,1558 1261,1556 1264,1547 1265,1543 1266,1540 1267,1539 1309,1539"/>
					<TextEquiv>
						<Unicode>καὶ</Unicode>
					</TextEquiv>
				</Word>
				<Word id="r1141">
					<Coords points="1400,1519 1425,1541 1427,1542 1430,1544 1431,1547 1426,1549 1425,1565 1424,1568 1421,1569 1417,1570 1411,1565 1390,1564 1388,1563 1386,1561 1385,1558 1384,1553 1385,1549 1386,1546 1387,1544 1396,1527"/>
					<TextEquiv>
						<Unicode>ἐς</Unicode>
					</TextEquiv>
				</Word>
				<Word id="r1142">
					<Coords points="1526,1520 1557,1521 1559,1522 1582,1540 1588,1541 1590,1543 1588,1546 1587,1550 1584,1567 1485,1566 1485,1559 1477,1550 1476,1547 1478,1542 1479,1541 1482,1540 1506,1540"/>
					<TextEquiv>
						<Unicode>τόδε</Unicode>
					</TextEquiv>
				</Word>
				<Word id="r1143">
					<Coords points="1662,1520 1664,1521 1667,1527 1668,1530 1669,1537 1673,1545 1675,1551 1674,1559 1671,1563 1668,1565 1664,1567 1659,1567 1630,1566 1629,1561 1622,1548 1621,1545 1624,1542 1633,1541"/>
					<TextEquiv>
						<Unicode>τὸ</Unicode>
					</TextEquiv>
				</Word>
				<TextEquiv>
					<Unicode>τὴν ἀγορὰν αὐτοῖς διεπόρθμευε, καὶ ἐς τόδε τὸ</Unicode>
				</TextEquiv>
			</TextLine>
			<TextLine id="r120">
				<Coords points="460,1582 462,1583 1618,1587 1641,1610 1676,1610 1678,1611 1678,1613 1677,1615 1675,1616 1674,1635 1669,1636 1390,1637 1377,1650 337,1647 321,1631 273,1630 271,1629 268,1627 266,1624 266,1617 270,1609 278,1605 281,1604 293,1603 437,1603 457,1584"/>
				<Word id="r1144">
					<Coords points="460,1583 462,1584 553,1584 559,1588 580,1605 585,1606 622,1607 622,1613 620,1617 619,1620 611,1628 608,1630 602,1632 353,1633 338,1647 320,1630 272,1629 268,1627 266,1624 266,1617 267,1614 268,1612 270,1609 273,1607 275,1606 281,1604 293,1603 438,1603 457,1584"/>
					<TextEquiv>
						<Unicode>στρατόπεδον</Unicode>
					</TextEquiv>
				</Word>
				<Word id="r1145">
					<Coords points="688,1584 690,1585 690,1589 687,1590 686,1598 685,1626 683,1631 676,1632 650,1631 648,1630 647,1628 645,1625 645,1616 647,1613 649,1609 652,1607 655,1606 663,1606 683,1586 686,1585"/>
					<TextEquiv>
						<Unicode>οἱ</Unicode>
					</TextEquiv>
				</Word>
				<Word id="r1146">
					<Coords points="773,1585 777,1586 811,1586 815,1588 833,1606 895,1606 899,1608 901,1612 898,1616 896,1632 895,1634 893,1636 890,1637 783,1640 779,1643 765,1632 761,1631 709,1630 718,1619 719,1615 720,1612 722,1608 723,1605 726,1599 727,1595 729,1589 730,1587 769,1587"/>
					<TextEquiv>
						<Unicode>Λίβυες</Unicode>
					</TextEquiv>
				</Word>
				<Word id="r1147">
					<Coords points="948,1585 950,1586 954,1589 1092,1589 1095,1590 1112,1607 1211,1607 1217,1609 1220,1611 1220,1616 1216,1617 1215,1634 1214,1637 1211,1638 1047,1639 1036,1649 1034,1648 977,1648 961,1632 931,1630 929,1626 929,1624 930,1618 931,1616 932,1615 945,1594 946,1586"/>
					<TextEquiv>
						<Unicode>ἀφορῶντες</Unicode>
					</TextEquiv>
				</Word>
				<Word id="r1148">
					<Coords points="1263,1586 1298,1586 1298,1587 1338,1587 1338,1588 1339,1588 1339,1589 1340,1589 1340,1590 1341,1590 1341,1591 1342,1591 1342,1592 1343,1592 1343,1593 1344,1593 1344,1594 1345,1594 1345,1595 1346,1595 1346,1596 1347,1596 1347,1597 1348,1597 1348,1598 1349,1598 1349,1599 1350,1599 1350,1600 1351,1600 1351,1601 1352,1601 1352,1602 1353,1602 1353,1603 1354,1603 1354,1604 1355,1604 1355,1605 1356,1605 1356,1606 1357,1606 1357,1607 1358,1607 1358,1608 1492,1608 1492,1609 1494,1609 1494,1612 1495,1612 1494,1612 1494,1614 1493,1614 1493,1617 1492,1617 1492,1619 1491,1619 1491,1621 1490,1621 1490,1622 1489,1622 1489,1623 1488,1623 1488,1624 1487,1624 1487,1626 1505,1626 1505,1627 1507,1627 1507,1628 1509,1628 1509,1631 1510,1631 1509,1631 1509,1633 1507,1633 1507,1634 1505,1634 1505,1635 1471,1635 1471,1636 1389,1636 1389,1637 1388,1637 1388,1638 1387,1638 1387,1639 1386,1639 1386,1640 1385,1640 1385,1641 1384,1641 1384,1642 1383,1642 1383,1643 1382,1643 1382,1644 1381,1644 1381,1645 1380,1645 1380,1646 1379,1646 1379,1647 1378,1647 1378,1648 1377,1648 1377,1649 1341,1649 1341,1648 1340,1648 1340,1647 1339,1647 1339,1646 1338,1646 1338,1645 1337,1645 1337,1644 1336,1644 1336,1643 1335,1643 1335,1642 1334,1642 1334,1641 1333,1641 1333,1640 1332,1640 1332,1639 1331,1639 1331,1638 1330,1638 1330,1637 1329,1637 1329,1636 1328,1636 1328,1635 1327,1635 1327,1634 1326,1634 1326,1633 1280,1633 1280,1632 1258,1632 1258,1631 1255,1631 1255,1630 1252,1630 1252,1628 1251,1628 1251,1627 1250,1627 1250,1622 1249,1622 1249,1617 1250,1617 1250,1615 1251,1615 1251,1613 1252,1613 1252,1612 1253,1612 1253,1610 1254,1610 1254,1608 1255,1608 1255,1606 1256,1606 1256,1604 1257,1604 1257,1603 1258,1603 1258,1601 1259,1601 1259,1599 1260,1599 1260,1597 1261,1597 1261,1595 1262,1595 1262,1594 1263,1594"/>
					<TextEquiv>
						<Unicode>ἐθάρρουν.</Unicode>
					</TextEquiv>
				</Word>
				<Word id="r1150">
					<Coords points="1615,1587 1640,1610 1675,1610 1677,1612 1676,1614 1673,1615 1671,1635 1668,1636 1572,1635 1572,1628 1563,1616 1564,1612 1565,1611 1567,1610 1590,1610"/>
					<TextEquiv>
						<Unicode>τότε</Unicode>
					</TextEquiv>
				</Word>
				<TextEquiv>
					<Unicode>στρατόπεδον οἱ Λίβυες ἀφορῶντες ἐθάρρουν. τότε</Unicode>
				</TextEquiv>
			</TextLine>
			<TextLine id="r121">
				<Coords points="276,1650 302,1650 304,1651 1618,1656 1639,1677 1668,1677 1671,1678 1675,1679 1678,1680 1680,1684 1678,1687 1676,1688 1674,1705 1670,1709 1645,1709 1644,1713 1642,1716 1639,1717 644,1714 618,1712 607,1701 274,1698 269,1695 267,1691 267,1682 268,1679 271,1676 273,1654 274,1651"/>
				<Word id="r1151">
					<Coords points="276,1650 301,1650 305,1652 306,1655 305,1662 304,1664 301,1665 292,1666 291,1687 290,1691 288,1693 287,1695 284,1697 273,1697 269,1695 267,1691 267,1682 268,1679 271,1676 273,1653 274,1651"/>
					<TextEquiv>
						<Unicode>δ᾽</Unicode>
					</TextEquiv>
				</Word>
				<Word id="r1152">
					<Coords points="407,1652 411,1653 415,1656 506,1656 509,1658 511,1661 513,1675 513,1683 512,1687 511,1689 510,1692 508,1695 504,1699 359,1697 357,1692 357,1689 359,1683 360,1681 363,1677 368,1674 370,1673 384,1673"/>
					<TextEquiv>
						<Unicode>αὐτοῦ</Unicode>
					</TextEquiv>
				</Word>
				<Word id="r1153">
					<Coords points="699,1653 734,1653 755,1674 844,1674 847,1675 850,1677 849,1683 846,1684 844,1702 840,1704 659,1705 648,1714 645,1712 618,1712 606,1700 566,1699 564,1663 563,1659 658,1658 694,1656 696,1656"/>
					<TextEquiv>
						<Unicode>ληφθέντος</Unicode>
					</TextEquiv>
				</Word>
				<Word id="r1154">
					<Coords points="971,1654 974,1656 976,1662 977,1664 978,1667 979,1669 980,1690 983,1693 981,1697 976,1702 900,1701 901,1699 902,1695 905,1686 906,1684 908,1678 909,1676 924,1675 950,1675"/>
					<TextEquiv>
						<Unicode>καὶ</Unicode>
					</TextEquiv>
				</Word>
				<Word id="r1155">
					<Coords points="1082,1654 1085,1656 1088,1662 1089,1665 1090,1671 1093,1676 1096,1683 1099,1694 1097,1697 1094,1701 1050,1701 1046,1696 1037,1680 1040,1676 1058,1676"/>
					<TextEquiv>
						<Unicode>τὰ</Unicode>
					</TextEquiv>
				</Word>
				<Word id="r1156">
					<Coords points="1295,1655 1298,1657 1300,1661 1301,1664 1303,1668 1304,1672 1313,1694 1311,1698 1309,1701 1306,1702 1194,1702 1152,1700 1151,1700 1149,1663 1149,1661 1287,1661"/>
					<TextEquiv>
						<Unicode>λοιπὰ</Unicode>
					</TextEquiv>
				</Word>
				<Word id="r1157">
					<Coords points="1400,1660 1426,1676 1433,1677 1436,1678 1439,1680 1440,1683 1439,1685 1435,1686 1434,1702 1432,1705 1429,1707 1405,1709 1402,1715 1399,1716 1387,1704 1361,1703 1360,1699 1352,1686 1351,1683 1352,1681 1355,1677 1378,1677"/>
					<TextEquiv>
						<Unicode>τῆς</Unicode>
					</TextEquiv>
				</Word>
				<Word id="r1158">
					<Coords points="1616,1656 1639,1678 1670,1678 1674,1679 1677,1680 1678,1682 1678,1685 1675,1687 1673,1688 1671,1706 1644,1709 1642,1714 1641,1716 1549,1716 1536,1703 1480,1701 1488,1689 1489,1686 1490,1684 1492,1681 1493,1676 1494,1673 1497,1667 1498,1663 1500,1660 1572,1658 1613,1658"/>
					<TextEquiv>
						<Unicode>Λιβύης</Unicode>
					</TextEquiv>
				</Word>
				<TextEquiv>
					<Unicode>δ᾽ αὐτοῦ ληφθέντος καὶ τὰ λοιπὰ τῆς Λιβύης</Unicode>
				</TextEquiv>
			</TextLine>
			<TextLine id="r122">
				<Coords points="990,1718 996,1723 1669,1725 1670,1737 1674,1747 1678,1752 1678,1760 1677,1763 1676,1765 1675,1770 1671,1771 1670,1775 1669,1787 1668,1788 1453,1789 1326,1786 266,1785 266,1747 267,1745 271,1741 273,1740 300,1739 375,1739 395,1719 989,1719"/>
				<Word id="r1159">
					<Coords points="396,1719 423,1742 428,1743 431,1757 432,1760 428,1766 426,1767 369,1768 352,1785 266,1785 266,1747 267,1745 271,1741 273,1740 300,1739 375,1739"/>
					<TextEquiv>
						<Unicode>χωρία</Unicode>
					</TextEquiv>
				</Word>
				<Word id="r1160">
					<Coords points="533,1724 537,1725 558,1743 562,1745 564,1747 564,1751 560,1753 559,1769 558,1771 556,1772 553,1773 547,1771 470,1768 469,1759 461,1748 462,1744 463,1743 466,1742 511,1742 529,1725"/>
					<TextEquiv>
						<Unicode>τοῖς</Unicode>
					</TextEquiv>
				</Word>
				<Word id="r1161">
					<Coords points="889,1725 894,1726 914,1743 917,1744 921,1749 919,1752 917,1760 915,1770 913,1772 909,1773 839,1774 829,1784 677,1784 674,1785 656,1770 652,1769 612,1768 608,1766 606,1764 605,1759 606,1753 607,1750 610,1747 612,1746 617,1744 620,1743 869,1742"/>
					<TextEquiv>
						<Unicode>στρατηγοῖς</Unicode>
					</TextEquiv>
				</Word>
				<Word id="r1162">
					<Coords points="990,1719 996,1724 1122,1724 1142,1744 1240,1744 1245,1746 1246,1752 1243,1753 1242,1768 1240,1772 1237,1774 990,1771 961,1769 960,1725 983,1725"/>
					<TextEquiv>
						<Unicode>Σκιπίωνος</Unicode>
					</TextEquiv>
				</Word>
				<Word id="r1163">
					<Coords points="1524,1725 1546,1745 1605,1745 1607,1760 1610,1763 1609,1766 1604,1771 1602,1772 1601,1773 1581,1773 1553,1774 1539,1788 1327,1786 1312,1771 1292,1766 1286,1755 1285,1752 1286,1748 1288,1745 1290,1744 1504,1744"/>
					<TextEquiv>
						<Unicode>προσεχώρει</Unicode>
					</TextEquiv>
				</Word>
				<Word id="r1164">
					<Coords points="1667,1725 1669,1731 1670,1741 1677,1755 1676,1762 1675,1764 1674,1768 1670,1771 1668,1775 1667,1787 1665,1785 1652,1766 1648,1756 1649,1753 1659,1738 1664,1728"/>
					<TextEquiv>
						<Unicode>ἢ</Unicode>
					</TextEquiv>
				</Word>
				<TextEquiv>
					<Unicode>χωρία τοῖς στρατηγοῖς Σκιπίωνος προσεχώρει ἢ</Unicode>
				</TextEquiv>
			</TextLine>
			<TextLine id="r123">
				<Coords points="397,1788 401,1789 403,1790 1639,1792 1667,1815 1674,1816 1679,1822 1677,1824 1674,1825 1672,1843 1669,1845 1448,1846 1439,1855 487,1854 470,1837 271,1835 270,1834 268,1831 267,1825 268,1820 269,1817 270,1815 271,1814 283,1810 312,1789 393,1789"/>
				<Word id="r1165">
					<Coords points="314,1789 318,1791 319,1800 324,1812 325,1815 323,1823 321,1827 317,1831 314,1835 269,1833 267,1829 267,1824 268,1819 269,1816 270,1814 282,1810 291,1810"/>
					<TextEquiv>
						<Unicode>οὐ</Unicode>
					</TextEquiv>
				</Word>
				<Word id="r1166">
					<Coords points="396,1789 401,1790 403,1791 406,1793 611,1794 613,1795 636,1811 644,1812 646,1813 649,1816 650,1818 647,1820 645,1821 644,1837 643,1839 640,1841 638,1842 564,1842 554,1852 487,1854 469,1836 393,1835 389,1834 387,1833 385,1829 385,1819 386,1817 389,1814 391,1791 392,1790"/>
					<TextEquiv>
						<Unicode>δυσχερῶς</Unicode>
					</TextEquiv>
				</Word>
				<Word id="r1167">
					<Coords points="725,1791 922,1791 942,1811 1034,1812 1036,1813 1055,1833 1054,1837 1053,1839 861,1839 850,1850 812,1850 810,1851 797,1838 720,1837 716,1836 714,1835 712,1832 711,1829 711,1823 712,1820 713,1818 723,1800"/>
					<TextEquiv>
						<Unicode>ἐλαμβάνετο.</Unicode>
					</TextEquiv>
				</Word>
				<Word id="r1168">
					<Coords points="1157,1792 1159,1815 1160,1818 1160,1821 1159,1825 1157,1831 1156,1836 1153,1845 1152,1850 1149,1851 1134,1831 1130,1819 1140,1803 1141,1796 1142,1795 1149,1794"/>
					<TextEquiv>
						<Unicode>ἥ</Unicode>
					</TextEquiv>
				</Word>
				<Word id="r1169">
					<Coords points="1272,1812 1274,1813 1276,1815 1275,1817 1274,1822 1273,1832 1270,1839 1268,1840 1232,1839 1231,1834 1223,1819 1228,1814 1232,1813 1270,1813"/>
					<TextEquiv>
						<Unicode>τε</Unicode>
					</TextEquiv>
				</Word>
				<Word id="r1170">
					<Coords points="1356,1792 1485,1792 1486,1794 1488,1800 1491,1806 1492,1809 1495,1813 1498,1828 1501,1831 1500,1834 1499,1836 1495,1840 1453,1840 1439,1854 1386,1854 1371,1839 1341,1838 1339,1837 1337,1833 1337,1827 1339,1825 1340,1822 1341,1821 1353,1801 1354,1793"/>
					<TextEquiv>
						<Unicode>ἀγορὰ</Unicode>
					</TextEquiv>
				</Word>
				<Word id="r1171">
					<Coords points="1638,1792 1640,1793 1664,1815 1670,1816 1678,1821 1674,1824 1672,1829 1671,1839 1669,1844 1663,1844 1636,1842 1572,1841 1572,1834 1563,1821 1566,1816 1568,1815 1615,1815"/>
					<TextEquiv>
						<Unicode>τοὺς</Unicode>
					</TextEquiv>
				</Word>
				<TextEquiv>
					<Unicode>οὐ δυσχερῶς ἐλαμβάνετο. ἥ τε ἀγορὰ τοὺς</Unicode>
				</TextEquiv>
			</TextLine>
			<TextLine id="r124">
				<Coords points="474,1857 1618,1862 1639,1883 1673,1883 1675,1884 1678,1886 1678,1891 1674,1892 1673,1911 1670,1912 1668,1913 1645,1914 1644,1919 1643,1921 357,1921 341,1905 305,1904 266,1909 262,1874 264,1853 283,1853 296,1859 472,1859"/>
				<Word id="r1172">
					<Coords points="473,1858 570,1858 592,1880 649,1880 653,1882 656,1884 656,1888 652,1889 650,1909 452,1914 423,1919 356,1920 340,1904 269,1904 269,1859 472,1859"/>
					<TextEquiv>
						<Unicode>Καρχηδονίους</Unicode>
					</TextEquiv>
				</Word>
				<Word id="r1173">
					<Coords points="712,1859 715,1860 787,1862 794,1865 797,1866 801,1868 813,1880 909,1880 911,1881 913,1885 925,1899 926,1901 926,1905 925,1908 923,1912 915,1911 855,1907 704,1906 700,1904 696,1898 696,1891 698,1888 699,1886 709,1868"/>
					<TextEquiv>
						<Unicode>ἐπέλιπε,</Unicode>
					</TextEquiv>
				</Word>
				<Word id="r1174">
					<Coords points="1031,1860 1035,1862 1036,1865 1037,1867 1038,1870 1040,1874 1041,1895 1044,1898 1042,1902 1036,1908 958,1904 959,1900 960,1898 965,1883 981,1881 983,1880 1009,1880"/>
					<TextEquiv>
						<Unicode>καὶ</Unicode>
					</TextEquiv>
				</Word>
				<Word id="r1175">
					<Coords points="1114,1860 1147,1860 1176,1861 1196,1881 1213,1881 1213,1889 1211,1893 1208,1898 1203,1902 1199,1904 1196,1906 1178,1907 1079,1907 1076,1906 1072,1904 1071,1902 1070,1899 1070,1892 1072,1888 1074,1886 1076,1883 1078,1881 1081,1880 1094,1880"/>
					<TextEquiv>
						<Unicode>οὐδὲν</Unicode>
					</TextEquiv>
				</Word>
				<Word id="r1176">
					<Coords points="1304,1861 1354,1861 1354,1870 1352,1874 1347,1875 1342,1880 1336,1887 1331,1889 1329,1906 1328,1908 1259,1907 1256,1906 1254,1905 1252,1901 1252,1893 1253,1890 1255,1886 1257,1883 1261,1881 1273,1881 1297,1862"/>
					<TextEquiv>
						<Unicode>οὔτ᾽</Unicode>
					</TextEquiv>
				</Word>
				<Word id="r1177">
					<Coords points="1400,1862 1429,1881 1437,1882 1438,1884 1438,1886 1436,1902 1431,1907 1396,1907 1388,1905 1384,1899 1384,1894 1385,1891 1386,1889 1397,1878"/>
					<TextEquiv>
						<Unicode>ἐκ</Unicode>
					</TextEquiv>
				</Word>
				<Word id="r1178">
					<Coords points="1615,1862 1638,1883 1672,1883 1676,1885 1675,1891 1672,1892 1671,1911 1668,1912 1667,1913 1644,1914 1642,1919 1547,1920 1533,1909 1529,1908 1490,1907 1478,1906 1487,1896 1488,1892 1489,1889 1490,1887 1491,1884 1493,1880 1494,1877 1496,1873 1497,1870 1498,1866 1500,1864 1612,1864"/>
					<TextEquiv>
						<Unicode>Λιβύης</Unicode>
					</TextEquiv>
				</Word>
				<TextEquiv>
					<Unicode>Καρχηδονίους ἐπέλιπε, καὶ οὐδὲν οὔτ᾽ ἐκ Λιβύης</Unicode>
				</TextEquiv>
			</TextLine>
			<TextLine id="r125">
				<Coords points="286,1925 1372,1928 1405,1929 1559,1930 1563,1933 1651,1935 1653,1936 1670,1953 1673,1954 1676,1956 1677,1958 1677,1961 1673,1962 1671,1981 1665,1983 1351,1984 1342,1992 1340,1993 1337,1994 1335,1993 1309,1991 440,1989 424,1973 269,1971 267,1968 268,1960 269,1956 271,1954 272,1952 282,1935 283,1926 285,1926"/>
				<Word id="r1179">
					<Coords points="283,1926 488,1926 509,1947 542,1947 545,1948 548,1950 549,1952 549,1956 547,1957 545,1965 544,1974 542,1976 539,1977 452,1978 441,1988 440,1989 423,1972 268,1970 267,1968 269,1958 270,1955 272,1952 283,1941"/>
					<TextEquiv>
						<Unicode>ἀλλοτρίας</Unicode>
					</TextEquiv>
				</Word>
				<Word id="r1180">
					<Coords points="611,1927 635,1927 640,1930 643,1932 660,1949 677,1949 679,1950 680,1956 679,1963 678,1967 677,1969 676,1972 675,1976 673,1982 671,1986 604,1986 603,1985 590,1965 586,1954 588,1950 596,1941 597,1935 608,1930"/>
					<TextEquiv>
						<Unicode>ἤδη</Unicode>
					</TextEquiv>
				</Word>
				<Word id="r1181">
					<Coords points="896,1927 919,1948 980,1948 984,1949 986,1950 989,1955 986,1958 984,1966 983,1975 980,1977 955,1979 953,1987 731,1988 731,1976 720,1964 719,1961 718,1959 719,1956 720,1952 722,1950 724,1949 769,1948 873,1948"/>
					<TextEquiv>
						<Unicode>γενομένης</Unicode>
					</TextEquiv>
				</Word>
				<Word id="r1182">
					<Coords points="1079,1928 1128,1928 1131,1930 1131,1937 1130,1939 1124,1941 1116,1949 1114,1954 1106,1956 1104,1958 1103,1973 1102,1975 1065,1975 1031,1973 1029,1970 1028,1968 1028,1961 1031,1956 1034,1952 1039,1950 1047,1950 1071,1931"/>
					<TextEquiv>
						<Unicode>οὔτ᾽</Unicode>
					</TextEquiv>
				</Word>
				<Word id="r1183">
					<Coords points="1179,1928 1371,1928 1404,1929 1407,1930 1428,1951 1465,1951 1465,1957 1464,1960 1461,1966 1458,1969 1454,1972 1451,1974 1449,1975 1446,1977 1356,1977 1340,1992 1337,1993 1333,1992 1332,1991 1310,1991 1295,1976 1167,1975 1164,1974 1162,1971 1161,1969 1161,1965 1162,1963 1163,1960 1164,1958 1165,1957 1177,1937"/>
					<TextEquiv>
						<Unicode>ἀλλαχόθεν</Unicode>
					</TextEquiv>
				</Word>
				<Word id="r1184">
					<Coords points="1557,1930 1559,1931 1564,1935 1650,1935 1652,1936 1671,1954 1673,1955 1676,1959 1671,1961 1669,1981 1666,1982 1662,1981 1615,1978 1507,1976 1506,1975 1505,1971 1504,1966 1505,1962 1507,1960 1508,1957 1514,1951 1529,1950 1536,1950 1555,1931"/>
					<TextEquiv>
						<Unicode>αὐτοῖς</Unicode>
					</TextEquiv>
				</Word>
				<TextEquiv>
					<Unicode>ἀλλοτρίας ἤδη γενομένης οὔτ᾽ ἀλλαχόθεν αὐτοῖς</Unicode>
				</TextEquiv>
			</TextLine>
			<TextLine id="r126">
				<Coords points="633,1994 635,1995 1217,1995 1220,1997 1666,2000 1667,2002 1672,2009 1675,2015 1676,2035 1679,2037 1677,2040 1675,2044 1670,2047 1666,2048 1304,2048 1290,2060 1279,2051 266,2040 265,2038 270,2023 271,2019 272,2017 273,2016 275,2015 324,2014 437,2014 450,2001 519,2000 522,1998 610,1997 628,1995 631,1995"/>
				<Word id="r1185">
					<Coords points="523,1998 529,2000 552,2015 561,2020 560,2024 559,2026 556,2030 555,2032 550,2037 547,2039 541,2042 265,2039 266,2037 270,2025 271,2021 272,2018 273,2016 274,2015 324,2014 437,2014 450,2001 518,2000 520,1999 522,1999"/>
					<TextEquiv>
						<Unicode>καταπλεῖν</Unicode>
					</TextEquiv>
				</Word>
				<Word id="r1186">
					<Coords points="629,1995 678,1995 702,2016 707,2017 776,2017 794,2018 800,2019 802,2020 817,2035 819,2036 820,2040 819,2044 817,2045 814,2044 601,2042 600,2041 597,2037 596,2032 597,2027 598,2024 600,2021 609,2005 610,1997 627,1997"/>
					<TextEquiv>
						<Unicode>ἐδύνατο,</Unicode>
					</TextEquiv>
				</Word>
				<Word id="r1187">
					<Coords points="862,1995 865,1996 930,1996 932,1997 933,2035 933,2037 931,2040 928,2043 885,2043 857,2042 854,2040 852,2037 852,2027 853,2024 856,2021 858,1998"/>
					<TextEquiv>
						<Unicode>διά</Unicode>
					</TextEquiv>
				</Word>
				<Word id="r1188">
					<Coords points="1010,2017 1015,2020 1012,2023 1010,2042 970,2043 970,2035 962,2024 963,2019 964,2018 1008,2018"/>
					<TextEquiv>
						<Unicode>τε</Unicode>
					</TextEquiv>
				</Word>
				<Word id="r1189">
					<Coords points="1083,1995 1085,1996 1107,2017 1127,2017 1128,2020 1128,2025 1126,2029 1125,2032 1121,2037 1116,2041 1113,2042 1111,2043 1089,2044 1052,2044 1051,2036 1042,2025 1043,2021 1045,2019 1054,2018"/>
					<TextEquiv>
						<Unicode>τὸν</Unicode>
					</TextEquiv>
				</Word>
				<Word id="r1190">
					<Coords points="1216,1995 1221,1999 1231,2003 1235,2004 1239,2006 1251,2018 1345,2018 1381,2019 1383,2023 1382,2028 1381,2030 1378,2034 1370,2042 1366,2044 1364,2046 1303,2046 1289,2059 1275,2046 1161,2045 1158,2032 1155,2022 1157,2020 1162,2018 1193,2018"/>
					<TextEquiv>
						<Unicode>πόλεμον</Unicode>
					</TextEquiv>
				</Word>
				<Word id="r1191">
					<Coords points="1459,1999 1517,1999 1521,2000 1542,2021 1563,2022 1564,2024 1562,2030 1561,2032 1558,2036 1556,2038 1554,2039 1550,2043 1546,2045 1545,2046 1488,2046 1414,2044 1412,2043 1410,2040 1410,2033 1411,2030 1412,2028 1414,2026 1417,2022 1420,2019 1439,2019"/>
					<TextEquiv>
						<Unicode>αὐτὸν</Unicode>
					</TextEquiv>
				</Word>
				<Word id="r1192">
					<Coords points="1664,2000 1666,2001 1669,2005 1671,2008 1674,2014 1676,2035 1676,2039 1674,2043 1672,2044 1670,2046 1592,2044 1593,2039 1594,2036 1596,2032 1599,2023 1600,2021 1608,2020 1615,2019 1645,2019"/>
					<TextEquiv>
						<Unicode>καὶ</Unicode>
					</TextEquiv>
				</Word>
				<TextEquiv>
					<Unicode>καταπλεῖν ἐδύνατο, διά τε τὸν πόλεμον αὐτὸν καὶ</Unicode>
				</TextEquiv>
			</TextLine>
			<TextLine id="r127">
				<Coords points="306,2061 879,2065 881,2066 900,2085 955,2085 957,2086 990,2087 991,2094 1002,2105 1003,2108 1000,2112 999,2113 713,2113 697,2128 423,2127 421,2126 312,2125 300,2113 273,2112 272,2102 264,2093 263,2091 264,2088 265,2086 266,2085 275,2084"/>
				<Word id="r1193">
					<Coords points="308,2062 332,2083 354,2084 354,2089 353,2093 351,2097 348,2102 343,2105 340,2108 335,2109 320,2110 319,2114 318,2117 317,2121 316,2124 312,2125 299,2112 272,2111 272,2102 264,2093 263,2091 264,2089 265,2086 270,2085 279,2084"/>
					<TextEquiv>
						<Unicode>τὴν</Unicode>
					</TextEquiv>
				</Word>
				<Word id="r1194">
					<Coords points="413,2062 440,2083 446,2084 482,2084 517,2085 517,2090 516,2093 515,2095 514,2098 506,2106 503,2108 500,2109 498,2110 442,2111 424,2127 421,2126 398,2110 388,2109 384,2105 383,2098 384,2091 396,2073 397,2066 399,2065 405,2064"/>
					<TextEquiv>
						<Unicode>ὥραν</Unicode>
					</TextEquiv>
				</Word>
				<Word id="r1195">
					<Coords points="690,2064 713,2085 766,2085 801,2086 802,2089 801,2093 800,2096 798,2100 790,2108 784,2111 783,2112 712,2112 695,2127 692,2126 542,2125 542,2121 543,2119 544,2087 547,2083 671,2081"/>
					<TextEquiv>
						<Unicode>χειμέριον</Unicode>
					</TextEquiv>
				</Word>
				<Word id="r1196">
					<Coords points="874,2065 879,2066 900,2086 956,2086 989,2087 990,2094 1002,2107 999,2111 834,2111 831,2109 829,2106 829,2096 830,2093 831,2091 833,2088 836,2086 838,2085 850,2085 869,2066"/>
					<TextEquiv>
						<Unicode>οὖσαν.</Unicode>
					</TextEquiv>
				</Word>
				<TextEquiv>
					<Unicode>τὴν ὥραν χειμέριον οὖσαν.</Unicode>
				</TextEquiv>
			</TextLine>
			<TextLine id="r128">
				<Coords points="1015,2225 1025,2226 1027,2265 1028,2268 913,2268 911,2267 912,2265 912,2226 1014,2226"/>
				<Word id="r1197">
					<Coords points="912,2226 1024,2226 1026,2265 1027,2267 911,2266"/>
					<TextEquiv>
						<Unicode>XIX</Unicode>
					</TextEquiv>
				</Word>
				<TextEquiv>
					<Unicode>XIX</Unicode>
				</TextEquiv>
			</TextLine>
			<TextLine id="r129">
				<Coords points="1210,2327 1337,2330 1603,2331 1626,2354 1656,2354 1674,2355 1676,2370 1677,2375 1676,2377 1674,2379 1671,2381 1621,2382 1607,2396 1550,2397 581,2394 553,2391 541,2379 442,2378 377,2376 342,2376 340,2341 338,2337 380,2336 407,2334 485,2330"/>
				<Word id="r1198">
					<Coords points="409,2334 409,2335 413,2335 413,2336 417,2336 417,2337 420,2337 420,2338 428,2338 427,2338 427,2340 426,2340 426,2343 425,2343 425,2345 424,2345 424,2347 423,2347 423,2348 422,2348 422,2349 421,2349 421,2352 420,2352 420,2357 419,2357 419,2368 443,2368 443,2369 446,2369 446,2371 447,2371 447,2372 448,2372 448,2373 449,2373 448,2373 448,2374 447,2374 447,2375 446,2375 446,2376 445,2376 445,2377 444,2377 444,2378 444,2377 416,2377 416,2376 412,2376 412,2375 350,2375 350,2371 349,2371 349,2367 348,2367 348,2363 347,2363 347,2359 346,2359 346,2355 345,2355 345,2351 344,2351 344,2347 343,2347 343,2343 342,2343 342,2341 341,2341 341,2340 340,2340 340,2339 339,2339 339,2338 345,2338 345,2337 380,2337 380,2336 408,2336 408,2335 409,2335"/>
					<TextEquiv>
						<Unicode>127.</Unicode>
					</TextEquiv>
				</Word>
				<Word id="r1201">
					<Coords points="491,2330 715,2330 715,2331 716,2331 716,2332 717,2332 717,2333 718,2333 718,2334 719,2334 719,2335 720,2335 720,2336 721,2336 721,2337 722,2337 722,2338 723,2338 723,2339 724,2339 724,2340 725,2340 725,2341 726,2341 726,2342 727,2342 727,2343 728,2343 728,2344 729,2344 729,2345 730,2345 730,2346 731,2346 731,2347 732,2347 732,2348 733,2348 733,2349 734,2349 734,2350 735,2350 735,2351 805,2351 805,2356 804,2356 804,2360 803,2360 803,2363 802,2363 802,2367 801,2367 801,2369 800,2369 800,2370 799,2370 799,2372 798,2372 798,2373 796,2373 796,2374 795,2374 795,2375 791,2375 791,2376 750,2376 750,2377 710,2377 710,2378 670,2378 670,2379 669,2379 669,2380 668,2380 668,2381 667,2381 667,2382 666,2382 666,2383 665,2383 665,2384 664,2384 664,2385 663,2385 663,2386 662,2386 662,2387 661,2387 661,2388 660,2388 660,2389 659,2389 659,2390 658,2390 658,2391 657,2391 657,2392 656,2392 656,2393 655,2393 655,2394 655,2393 621,2393 621,2392 587,2392 587,2391 553,2391 553,2390 552,2390 552,2389 551,2389 551,2388 550,2388 550,2387 549,2387 549,2386 548,2386 548,2385 547,2385 547,2384 546,2384 546,2383 545,2383 545,2382 544,2382 544,2381 543,2381 543,2380 542,2380 542,2379 541,2379 541,2378 540,2378 540,2377 539,2377 539,2376 501,2376 502,2376 502,2374 503,2374 503,2373 504,2373 504,2372 505,2372 505,2371 506,2371 506,2370 507,2370 507,2368 508,2368 508,2367 509,2367 509,2366 510,2366 510,2365 511,2365 511,2364 512,2364 512,2363 513,2363 513,2359 514,2359 514,2355 515,2355 515,2353 516,2353 516,2351 517,2351 517,2348 518,2348 518,2345 491,2345 491,2344 488,2344 488,2336 487,2336 488,2336 488,2334 489,2334 489,2333 490,2333 490,2331 491,2331"/>
					<TextEquiv>
						<Unicode>ἀρχομένου</Unicode>
					</TextEquiv>
				</Word>
				<Word id="r1203">
					<Coords points="833,2329 861,2329 864,2331 864,2340 863,2343 860,2344 850,2345 849,2367 847,2371 846,2374 843,2375 841,2376 831,2376 828,2374 826,2371 825,2368 825,2363 826,2359 829,2356 831,2332 832,2330"/>
					<TextEquiv>
						<Unicode>δ᾽</Unicode>
					</TextEquiv>
				</Word>
				<Word id="r1204">
					<Coords points="905,2329 909,2330 912,2332 931,2350 997,2350 999,2351 1002,2352 1005,2354 1005,2360 1002,2361 1000,2378 998,2381 996,2382 936,2382 923,2394 912,2391 904,2390 904,2388 891,2369 887,2358 888,2356 889,2353 896,2341 897,2334 898,2332 900,2330"/>
					<TextEquiv>
						<Unicode>ἦρος</Unicode>
					</TextEquiv>
				</Word>
				<Word id="r1205">
					<Coords points="1045,2328 1048,2329 1049,2357 1050,2363 1050,2365 1048,2371 1045,2375 1039,2377 1036,2377 1033,2376 1031,2375 1029,2372 1028,2370 1028,2362 1029,2359 1032,2354 1037,2351 1039,2350 1040,2331 1041,2329 1043,2329"/>
					<TextEquiv>
						<Unicode>ὁ</Unicode>
					</TextEquiv>
				</Word>
				<Word id="r1206">
					<Coords points="1121,2329 1144,2351 1161,2351 1162,2353 1162,2355 1160,2363 1158,2365 1157,2368 1154,2370 1152,2372 1149,2374 1147,2375 1144,2377 1143,2378 1090,2378 1073,2393 1071,2391 1071,2389 1072,2385 1074,2379 1077,2367 1079,2363 1080,2360 1081,2355 1082,2353 1090,2352"/>
					<TextEquiv>
						<Unicode>μὲν</Unicode>
					</TextEquiv>
				</Word>
				<Word id="r1207">
					<Coords points="1208,2328 1212,2330 1336,2330 1363,2352 1370,2353 1393,2353 1406,2354 1406,2359 1405,2364 1403,2366 1399,2371 1394,2375 1392,2377 1388,2378 1284,2379 1212,2381 1207,2380 1178,2378 1178,2333 1191,2332 1202,2332"/>
					<TextEquiv>
						<Unicode>Σκιπίων</Unicode>
					</TextEquiv>
				</Word>
				<Word id="r1208">
					<Coords points="1600,2331 1625,2354 1655,2354 1673,2355 1674,2370 1676,2373 1675,2376 1670,2381 1621,2381 1606,2396 1518,2396 1502,2380 1456,2379 1431,2378 1429,2377 1425,2371 1425,2367 1427,2361 1428,2359 1438,2349 1438,2333 1440,2332 1598,2332"/>
					<TextEquiv>
						<Unicode>ἐπεχείρει</Unicode>
					</TextEquiv>
				</Word>
				<TextEquiv>
					<Unicode>127. ἀρχομένου δ᾽ ἦρος ὁ μὲν Σκιπίων ἐπεχείρει</Unicode>
				</TextEquiv>
			</TextLine>
			<TextLine id="r41">
				<Coords points="555,2399 557,2399 557,2418 583,2418 583,2419 627,2419 627,2420 737,2420 737,2419 783,2419 783,2399 787,2399 787,2400 788,2400 788,2402 789,2402 789,2405 790,2405 790,2406 791,2406 791,2407 893,2407 893,2405 894,2405 894,2403 896,2403 896,2402 898,2402 898,2401 903,2401 903,2402 906,2402 906,2403 907,2403 907,2404 908,2404 908,2405 1003,2405 1003,2406 1005,2406 1005,2407 1108,2407 1108,2404 1109,2404 1109,2402 1110,2402 1110,2400 1115,2400 1115,2420 1309,2420 1309,2411 1310,2411 1310,2408 1311,2408 1311,2407 1312,2407 1312,2406 1313,2406 1313,2405 1314,2405 1314,2404 1317,2404 1317,2403 1319,2403 1319,2404 1322,2404 1322,2405 1324,2405 1324,2406 1325,2406 1325,2407 1326,2407 1326,2410 1327,2410 1327,2421 1448,2421 1448,2407 1454,2407 1454,2408 1456,2408 1456,2409 1458,2409 1458,2410 1460,2410 1460,2412 1461,2412 1461,2413 1462,2413 1462,2414 1463,2414 1463,2416 1464,2416 1464,2418 1465,2418 1465,2420 1466,2420 1466,2422 1594,2422 1594,2416 1595,2416 1595,2414 1596,2414 1596,2411 1597,2411 1597,2408 1598,2408 1598,2406 1599,2406 1599,2404 1600,2404 1600,2402 1602,2402 1602,2401 1604,2401 1604,2402 1605,2402 1605,2423 1626,2423 1626,2424 1671,2424 1671,2425 1673,2425 1673,2427 1674,2427 1674,2439 1673,2439 1673,2442 1672,2442 1672,2445 1671,2445 1671,2446 1670,2446 1670,2447 1667,2447 1667,2448 1661,2448 1661,2449 1657,2449 1657,2457 1656,2457 1656,2461 1655,2461 1655,2465 1653,2465 1653,2466 1652,2466 1652,2467 1651,2467 1651,2466 1648,2466 1648,2464 1647,2464 1647,2463 1545,2463 1545,2461 1544,2461 1544,2449 1316,2449 1316,2461 1315,2461 1315,2463 1314,2463 1314,2464 1312,2464 1312,2465 1306,2465 1306,2464 1305,2464 1305,2463 1304,2463 1304,2460 1303,2460 1303,2448 1275,2448 1275,2447 1059,2447 1059,2452 1058,2452 1058,2455 1057,2455 1057,2459 1056,2459 1056,2460 1053,2460 1053,2458 1052,2458 1052,2447 1040,2447 1040,2446 925,2446 925,2447 858,2447 858,2446 715,2446 715,2447 657,2447 657,2449 656,2449 656,2451 655,2451 655,2453 654,2453 654,2454 653,2454 653,2457 652,2457 652,2458 643,2458 643,2460 642,2460 642,2461 641,2461 641,2462 561,2462 561,2459 560,2459 560,2445 541,2445 541,2444 427,2444 427,2445 391,2445 391,2446 321,2446 321,2450 320,2450 320,2452 319,2452 319,2455 318,2455 318,2456 316,2456 316,2457 308,2457 308,2459 307,2459 307,2460 306,2460 306,2461 305,2461 305,2462 303,2462 303,2461 302,2461 302,2456 301,2456 301,2447 277,2447 277,2446 276,2446 276,2430 267,2430 267,2424 268,2424 268,2422 270,2422 270,2421 272,2421 272,2420 307,2420 307,2408 308,2408 308,2406 309,2406 309,2405 310,2405 310,2404 311,2404 311,2403 312,2403 312,2402 315,2402 315,2401 315,2402 319,2402 319,2403 320,2403 320,2404 321,2404 321,2405 322,2405 322,2406 323,2406 323,2407 324,2407 324,2419 426,2419 426,2418 482,2418 482,2400 554,2400 554,2399 555,2399 555,2398"/>
				<Word id="r1209">
					<Coords points="315,2402 323,2413 327,2426 326,2432 325,2435 324,2437 323,2441 322,2444 320,2445 319,2449 318,2451 317,2454 315,2455 307,2456 305,2459 303,2461 282,2446 276,2441 267,2426 268,2422 269,2421 271,2420 294,2420"/>
					<TextEquiv>
						<Unicode>τῇ</Unicode>
					</TextEquiv>
				</Word>
				<Word id="r1210">
					<Coords points="427,2418 430,2419 432,2422 430,2424 429,2431 428,2443 426,2444 387,2444 387,2437 379,2428 378,2425 379,2422 381,2420 383,2419 425,2419"/>
					<TextEquiv>
						<Unicode>τε</Unicode>
					</TextEquiv>
				</Word>
				<Word id="r1211">
					<Coords points="555,2399 578,2418 583,2419 626,2419 657,2420 661,2422 662,2424 662,2429 661,2432 660,2434 659,2439 658,2441 657,2446 655,2448 654,2450 653,2453 651,2456 642,2457 641,2460 561,2461 542,2444 540,2443 485,2443 483,2402 482,2400 553,2400"/>
					<TextEquiv>
						<Unicode>Βύρσῃ</Unicode>
					</TextEquiv>
				</Word>
				<Word id="r1212">
					<Coords points="784,2399 787,2400 788,2403 791,2407 792,2410 793,2412 794,2432 797,2436 796,2440 792,2445 712,2445 719,2424 721,2420 736,2419 763,2419"/>
					<TextEquiv>
						<Unicode>καὶ</Unicode>
					</TextEquiv>
				</Word>
				<Word id="r1213">
					<Coords points="900,2401 904,2402 922,2419 946,2419 946,2427 945,2429 944,2432 940,2437 934,2442 931,2444 924,2445 857,2445 856,2444 855,2439 847,2426 848,2422 849,2420 851,2419 878,2419 894,2403 896,2402"/>
					<TextEquiv>
						<Unicode>τῶν</Unicode>
					</TextEquiv>
				</Word>
				<Word id="r1214">
					<Coords points="1112,2400 1134,2420 1214,2421 1214,2426 1213,2429 1212,2431 1209,2435 1205,2438 1203,2441 1199,2444 1196,2445 1068,2446 1054,2459 1039,2445 997,2445 996,2408 996,2405 1105,2405"/>
					<TextEquiv>
						<Unicode>λιμένων</Unicode>
					</TextEquiv>
				</Word>
				<Word id="r1215">
					<Coords points="1317,2403 1320,2404 1322,2405 1325,2408 1326,2414 1332,2426 1333,2432 1332,2438 1331,2440 1329,2443 1327,2445 1321,2446 1315,2453 1314,2461 1312,2463 1308,2464 1273,2441 1266,2430 1265,2427 1266,2424 1267,2422 1268,2421 1297,2421 1315,2404"/>
					<TextEquiv>
						<Unicode>τῷ</Unicode>
					</TextEquiv>
				</Word>
				<Word id="r1216">
					<Coords points="1602,2401 1626,2424 1670,2424 1672,2425 1673,2432 1672,2440 1671,2443 1668,2446 1658,2448 1655,2454 1654,2462 1652,2465 1649,2465 1645,2462 1545,2462 1531,2448 1378,2447 1377,2446 1379,2440 1380,2438 1385,2423 1387,2421 1434,2421 1448,2407 1597,2404 1601,2402"/>
					<TextEquiv>
						<Unicode>καλουμένῳ</Unicode>
					</TextEquiv>
				</Word>
				<TextEquiv>
					<Unicode>τῇ τε Βύρσῃ καὶ τῶν λιμένων τῷ καλουμένῳ</Unicode>
				</TextEquiv>
			</TextLine>
			<TextLine id="r42">
				<Coords points="349,2489 349,2490 350,2490 350,2491 351,2491 351,2511 352,2511 352,2512 353,2512 353,2515 354,2515 354,2518 353,2518 353,2522 352,2522 352,2524 351,2524 351,2525 350,2525 350,2527 349,2527 349,2528 348,2528 348,2529 347,2529 347,2530 344,2530 344,2531 273,2531 273,2530 271,2530 271,2529 269,2529 269,2528 268,2528 268,2526 267,2526 267,2525 266,2525 266,2524 265,2524 265,2522 264,2522 264,2510 265,2510 265,2507 266,2507 266,2505 267,2505 267,2504 268,2504 268,2502 269,2502 269,2501 270,2501 270,2499 271,2499 271,2498 272,2498 272,2497 273,2497 273,2496 274,2496 274,2495 275,2495 275,2494 276,2494 276,2493 281,2493 281,2491 342,2491 342,2490 346,2490 346,2489"/>
				<Word id="r1217">
					<Coords points="347,2489 350,2491 351,2511 352,2514 352,2517 351,2521 350,2524 347,2527 343,2529 272,2529 268,2527 264,2521 264,2509 265,2506 267,2504 269,2501 273,2496 280,2492 341,2490 345,2490"/>
					<TextEquiv>
						<Unicode>626</Unicode>
					</TextEquiv>
				</Word>
				<TextEquiv>
					<Unicode>626</Unicode>
				</TextEquiv>
			</TextLine>
		</TextRegion>
		<TextRegion type="paragraph" id="r2">
			<Coords points="125,283 255,284 250,2438 134,2437 121,352"/>
			<TextLine id="r35">
				<Coords points="157,295 220,295 220,296 223,296 223,297 225,297 225,299 226,299 226,300 227,300 227,308 228,308 228,317 234,317 234,318 235,318 235,320 236,320 236,321 237,321 237,322 236,322 236,323 152,323 152,322 150,322 150,321 149,321 149,320 147,320 147,319 146,319 146,317 145,317 145,316 144,316 144,314 143,314 143,302 144,302 144,300 145,300 145,299 146,299 146,298 147,298 147,297 148,297 148,296 150,296 150,295 157,295 157,294"/>
				<Word id="r1218">
					<Coords points="150,295 219,295 219,296 222,296 222,297 224,297 224,300 225,300 225,303 226,303 226,311 228,311 228,317 234,317 234,318 235,318 235,320 236,320 236,321 237,321 237,322 236,322 236,323 226,323 226,321 151,321 151,320 149,320 149,319 147,319 147,318 146,318 146,316 145,316 145,314 144,314 144,313 143,313 143,302 144,302 144,300 145,300 145,299 146,299 146,298 148,298 148,297 149,297 149,296 150,296"/>
					<TextEquiv>
						<Unicode>CAP.</Unicode>
					</TextEquiv>
				</Word>
				<TextEquiv>
					<Unicode>CAP.</Unicode>
				</TextEquiv>
			</TextLine>
			<TextLine id="r37">
				<Coords points="238,334 238,335 246,335 246,336 245,336 245,361 240,361 240,362 200,362 200,363 143,363 143,362 134,362 134,334"/>
				<Word id="r1219">
					<Coords points="138,334 143,335 244,335 242,360 239,361 134,361"/>
					<TextEquiv>
						<Unicode>XVIII</Unicode>
					</TextEquiv>
				</Word>
				<TextEquiv>
					<Unicode>XVIII</Unicode>
				</TextEquiv>
			</TextLine>
			<TextLine id="r39">
				<Coords points="208,2353 208,2354 224,2354 224,2355 226,2355 226,2356 228,2356 228,2357 229,2357 229,2359 230,2359 230,2376 237,2376 237,2377 238,2377 238,2378 239,2378 239,2380 238,2380 238,2382 235,2382 235,2383 155,2383 155,2382 152,2382 152,2381 150,2381 150,2380 149,2380 149,2379 148,2379 148,2377 147,2377 147,2376 146,2376 146,2375 145,2375 145,2372 144,2372 144,2363 145,2363 145,2360 146,2360 146,2359 147,2359 147,2358 148,2358 148,2356 150,2356 150,2355 152,2355 152,2354 155,2354 155,2353"/>
				<Word id="r1220">
					<Coords points="155,2353 207,2353 207,2354 223,2354 223,2355 225,2355 225,2356 227,2356 227,2358 228,2358 228,2369 230,2369 230,2376 237,2376 237,2377 238,2377 238,2378 239,2378 239,2380 238,2380 238,2382 235,2382 235,2383 225,2383 225,2381 154,2381 154,2380 151,2380 151,2379 149,2379 149,2377 148,2377 148,2376 147,2376 147,2375 146,2375 146,2373 145,2373 145,2371 144,2371 144,2363 145,2363 145,2360 146,2360 146,2359 147,2359 147,2358 148,2358 148,2356 150,2356 150,2355 153,2355 153,2354 155,2354"/>
					<TextEquiv>
						<Unicode>CAP.</Unicode>
					</TextEquiv>
				</Word>
				<TextEquiv>
					<Unicode>CAP.</Unicode>
				</TextEquiv>
			</TextLine>
			<TextLine id="r40">
				<Coords points="231,2393 231,2394 232,2394 232,2396 231,2396 231,2400 230,2400 230,2403 229,2403 229,2407 228,2407 228,2410 227,2410 227,2414 226,2414 226,2417 225,2417 225,2420 217,2420 217,2421 151,2421 151,2394 152,2394 152,2393"/>
				<Word id="r1221">
					<Coords points="152,2393 230,2393 230,2395 227,2397 225,2413 224,2416 220,2419 216,2420 151,2420 151,2394"/>
					<TextEquiv>
						<Unicode>XIX</Unicode>
					</TextEquiv>
				</Word>
				<TextEquiv>
					<Unicode>XIX</Unicode>
				</TextEquiv>
			</TextLine>
		</TextRegion>
	</Page>
</PcGts>
