1747 2693
144 289 240 323 CAP.

148 329 229 357 XIX

325 149 620 190 APPIAN'S
659 149 890 190 ROMAN
934 149 1241 202 HISTORY,
1276 151 1454 193 BOOK
1496 145 1633 199 VIII

268 269 499 322 Κώθωνι,
539 270 562 318 ὁ
605 270 656 316 δὲ
694 270 1024 326 Ἀσδρούβας
1067 273 1247 322 νυκτὸς
1290 274 1576 335 ἐνεπίμπρη
1617 275 1670 321 τὸ

264 338 412 400 μέρος
451 341 541 386 τοῦ
580 338 829 389 Κώθωνος
868 340 924 386 τὸ
964 341 1296 401 τετράγωνον.
1371 342 1593 393 ἐλπίσας
1635 342 1670 390 δ᾽

267 405 340 454 ἔτι
368 405 454 453 τὸν
482 403 749 454 Σκιπίωνα
776 407 1142 468 ἐπιθήσεσθαι,
1171 408 1256 457 καὶ
1282 409 1409 472 πρὸς
1435 409 1547 458 τόδε
1575 414 1672 459 τῶν

273 474 639 539 Καρχηδονίων
677 476 1123 537 ἐπεστραμμένων,
1152 478 1310 524 ἔλαθε
1346 480 1561 531 Λαίλιος
1589 481 1668 527 ἐπὶ

267 543 457 607 θάτερα
484 547 573 591 τοῦ
602 545 854 595 Κώθωνος
880 545 927 595 ἐς
956 546 1013 592 τὸ
1039 547 1310 609 περιφερὲς
1335 547 1493 595 αὐτοῦ
1527 547 1670 610 μέρος

264 612 510 658 ἀνελθών.
583 613 712 671 βοῆς
751 612 789 658 δ᾽
832 613 897 664 ὡς
934 612 1018 661 ἐπὶ
1058 615 1169 674 νίκῃ
1208 615 1476 675 γενομένης
1514 615 1563 663 οἱ
1584 615 1672 678 μὲν

263 679 481 732 ἔδεισαν,
524 679 571 727 οἱ
610 679 662 729 δὲ
712 679 1043 746 πανταχόθεν
1091 681 1185 743 ἤδη
1237 687 1671 747 καταφρονοῦντες

262 748 531 807 ἐβιάζοντο
571 748 663 808 τὴν
703 749 982 809 ἀνάβασιν,
1024 751 1157 812 ξύλα
1201 753 1285 799 καὶ
1323 754 1672 815 μηχανήματα

261 816 348 864 καὶ
409 816 620 868 σανίδας
686 818 771 866 ἐπὶ
833 816 897 865 τὰ
958 816 1291 880 διαστήματα
1350 819 1669 878 διατιθέντες,

261 885 493 933 ἀσθενῶν
521 884 586 932 τὰ
614 885 833 945 σώματα
861 888 960 934 τῶν
988 887 1237 950 φυλάκων
1276 888 1373 935 ὑπὸ
1403 893 1492 937 τοῦ
1520 893 1672 950 λιμοῦ

259 953 560 1013 γεγονότων,
625 956 710 1002 καὶ
771 957 881 1007 ταῖς
941 956 1166 1016 γνώμαις
1229 956 1670 1020 ἀπαγορευόντων.

260 1022 549 1087 ληφθέντος
587 1022 638 1071 δὲ
677 1025 768 1071 τοῦ
803 1023 919 1085 περὶ
960 1023 1047 1071 τὸν
1077 1023 1308 1072 Κώθωνα
1335 1023 1553 1089 τείχους,
1582 1026 1672 1088 τὴν

261 1090 455 1154 ἀγορὰν
483 1090 634 1152 ἐγγὺς
672 1091 833 1138 οὖσαν
861 1090 883 1139 ὁ
912 1089 1143 1141 Σκιπίων
1169 1094 1479 1144 κατέλαβεν.
1532 1095 1671 1143 οὐδέν

260 1180 313 1207 τε
363 1160 427 1207 ὡς
468 1160 518 1207 ἐν
562 1160 759 1225 ἑσπέρᾳ
803 1162 964 1207 πλέον
1008 1162 1082 1208 ἔτι
1131 1163 1418 1220 δυνάμενος,
1469 1164 1519 1211 ἐν
1568 1168 1670 1216 τοῖς

259 1228 442 1276 ὅπλοις
480 1228 861 1292 διενυκτέρευσε
901 1230 1009 1289 μεθ᾽
1050 1231 1310 1279 ἁπάντων.
1385 1232 1669 1294 ἀρχομένης

261 1296 313 1343 δὲ
362 1300 451 1357 τῆς
500 1296 686 1359 ἡμέρας
738 1297 935 1359 ἑτέρους
985 1298 1218 1359 ἀκμῆτας
1269 1298 1445 1347 ἐκάλει
1496 1322 1669 1364 τετρα-

259 1363 573 1430 κισχιλίους,
601 1366 650 1413 οἳ
690 1365 914 1418 ἐσιόντες
956 1366 1088 1427 ἱερὸν
1129 1367 1483 1424 Ἀπόλλωνος,
1513 1368 1570 1417 οὗ
1614 1368 1668 1417 τό

259 1454 313 1481 τε
375 1433 588 1496 ἄγαλμα
650 1434 988 1497 κατάχρυσον
1050 1435 1111 1495 ἦν
1176 1435 1260 1484 καὶ
1330 1435 1469 1497 δῶμα
1535 1440 1668 1500 αὐτῷ

258 1501 597 1566 χρυσήλατον
624 1501 727 1550 ἀπὸ
749 1501 937 1567 χιλίων
956 1504 1226 1550 ταλάντων
1246 1505 1482 1566 σταθμοῦ
1504 1507 1667 1557 περιέ-

258 1591 412 1627 κειτο,
441 1570 641 1619 ἐσύλων
680 1571 765 1618 καὶ
804 1574 915 1622 ταῖς
951 1570 1234 1635 μαχαίραις
1276 1574 1511 1630 ἔκοπτον,
1553 1577 1668 1634 ἀμε-

257 1639 513 1700 λήσαντες
540 1642 641 1687 τῶν
667 1640 986 1702 ἐφεστώτων,
1016 1642 1105 1692 ἕως
1144 1642 1445 1705 ἐμερίσαντο
1475 1644 1560 1690 καὶ
1587 1645 1669 1689 ἐπὶ

259 1707 316 1755 τὸ
343 1707 492 1771 ἔργον
519 1707 819 1772 ἐτράποντο.

330 1782 439 1824 128.
479 1773 731 1824 Σκιπίωνι
781 1773 820 1824 δ᾽
868 1776 930 1837 ἦν
977 1776 1066 1837 μὲν
1110 1777 1195 1826 ἐπὶ
1245 1778 1336 1839 τὴν
1386 1781 1596 1842 Βύρσαν
1639 1783 1665 1841 ἡ

256 1845 477 1905 σπουδή·
517 1845 573 1892 τὸ
611 1845 711 1907 γὰρ
749 1846 1081 1910 ὀχυρώτατον
1119 1850 1208 1907 τῆς
1243 1849 1443 1900 πόλεως
1480 1849 1554 1909 ἦν,
1584 1854 1663 1898 καὶ

256 1913 302 1960 οἱ
339 1913 551 1963 πλέονες
593 1914 641 1964 ἐς
682 1915 843 1976 αὐτὴν
894 1918 1364 1977 συνεπεφεύγεσαν.
1438 1921 1587 1980 τριῶν
1628 1920 1664 1966 δ᾽

255 1981 421 2030 οὐσῶν
466 1981 572 2030 ἀπὸ
611 1986 700 2044 τῆς
741 1982 930 2045 ἀγορᾶς
973 1981 1166 2032 ἀνόδων
1205 1984 1253 2035 ἐς
1293 1985 1469 2044 αὐτήν,
1511 1986 1665 2035 οἰκίαι

252 2051 445 2098 πυκναὶ
488 2051 574 2099 καὶ
612 2051 859 2114 ἑξώροφοι
898 2052 1232 2117 πανταχόθεν
1270 2052 1419 2112 ἦσαν,
1459 2056 1573 2104 ὅθεν
1623 2057 1666 2104 οἱ

250 2117 495 2181 Ῥωμαῖοι
553 2121 876 2182 βαλλόμενοι
927 2122 1018 2171 τὰς
1078 2124 1286 2183 πρώτας
1347 2125 1445 2170 τῶν
1496 2126 1664 2171 οἰκιῶν

252 2187 564 2246 κατέλαβον,
609 2187 695 2236 καὶ
746 2186 835 2236 ἀπ᾽
886 2189 1053 2236 αὐτῶν
1109 2188 1358 2250 ἠμύνοντο
1408 2192 1524 2243 τοὺς
1581 2193 1665 2240 ἐπὶ

251 2259 352 2303 τῶν
400 2258 645 2315 πλησίον.
719 2256 801 2303 ὅτε
853 2255 890 2303 δ᾽
936 2257 1102 2305 αὐτῶν
1153 2260 1480 2318 κρατήσειαν,
1532 2261 1661 2322 ξύλα

251 2324 336 2371 καὶ
366 2324 578 2373 σανίδας
604 2328 709 2375 τοῖς
728 2325 1050 2385 διαστήμασι
1072 2328 1170 2373 τῶν
1199 2330 1477 2375 στενωπῶν
1505 2330 1662 2377 ἐπιτι-

249 2391 418 2443 θέντες
458 2392 718 2450 διέβαινον
745 2394 810 2445 ὡς
847 2393 931 2441 ἐπὶ
967 2397 1219 2458 γεφυρῶν.
1295 2394 1379 2444 καὶ
1404 2395 1487 2444 ὅδε
1511 2398 1602 2458 μὲν
1638 2397 1661 2445 ὁ

249 2483 339 2525 628
