1747 2693
113 269 209 298 CAP.

119 309 206 341 XIX

298 131 593 171 APPIAN'S
633 130 866 171 ROMAN
908 129 1215 180 HISTORY,
1253 129 1429 169 BOOK
1471 129 1597 172 VIII

234 252 460 315 πόλεμος
488 253 546 313 ἦν
586 252 671 300 ἐπὶ
697 253 796 299 τῶν
835 253 995 314 τεγῶν
1035 250 1152 307 ἄνω,
1183 252 1349 314 ἕτερος
1388 250 1427 300 δ᾽
1467 255 1517 300 ἐν
1547 257 1651 305 τοῖς

234 325 517 370 στενωποῖς
545 319 677 368 κατὰ
705 319 820 370 τοὺς
849 320 1203 369 ἀπαντῶντας.
1279 321 1465 368 στόνου
1492 321 1542 368 δὲ
1569 322 1652 368 καὶ

234 390 455 450 οἰμωγῆς
505 391 593 436 καὶ
642 390 769 448 βοῆς
820 388 995 436 πάντα
1046 389 1132 436 καὶ
1181 390 1435 436 ποικίλων
1473 391 1653 436 παθῶν

233 460 607 520 ἐνεπίμπλατο,
671 456 1002 517 κτεινομένων
1075 477 1128 504 τε
1201 457 1251 505 ἐν
1323 456 1492 520 χερσί,
1566 459 1652 504 καὶ

236 528 432 580 ζώντων
472 527 543 573 ἔτι
582 525 934 587 ῥιπτουμένων
985 524 1176 573 ἄνωθεν
1214 525 1316 573 ἀπὸ
1357 528 1456 573 τῶν
1496 529 1653 588 τεγῶν

234 597 283 644 ἐς
331 597 387 643 τὸ
438 597 640 658 ἔδαφος,
693 596 778 642 καὶ
830 595 1119 656 φερομένων
1161 594 1304 641 ἐνίων
1342 594 1428 642 ἐπὶ
1466 593 1653 657 δόρατα

234 663 360 726 ὀρθὰ
386 664 415 724 ἢ
445 663 638 726 αἰχμὰς
666 662 833 714 ἄλλας
860 662 888 722 ἢ
918 662 1057 724 ξίφη.
1130 662 1418 725 ἐνεπίμπρη
1447 662 1485 710 δ᾽
1515 662 1655 712 οὐδὲν

234 730 394 780 οὐδείς
435 753 514 780 πω
562 731 643 779 διὰ
685 731 799 781 τοὺς
840 731 927 779 ἐπὶ
968 732 1068 779 τῶν
1107 733 1282 792 τεγῶν,
1314 731 1402 781 ἕως
1441 731 1526 780 ἐπὶ
1565 731 1655 792 τὴν

233 801 444 863 Βύρσαν
472 802 589 861 ἧκεν
618 800 640 847 ὁ
669 798 913 849 Σκιπίων·
956 798 1043 848 καὶ
1070 799 1185 847 τότε
1223 799 1340 852 τοὺς
1365 803 1498 863 τρεῖς
1531 800 1654 861 ὁμοῦ

235 869 528 918 στενωποὺς
580 868 883 930 ἐνεπίμπρη,
928 867 1017 916 καὶ
1067 866 1122 916 τὸ
1175 867 1253 916 ἀεὶ
1296 868 1656 930 πιμπράμενον

235 936 422 1000 ἑτέροις
449 936 704 986 ὁδοποιεῖν
742 935 988 992 ἐκέλευεν,
1019 934 1077 985 ἵν᾽
1118 936 1346 998 εὐμαρῶς
1384 935 1407 984 ὁ
1436 935 1657 998 στρατὸς

235 1006 633 1068 ἀλλασσόμενος
669 1006 877 1053 διαθέοι.

312 1081 421 1122 129.
452 1077 628 1135 ἄλλη
658 1073 696 1122 δ᾽
736 1074 797 1134 ἦν
835 1074 889 1121 ἐκ
916 1074 1063 1121 τοῦδε
1098 1074 1221 1136 ὄψις
1262 1075 1443 1134 ἑτέρων
1471 1076 1655 1130 κακῶν,

234 1147 335 1205 τοῦ
362 1143 450 1204 μὲν
492 1143 652 1205 πυρὸς
695 1142 1068 1205 ἐπιφλέγοντος
1096 1142 1269 1190 πάντα
1310 1142 1396 1190 καὶ
1435 1142 1656 1205 καταφέ-

234 1233 427 1274 ροντος,
457 1215 554 1260 τῶν
594 1211 645 1260 δε
685 1211 880 1273 ἀνδρῶν
920 1211 983 1259 τὰ
1022 1211 1406 1273 οἰκοδομηματα
1447 1211 1504 1259 οὐ
1532 1210 1657 1258 διαι-

234 1280 458 1344 ρούντων
482 1282 529 1332 ἐς
557 1280 751 1342 ὀλίγον,
774 1279 894 1327 ἀλλ᾽
914 1278 1076 1343 ἀθρόα
1103 1279 1425 1342 βιαζομένων
1446 1279 1655 1343 ἀνατρέ-

235 1371 366 1396 πειν.
440 1350 464 1396 ὅ
507 1370 561 1397 τε
600 1349 699 1410 γὰρ
744 1346 938 1398 κτύπος
978 1349 1033 1395 ἐκ
1083 1347 1230 1396 τοῦδε
1278 1347 1417 1396 πολὺ
1465 1346 1657 1396 πλείων

235 1417 479 1480 ἐγίγνετο,
534 1418 617 1464 καὶ
661 1417 791 1479 μετὰ
842 1419 942 1465 τῶν
990 1417 1152 1464 λίθων
1194 1416 1473 1477 ἐξέπιπτον
1514 1417 1562 1468 ἐς
1602 1416 1656 1463 τὸ

234 1486 392 1546 μέσον
420 1486 596 1548 ἀθρόοι
637 1486 818 1546 νεκροί.
850 1485 1028 1545 ζῶντές
1066 1506 1120 1532 τε
1159 1487 1333 1546 ἕτεροι,
1359 1488 1656 1546 πρεσβῦται

235 1555 473 1613 μάλιστα
502 1555 587 1602 καὶ
615 1553 799 1602 παιδία
838 1554 920 1601 καὶ
960 1554 1162 1612 γύναια,
1191 1556 1290 1602 ὅσα
1330 1557 1434 1604 τοῖς
1471 1558 1657 1618 μυχοῖς

236 1626 336 1672 τῶν
399 1624 572 1671 οἰκιῶν
634 1622 933 1685 ἐκέκρυπτο,
997 1622 1044 1669 οἱ
1097 1622 1188 1684 μὲν
1250 1623 1336 1670 καὶ
1387 1622 1658 1684 τραύματα

236 1691 471 1755 φέροντες
500 1692 545 1740 οἱ
573 1691 610 1740 δ᾽
640 1691 967 1755 ἡμίφλεκτοι,
998 1691 1171 1755 φωνὰς
1197 1691 1368 1751 ἀηδεῖς
1406 1691 1654 1755 ἀφιέντες.

235 1761 396 1823 ἕτεροι
425 1761 484 1815 δ᾽,
515 1762 578 1813 ὡς
606 1761 713 1809 ἀπὸ
750 1760 966 1808 τοσοῦδε
1004 1760 1174 1823 ὕψους
1211 1759 1342 1821 μετὰ
1380 1761 1543 1808 λίθων
1570 1759 1655 1807 καὶ

236 1829 404 1890 ξύλων
443 1830 528 1876 καὶ
570 1828 731 1889 πυρὸς
772 1828 1048 1889 ὠθούμενοι
1094 1828 1179 1876 καὶ
1222 1829 1656 1881 καταπίπτοντες,

235 1900 283 1950 ἐς
311 1900 491 1946 πολλὰ
524 1899 778 1962 σχήματα
817 1900 988 1944 κακῶν
1027 1898 1315 1945 διεσπῶντο
1354 1896 1657 1959 ῥηγνύμενοί

234 1988 288 2011 τε
314 1967 404 2021 καὶ
432 1966 951 2027 κατασπασσόμενοι.
993 1965 1077 2013 καὶ
1106 1964 1206 2012 οὐδ᾽
1235 1966 1283 2016 ἐς
1310 1965 1456 2016 τέλος
1484 1965 1657 2017 αὐτοῖς

234 2039 399 2082 ταῦτα
427 2034 652 2100 ἀπέχρη·
694 2034 966 2096 λιθολόγοι
1002 2033 1099 2096 γὰρ
1145 2033 1259 2081 ὅσοι
1294 2034 1539 2081 πελέκεσι
1572 2034 1655 2080 καὶ

235 2104 434 2165 ἀξίναις
472 2104 559 2152 καὶ
597 2107 793 2156 κοντοῖς
834 2103 896 2149 τὰ
934 2102 1200 2155 πίπτοντα
1234 2100 1566 2161 μετέβαλλόν
1605 2124 1656 2150 τε

235 2172 320 2219 καὶ
351 2172 632 2220 ὡδοποίουν
671 2175 776 2221 τοῖς
816 2170 1128 2226 διαθέουσιν,
1158 2170 1202 2217 οἱ
1240 2170 1331 2231 μὲν
1368 2174 1473 2220 τοῖς
1506 2170 1653 2219 πελέ-

236 2262 349 2287 κεσι
401 2241 487 2288 καὶ
539 2244 652 2291 ταῖς
695 2240 908 2301 ἀξίναις,
958 2240 1004 2287 οἱ
1055 2239 1106 2287 δὲ
1156 2242 1266 2290 ταῖς
1316 2243 1509 2304 χηλαῖς
1558 2242 1656 2286 τῶν

235 2312 444 2361 κοντῶν,
474 2308 589 2362 τούς
630 2329 684 2356 τε
728 2308 930 2372 νεκροὺς
976 2308 1059 2355 καὶ
1106 2309 1221 2359 τοὺς
1263 2309 1338 2355 ἔτι
1385 2309 1572 2365 ζῶντας
1610 2309 1656 2357 ἐς

235 2377 300 2425 τὰ
328 2382 417 2438 τῆς
442 2382 534 2438 γῆς
562 2381 724 2425 κοῖλα
747 2376 1080 2437 μετέβαλλον
1118 2377 1182 2428 ὡς
1210 2375 1343 2439 ξύλα
1370 2375 1455 2423 καὶ
1480 2374 1653 2427 λίθους

237 2469 328 2522 630
