<?xml version="1.0" encoding="UTF-8"?>
<PcGts xmlns:xsi="http://www.w3.org/2001/XMLSchema-instance" xmlns="http://schema.primaresearch.org/PAGE/gts/pagecontent/2013-07-15" xsi:schemaLocation="http://schema.primaresearch.org/PAGE/gts/pagecontent/2013-07-15 http://schema.primaresearch.org/PAGE/gts/pagecontent/2013-07-15/pagecontent.xsd">
	<Metadata>
		<Creator/>
		<Created>2014-06-06T10:37:43</Created>
		<LastChange>2014-06-06T10:37:43</LastChange>
	</Metadata>
	<Page imageFilename="0650.jpg" imageWidth="1747" imageHeight="2693">
		<TextRegion type="paragraph" id="r2">
			<Coords points="96,280 206,280 205,364 96,366"/>
			<TextLine id="r36">
				<Coords points="178,285 178,286 182,286 182,287 186,287 186,288 189,288 189,297 188,297 188,298 187,298 187,299 184,299 184,300 179,300 179,312 176,312 176,313 124,313 124,314 121,314 121,315 118,315 118,314 114,314 114,313 112,313 112,312 111,312 111,311 110,311 110,310 109,310 109,308 108,308 108,306 107,306 107,304 106,304 106,303 105,303 105,299 106,299 106,296 107,296 107,292 108,292 108,290 110,290 110,288 112,288 112,287 114,287 114,286 117,286 117,285"/>
				<Word id="r1226">
					<Coords points="117,285 177,285 177,286 181,286 181,287 185,287 185,289 186,289 186,291 187,291 187,292 188,292 188,298 187,298 187,299 184,299 184,300 179,300 179,312 176,312 176,313 117,313 117,312 113,312 113,311 111,311 111,310 110,310 110,308 109,308 109,307 108,307 108,305 107,305 107,303 106,303 106,296 107,296 107,292 108,292 108,290 110,290 110,288 112,288 112,287 114,287 114,286 117,286"/>
					<TextEquiv>
						<Unicode>CAP.</Unicode>
					</TextEquiv>
				</Word>
				<TextEquiv>
					<Unicode>CAP.</Unicode>
				</TextEquiv>
			</TextLine>
			<TextLine id="r37">
				<Coords points="191,325 191,326 192,326 192,339 193,339 193,351 194,351 190,351 190,352 173,352 173,353 122,353 122,354 114,354 114,353 112,353 112,327 113,327 113,326 115,326 115,325"/>
				<Word id="r1227">
					<Coords points="115,325 190,325 191,349 189,350 172,351 121,352 112,352 112,326 114,326"/>
					<TextEquiv>
						<Unicode>XIX</Unicode>
					</TextEquiv>
				</Word>
				<TextEquiv>
					<Unicode>XIX</Unicode>
				</TextEquiv>
			</TextLine>
		</TextRegion>
		<TextRegion type="paragraph" id="r1">
			<Coords points="304,141 213,295 209,2554 1700,2550 1688,121 1340,121 530,107"/>
			<TextLine id="r100">
				<Coords points="989,146 1547,146 1576,147 1573,149 1571,156 1568,176 1564,182 1205,190 1204,194 1202,197 1199,198 1195,200 1192,200 1184,192 567,191 554,190 289,189 288,188 292,184 296,179 298,175 300,172 301,167 303,163 305,155 307,151 308,150 988,147"/>
				<Word id="r1000">
					<Coords points="540,149 580,149 581,151 582,155 583,173 583,183 581,188 576,190 566,190 553,189 288,188 292,184 296,179 300,171 301,167 303,163 305,155 307,151 308,150 539,150"/>
					<TextEquiv>
						<Unicode>APPIAN&apos;S</Unicode>
					</TextEquiv>
				</Word>
				<Word id="r1001">
					<Coords points="762,148 858,148 856,150 853,156 852,184 851,186 834,187 832,188 723,189 692,190 680,190 623,189 624,188 624,149 761,149"/>
					<TextEquiv>
						<Unicode>ROMAN</Unicode>
					</TextEquiv>
				</Word>
				<Word id="r1002">
					<Coords points="989,146 989,147 1187,147 1186,147 1186,149 1185,149 1185,150 1184,150 1184,151 1183,151 1183,152 1182,152 1182,153 1181,153 1181,154 1180,154 1180,155 1179,155 1179,157 1178,157 1178,158 1177,158 1177,181 1200,181 1200,182 1204,182 1204,184 1205,184 1205,187 1206,187 1205,187 1205,189 1204,189 1204,190 1203,190 1203,193 1202,193 1202,195 1201,195 1201,196 1200,196 1200,197 1197,197 1197,198 1194,198 1194,199 1194,195 1195,195 1195,188 1077,188 1077,189 1077,188 900,188 900,187 899,187 900,187 900,148 988,148 988,147 989,147"/>
					<TextEquiv>
						<Unicode>HISTORY,</Unicode>
					</TextEquiv>
				</Word>
				<Word id="r1004">
					<Coords points="1244,146 1418,147 1418,185 1241,187 1242,185 1243,147"/>
					<TextEquiv>
						<Unicode>BOOK</Unicode>
					</TextEquiv>
				</Word>
				<Word id="r1005">
					<Coords points="1514,146 1523,147 1574,147 1571,151 1570,154 1569,159 1567,173 1565,178 1564,180 1544,180 1544,182 1474,182 1471,173 1470,171 1469,168 1468,164 1467,161 1466,159 1464,153 1463,151 1460,147 1506,147"/>
					<TextEquiv>
						<Unicode>VIII</Unicode>
					</TextEquiv>
				</Word>
				<TextEquiv>
					<Unicode>APPIAN&apos;S ROMAN HISTORY, BOOK VIII</Unicode>
				</TextEquiv>
			</TextLine>
			<TextLine id="r101">
				<Coords points="1346,267 1496,268 1500,269 1521,290 1642,291 1642,298 1640,316 1603,318 1511,319 1500,330 1403,331 1400,332 389,334 386,335 371,320 234,319 231,318 228,316 226,310 228,302 230,298 238,290 238,274 240,273 376,272 379,271 1345,268"/>
				<Word id="r1006">
					<Coords points="380,271 402,292 547,292 555,296 556,299 553,303 551,311 549,321 545,323 399,324 389,333 386,334 370,319 233,318 230,317 228,316 226,310 227,308 229,300 230,298 238,290 238,274 240,273 379,272"/>
					<TextEquiv>
						<Unicode>ἐπισύροντες</Unicode>
					</TextEquiv>
				</Word>
				<Word id="r1007">
					<Coords points="622,271 626,272 628,276 630,282 631,284 632,290 635,302 634,309 631,318 630,322 629,325 628,329 627,331 624,333 621,331 608,313 604,302 605,298 614,284 620,274"/>
					<TextEquiv>
						<Unicode>ἢ</Unicode>
					</TextEquiv>
				</Word>
				<Word id="r1008">
					<Coords points="870,270 892,290 1051,290 1057,293 1058,295 1058,300 1054,301 1053,317 1051,320 1048,322 831,323 819,333 804,319 687,317 684,312 685,308 687,302 688,300 700,280 702,272 704,271 867,271"/>
					<TextEquiv>
						<Unicode>ἀνατρέποντες</Unicode>
					</TextEquiv>
				</Word>
				<Word id="r1009">
					<Coords points="1161,273 1167,274 1169,275 1171,277 1172,279 1173,286 1178,301 1177,308 1176,310 1170,316 1165,317 1161,324 1155,332 1135,317 1117,316 1117,309 1108,297 1109,293 1112,291 1115,290 1141,290"/>
					<TextEquiv>
						<Unicode>τῷ</Unicode>
					</TextEquiv>
				</Word>
				<Word id="r1010">
					<Coords points="1346,268 1369,289 1412,289 1416,291 1434,308 1437,310 1438,314 1437,318 1435,321 1431,325 1403,325 1402,329 1401,331 1399,332 1349,331 1335,331 1321,317 1236,316 1233,314 1231,311 1231,301 1235,296 1239,292 1241,291 1255,290 1274,290 1294,270 1296,269 1344,269"/>
					<TextEquiv>
						<Unicode>σιδήρῳ,</Unicode>
					</TextEquiv>
				</Word>
				<Word id="r1011">
					<Coords points="1496,269 1521,291 1542,292 1542,297 1541,300 1539,304 1538,307 1535,308 1534,310 1529,314 1523,317 1514,318 1505,321 1504,324 1498,330 1497,328 1484,309 1480,297 1488,282 1489,275 1490,272 1492,270"/>
					<TextEquiv>
						<Unicode>ἦν</Unicode>
					</TextEquiv>
				</Word>
				<Word id="r1012">
					<Coords points="1636,291 1640,298 1639,307 1639,316 1605,316 1602,317 1599,317 1598,313 1590,299 1591,295 1594,293 1596,292 1631,292"/>
					<TextEquiv>
						<Unicode>τε</Unicode>
					</TextEquiv>
				</Word>
				<TextEquiv>
					<Unicode>ἐπισύροντες ἢ ἀνατρέποντες τῷ σιδήρῳ, ἦν τε</Unicode>
				</TextEquiv>
			</TextLine>
			<TextLine id="r102">
				<Coords points="1498,342 1521,364 1562,364 1614,365 1641,372 1644,382 1644,385 1640,391 1638,392 1637,393 1522,393 1507,408 324,409 310,395 232,394 230,393 228,390 228,380 229,378 239,368 239,351 240,349 253,347 965,344 967,343 1497,343"/>
				<Word id="r1013">
					<Coords points="254,347 317,347 319,348 341,367 345,368 487,368 491,370 494,372 494,377 490,379 488,397 337,399 326,408 310,394 231,393 229,392 228,390 228,380 229,378 239,368 239,351 240,349 252,349"/>
					<TextEquiv>
						<Unicode>ἄνθρωπος</Unicode>
					</TextEquiv>
				</Word>
				<Word id="r1014">
					<Coords points="730,345 753,367 873,367 878,384 878,387 876,390 873,392 871,393 826,394 812,408 719,407 707,395 559,394 524,392 523,381 525,377 527,375 528,373 538,355 539,347 727,347"/>
					<TextEquiv>
						<Unicode>ἀναπλήρωμα</Unicode>
					</TextEquiv>
				</Word>
				<Word id="r1015">
					<Coords points="969,343 971,344 1002,344 1006,345 1027,366 1100,366 1102,370 1116,384 1118,388 1117,391 1114,394 1029,394 1013,408 1008,404 906,403 905,401 907,395 908,393 910,385 911,382 912,378 913,373 918,358 920,354 925,349 929,348 932,347 964,345 967,344"/>
					<TextEquiv>
						<Unicode>βόθρου.</Unicode>
					</TextEquiv>
				</Word>
				<Word id="r1016">
					<Coords points="1496,343 1520,364 1561,364 1613,365 1617,366 1621,369 1637,371 1640,376 1642,382 1642,386 1640,389 1637,392 1522,392 1505,407 1191,406 1190,404 1191,402 1194,393 1196,385 1197,382 1198,378 1200,372 1201,368 1202,366 1241,365 1325,365 1341,349 1344,347 1346,346 1490,346"/>
					<TextEquiv>
						<Unicode>μεταβαλλόμενοι</Unicode>
					</TextEquiv>
				</Word>
				<TextEquiv>
					<Unicode>ἄνθρωπος ἀναπλήρωμα βόθρου. μεταβαλλόμενοι</Unicode>
				</TextEquiv>
			</TextLine>
			<TextLine id="r103">
				<Coords points="1173,419 1603,423 1607,425 1624,442 1644,442 1645,447 1644,452 1643,454 1639,459 1637,461 1632,465 1629,467 1626,468 1624,469 1566,469 1550,485 364,485 349,470 233,469 229,467 227,464 226,462 226,455 229,450 233,424 332,421 1172,420"/>
				<Word id="r1017">
					<Coords points="233,424 265,425 265,431 263,435 252,438 250,460 248,464 244,467 232,468 228,466 226,462 226,455 228,451 230,448 232,430"/>
					<TextEquiv>
						<Unicode>δ᾽</Unicode>
					</TextEquiv>
				</Word>
				<Word id="r1018">
					<Coords points="335,421 339,423 336,428 335,461 334,464 332,467 298,468 296,467 294,464 294,455 295,452 298,448 301,445 305,443 310,443 331,422"/>
					<TextEquiv>
						<Unicode>οἱ</Unicode>
					</TextEquiv>
				</Word>
				<Word id="r1019">
					<Coords points="412,421 414,422 435,443 453,444 453,449 452,452 451,454 450,457 442,465 439,467 433,469 381,470 365,484 363,481 364,477 365,474 366,470 367,465 370,456 371,452 372,449 373,445 381,444 410,422"/>
					<TextEquiv>
						<Unicode>μὲν</Unicode>
					</TextEquiv>
				</Word>
				<Word id="r1020">
					<Coords points="497,423 501,425 520,443 524,445 528,449 525,452 523,453 522,471 519,472 517,473 511,471 487,468 484,466 482,463 481,454 483,450 484,449 494,431 495,424"/>
					<TextEquiv>
						<Unicode>ἐς</Unicode>
					</TextEquiv>
				</Word>
				<Word id="r1021">
					<Coords points="743,421 773,442 782,443 786,445 787,446 786,451 783,452 782,469 780,471 776,473 640,473 627,484 611,470 571,469 554,468 554,465 555,461 557,457 558,454 559,452 561,446 562,444 564,443 601,442 621,442 636,427 638,426 736,426"/>
					<TextEquiv>
						<Unicode>κεφαλὰς</Unicode>
					</TextEquiv>
				</Word>
				<Word id="r1022">
					<Coords points="902,421 924,441 1049,442 1052,443 1068,459 1071,461 1072,464 1071,468 1066,474 1064,475 1063,476 912,479 855,483 852,484 828,468 818,466 817,464 815,458 816,451 827,431 829,422 899,422"/>
					<TextEquiv>
						<Unicode>ἐφέροντο,</Unicode>
					</TextEquiv>
				</Word>
				<Word id="r1023">
					<Coords points="1174,420 1177,421 1180,427 1182,433 1183,435 1184,456 1187,459 1185,463 1180,468 1102,466 1101,464 1102,460 1103,458 1104,453 1105,451 1106,447 1107,444 1108,442 1112,440 1152,440"/>
					<TextEquiv>
						<Unicode>καὶ</Unicode>
					</TextEquiv>
				</Word>
				<Word id="r1024">
					<Coords points="1260,420 1265,422 1266,425 1267,427 1268,430 1269,432 1270,435 1271,437 1275,448 1278,458 1278,461 1276,465 1271,467 1228,468 1226,468 1225,464 1216,448 1217,443 1218,442 1236,442"/>
					<TextEquiv>
						<Unicode>τὰ</Unicode>
					</TextEquiv>
				</Word>
				<Word id="r1025">
					<Coords points="1397,422 1406,426 1411,427 1413,428 1427,441 1450,441 1467,443 1469,447 1469,450 1468,454 1467,459 1465,463 1462,475 1461,477 1459,478 1458,479 1448,469 1314,467 1309,465 1306,460 1306,454 1310,447 1315,443 1319,442 1335,441 1375,441"/>
					<TextEquiv>
						<Unicode>σκέλη</Unicode>
					</TextEquiv>
				</Word>
				<Word id="r1026">
					<Coords points="1598,423 1603,424 1605,425 1623,442 1643,442 1643,447 1642,452 1640,456 1637,460 1629,466 1625,467 1566,468 1548,484 1531,468 1503,467 1500,465 1498,457 1498,452 1501,448 1504,445 1508,443 1514,442 1540,442 1558,424 1594,424"/>
					<TextEquiv>
						<Unicode>σφῶν</Unicode>
					</TextEquiv>
				</Word>
				<TextEquiv>
					<Unicode>δ᾽ οἱ μὲν ἐς κεφαλὰς ἐφέροντο, καὶ τὰ σκέλη σφῶν</Unicode>
				</TextEquiv>
			</TextLine>
			<TextLine id="r104">
				<Coords points="1258,494 1313,495 1315,498 1495,498 1513,516 1642,517 1642,525 1625,525 1624,527 1623,531 1619,536 1614,539 1611,541 1607,543 1110,544 1095,559 452,560 449,563 416,562 327,561 313,547 265,546 263,545 233,544 231,543 229,541 228,524 227,521 236,507 237,501 241,498 243,497 368,496 370,495 1257,495"/>
				<Word id="r1027">
					<Coords points="372,495 396,518 566,518 577,525 581,536 580,538 578,540 574,543 573,544 467,545 452,559 449,562 417,561 327,561 312,546 264,545 262,544 232,543 230,542 228,524 227,521 237,506 239,499 242,497 370,496"/>
					<TextEquiv>
						<Unicode>ὑπερίσχοντα</Unicode>
					</TextEquiv>
				</Word>
				<Word id="r1028">
					<Coords points="681,501 685,502 705,517 712,518 715,519 719,524 716,527 714,528 712,546 707,548 687,549 686,552 685,556 684,558 682,559 667,545 641,544 641,538 632,525 633,520 634,519 659,519 674,504"/>
					<TextEquiv>
						<Unicode>τῆς</Unicode>
					</TextEquiv>
				</Word>
				<Word id="r1029">
					<Coords points="820,500 824,501 847,517 854,518 857,520 858,521 858,525 855,526 854,541 852,545 849,547 825,548 824,552 823,555 821,556 783,557 781,557 780,544 768,529 767,525 768,522 771,519 773,518 797,518 815,501"/>
					<TextEquiv>
						<Unicode>γῆς</Unicode>
					</TextEquiv>
				</Word>
				<Word id="r1030">
					<Coords points="947,496 968,515 1143,515 1180,517 1180,519 1179,524 1178,527 1178,529 1168,538 1162,542 1160,543 1110,543 1093,558 939,557 938,555 925,536 920,525 921,523 931,511 932,504 938,499"/>
					<TextEquiv>
						<Unicode>ἤσπαιρον</Unicode>
					</TextEquiv>
				</Word>
				<Word id="r1031">
					<Coords points="1255,495 1313,496 1317,499 1318,501 1321,510 1322,529 1325,533 1324,536 1323,538 1318,543 1249,542 1246,541 1243,539 1241,536 1240,533 1240,529 1241,525 1242,523 1253,512 1253,496"/>
					<TextEquiv>
						<Unicode>ἐπὶ</Unicode>
					</TextEquiv>
				</Word>
				<Word id="r1032">
					<Coords points="1490,498 1513,517 1641,520 1624,525 1622,527 1620,533 1617,536 1615,537 1609,541 1607,542 1606,543 1397,542 1381,541 1378,527 1376,519 1377,518 1379,517 1402,517 1418,501 1484,500"/>
					<TextEquiv>
						<Unicode>πλεῖστον·</Unicode>
					</TextEquiv>
				</Word>
				<TextEquiv>
					<Unicode>ὑπερίσχοντα τῆς γῆς ἤσπαιρον ἐπὶ πλεῖστον·</Unicode>
				</TextEquiv>
			</TextLine>
			<TextLine id="r105">
				<Coords points="814,569 1482,569 1484,573 1615,574 1619,576 1638,592 1642,593 1644,594 1647,598 1645,601 1643,602 1642,617 1641,620 1637,622 1375,623 1373,624 468,628 461,631 460,624 410,622 233,620 229,618 227,614 228,605 229,601 231,598 234,596 236,595 239,594 244,594 266,572 309,571 329,570 813,570"/>
				<Word id="r1033">
					<Coords points="269,572 273,575 271,578 270,579 269,613 268,615 266,618 232,619 230,618 229,617 227,613 228,604 229,601 231,598 234,596 236,595 239,594 244,594"/>
					<TextEquiv>
						<Unicode>οἱ</Unicode>
					</TextEquiv>
				</Word>
				<Word id="r1034">
					<Coords points="331,570 334,571 336,573 337,575 337,577 336,582 335,584 333,585 324,586 323,609 322,613 320,615 319,617 315,619 302,618 299,614 298,612 298,606 299,603 300,601 302,599 303,575 304,574 310,571 329,571"/>
					<TextEquiv>
						<Unicode>δ᾽</Unicode>
					</TextEquiv>
				</Word>
				<Word id="r1035">
					<Coords points="393,574 416,593 422,596 425,600 422,603 420,604 419,620 415,622 411,621 383,620 379,617 377,614 377,605 379,602 380,600 389,583 390,575"/>
					<TextEquiv>
						<Unicode>ἐς</Unicode>
					</TextEquiv>
				</Word>
				<Word id="r1036">
					<Coords points="509,573 512,574 533,594 550,594 550,600 549,602 548,605 546,608 542,613 538,616 536,618 530,620 469,624 464,628 462,629 461,629 462,626 463,622 466,613 467,609 469,603 470,599 479,595"/>
					<TextEquiv>
						<Unicode>μὲν</Unicode>
					</TextEquiv>
				</Word>
				<Word id="r1037">
					<Coords points="665,571 667,572 692,592 699,593 702,594 707,599 705,602 703,603 702,611 699,622 696,623 690,622 600,620 599,612 590,600 595,595 598,594 631,593 634,592 643,592 663,572"/>
					<TextEquiv>
						<Unicode>τοὺς</Unicode>
					</TextEquiv>
				</Word>
				<Word id="r1038">
					<Coords points="815,570 839,571 841,572 862,593 903,593 909,595 910,600 909,602 907,603 905,620 902,622 757,620 756,615 750,601 751,596 753,594 788,594 812,570"/>
					<TextEquiv>
						<Unicode>πόδας</Unicode>
					</TextEquiv>
				</Word>
				<Word id="r1039">
					<Coords points="979,571 1001,591 1143,591 1178,592 1178,599 1177,603 1174,606 1171,610 1167,613 1164,615 1162,617 1158,618 963,618 960,616 958,613 957,611 957,604 958,602 960,600 962,597 963,573 976,573"/>
					<TextEquiv>
						<Unicode>ἔπιπτον</Unicode>
					</TextEquiv>
				</Word>
				<Word id="r1040">
					<Coords points="1286,570 1308,591 1356,591 1359,592 1377,609 1379,610 1380,615 1379,619 1376,622 1373,623 1371,624 1364,618 1224,617 1223,615 1227,603 1228,599 1229,596 1231,592 1246,591 1264,591"/>
					<TextEquiv>
						<Unicode>κάτω,</Unicode>
					</TextEquiv>
				</Word>
				<Word id="r1041">
					<Coords points="1481,570 1486,574 1487,575 1490,581 1491,585 1494,605 1495,609 1493,613 1492,616 1486,619 1483,618 1410,617 1410,612 1412,606 1413,604 1414,600 1415,597 1417,593 1433,591 1459,591"/>
					<TextEquiv>
						<Unicode>καὶ</Unicode>
					</TextEquiv>
				</Word>
				<Word id="r1042">
					<Coords points="1612,574 1615,575 1619,577 1636,592 1642,594 1646,597 1644,600 1641,601 1640,617 1639,620 1637,621 1634,622 1628,618 1545,617 1544,612 1536,598 1537,593 1538,592 1591,592 1609,575"/>
					<TextEquiv>
						<Unicode>ταῖς</Unicode>
					</TextEquiv>
				</Word>
				<TextEquiv>
					<Unicode>οἱ δ᾽ ἐς μὲν τοὺς πόδας ἔπιπτον κάτω, καὶ ταῖς</Unicode>
				</TextEquiv>
			</TextLine>
			<TextLine id="r106">
				<Coords points="1074,644 1644,645 1645,647 1645,653 1643,657 1632,659 1631,684 1628,690 1626,692 1623,693 1341,695 1338,698 1335,700 1257,701 1248,710 739,710 737,711 298,712 282,696 227,693 228,689 229,686 230,684 231,680 233,674 235,670 271,669 291,669 309,651 541,650 542,649 544,648 867,647 870,646 1073,645"/>
				<Word id="r1043">
					<Coords points="309,651 451,651 454,652 472,670 476,672 479,675 476,678 474,679 473,695 472,697 470,699 313,699 299,711 274,695 266,694 227,692 228,688 229,685 230,683 231,679 233,673 234,671 235,670 271,669 291,669"/>
					<TextEquiv>
						<Unicode>κεφαλαῖς</Unicode>
					</TextEquiv>
				</Word>
				<Word id="r1044">
					<Coords points="546,648 550,649 552,650 701,650 704,651 719,666 743,666 764,667 801,668 802,670 802,674 801,678 799,681 798,683 791,690 788,692 784,693 782,694 756,695 740,709 737,710 736,711 630,711 615,696 536,694 534,692 533,683 530,672 531,671 540,657 542,649 543,649"/>
					<TextEquiv>
						<Unicode>ὑπερεῖχον</Unicode>
					</TextEquiv>
				</Word>
				<Word id="r1045">
					<Coords points="871,646 942,646 969,666 978,667 980,668 982,670 983,674 983,680 982,686 979,690 975,692 962,693 960,701 959,707 957,709 940,693 861,692 859,691 858,689 857,672 865,656 869,647"/>
					<TextEquiv>
						<Unicode>ὑπὲρ</Unicode>
					</TextEquiv>
				</Word>
				<Word id="r1046">
					<Coords points="1076,645 1080,647 1083,653 1085,656 1086,662 1092,673 1093,676 1092,679 1091,683 1089,687 1083,692 1081,693 1046,693 1045,686 1036,674 1037,669 1038,668 1046,667"/>
					<TextEquiv>
						<Unicode>τὸ</Unicode>
					</TextEquiv>
				</Word>
				<Word id="r1047">
					<Coords points="1163,645 1184,645 1187,647 1261,648 1278,665 1320,665 1322,666 1325,668 1327,670 1341,685 1343,689 1342,692 1339,696 1335,699 1257,700 1247,709 1230,693 1149,692 1145,689 1143,676 1144,674 1146,671 1148,658 1149,646 1162,646"/>
					<TextEquiv>
						<Unicode>ἔδαφος,</Unicode>
					</TextEquiv>
				</Word>
				<Word id="r1048">
					<Coords points="1402,646 1411,648 1433,666 1542,666 1544,683 1546,685 1545,688 1539,692 1422,693 1397,692 1395,689 1395,652 1396,649 1397,647"/>
					<TextEquiv>
						<Unicode>ἵπποι</Unicode>
					</TextEquiv>
				</Word>
				<Word id="r1049">
					<Coords points="1616,645 1643,645 1643,653 1642,655 1638,657 1632,658 1630,660 1629,684 1627,688 1626,691 1622,692 1612,692 1610,691 1608,687 1608,677 1609,675 1611,673 1612,649"/>
					<TextEquiv>
						<Unicode>δ᾽</Unicode>
					</TextEquiv>
				</Word>
				<TextEquiv>
					<Unicode>κεφαλαῖς ὑπερεῖχον ὑπὲρ τὸ ἔδαφος, ἵπποι δ᾽</Unicode>
				</TextEquiv>
			</TextLine>
			<TextLine id="r107">
				<Coords points="1472,719 1480,725 1563,728 1567,730 1578,741 1609,741 1613,742 1634,743 1647,747 1646,753 1645,756 1639,762 1633,766 1629,768 1529,769 1507,770 1490,786 1488,785 1027,785 1018,776 231,772 227,770 225,766 225,759 226,755 227,753 230,750 234,747 236,745 239,744 257,744 277,724 279,723 1470,720"/>
				<Word id="r1050">
					<Coords points="279,723 373,723 375,724 400,744 408,745 410,746 412,748 412,753 409,754 408,769 407,771 230,771 226,769 225,766 225,759 226,755 227,753 229,751 233,748 236,745 239,744 257,744 277,724"/>
					<TextEquiv>
						<Unicode>αὐτοὺς</Unicode>
					</TextEquiv>
				</Word>
				<Word id="r1051">
					<Coords points="449,723 581,723 601,743 716,743 719,744 721,745 722,747 722,752 719,753 718,768 717,772 714,773 448,771 445,770 442,768 440,765 439,761 439,755 445,747 446,726"/>
					<TextEquiv>
						<Unicode>διαθέοντες</Unicode>
					</TextEquiv>
				</Word>
				<Word id="r1052">
					<Coords points="777,723 780,724 801,743 804,745 808,749 805,752 803,753 802,769 801,771 797,773 793,772 767,769 764,767 761,763 761,753 774,740 774,724"/>
					<TextEquiv>
						<Unicode>ἐς</Unicode>
					</TextEquiv>
				</Word>
				<Word id="r1053">
					<Coords points="897,722 927,743 935,744 937,745 941,750 939,753 937,754 935,771 932,773 929,774 925,772 862,769 861,764 853,750 856,744 873,744"/>
					<TextEquiv>
						<Unicode>τὰς</Unicode>
					</TextEquiv>
				</Word>
				<Word id="r1054">
					<Coords points="1004,722 1009,725 1039,725 1054,740 1079,740 1121,741 1124,742 1128,744 1131,747 1127,752 1125,768 1120,773 1042,773 1029,784 1011,768 986,767 983,766 981,762 982,751 984,748 987,744 989,724 996,723"/>
					<TextEquiv>
						<Unicode>ὄψεις</Unicode>
					</TextEquiv>
				</Word>
				<Word id="r1055">
					<Coords points="1185,721 1189,723 1191,729 1192,731 1193,734 1194,739 1196,744 1197,750 1196,757 1193,766 1191,774 1190,777 1189,779 1186,782 1184,780 1170,760 1167,749 1177,733 1183,723"/>
					<TextEquiv>
						<Unicode>ἢ</Unicode>
					</TextEquiv>
				</Word>
				<Word id="r1056">
					<Coords points="1279,721 1302,741 1322,741 1324,743 1325,746 1324,750 1323,753 1321,756 1313,764 1310,766 1306,768 1302,769 1300,768 1247,767 1247,761 1238,748 1248,742 1256,741"/>
					<TextEquiv>
						<Unicode>τὸν</Unicode>
					</TextEquiv>
				</Word>
				<Word id="r1057">
					<Coords points="1471,720 1479,726 1504,727 1562,728 1566,730 1577,741 1608,741 1612,742 1633,743 1636,745 1645,747 1644,753 1641,759 1636,763 1633,765 1630,766 1628,767 1528,768 1506,769 1489,785 1486,783 1394,782 1374,769 1365,768 1362,767 1360,764 1359,762 1358,756 1362,747 1370,731 1371,722 1372,721 1469,721"/>
					<TextEquiv>
						<Unicode>ἐγκέφαλον</Unicode>
					</TextEquiv>
				</Word>
				<TextEquiv>
					<Unicode>αὐτοὺς διαθέοντες ἐς τὰς ὄψεις ἢ τὸν ἐγκέφαλον</Unicode>
				</TextEquiv>
			</TextLine>
			<TextLine id="r108">
				<Coords points="800,795 1646,796 1645,807 1641,809 1636,810 1635,838 1634,842 1631,843 1340,845 1326,858 1325,859 1255,859 1252,860 674,862 642,863 633,854 524,853 520,850 233,846 230,844 228,842 227,840 226,836 227,832 228,829 238,818 238,801 239,800 717,797 797,797 799,796"/>
				<Word id="r1058">
					<Coords points="239,800 310,803 321,807 324,808 335,819 479,819 519,820 520,824 533,840 533,844 529,852 521,850 232,845 229,843 226,839 226,835 227,831 228,829 238,819 238,801"/>
					<TextEquiv>
						<Unicode>ἐκόλαπτον,</Unicode>
					</TextEquiv>
				</Word>
				<Word id="r1059">
					<Coords points="626,799 629,800 647,817 677,817 679,818 678,857 676,860 673,861 642,862 628,848 586,845 581,841 580,838 580,832 581,828 585,823 591,819 604,819"/>
					<TextEquiv>
						<Unicode>οὐχ</Unicode>
					</TextEquiv>
				</Word>
				<Word id="r1060">
					<Coords points="800,796 828,818 834,819 937,819 937,826 936,828 935,831 931,835 928,839 923,842 917,845 727,845 723,843 720,837 720,832 721,828 725,823 729,802 731,799 796,797 798,797"/>
					<TextEquiv>
						<Unicode>ἑκόντων</Unicode>
					</TextEquiv>
				</Word>
				<Word id="r1061">
					<Coords points="1033,799 1039,800 1058,818 1079,818 1079,826 1078,829 1076,831 1075,834 1073,837 1069,839 1066,842 1060,844 1020,844 988,843 988,836 980,827 979,824 980,821 982,819 984,818 1010,818 1028,800"/>
					<TextEquiv>
						<Unicode>τῶν</Unicode>
					</TextEquiv>
				</Word>
				<Word id="r1062">
					<Coords points="1383,796 1404,816 1447,816 1485,817 1486,821 1485,825 1484,827 1482,830 1481,832 1474,839 1470,842 1467,843 1466,844 1339,844 1325,858 1254,858 1251,859 1222,860 1206,844 1155,843 1129,842 1126,840 1124,836 1124,829 1125,826 1127,824 1128,822 1137,805 1138,797 1382,797"/>
					<TextEquiv>
						<Unicode>ἐποχουμένων</Unicode>
					</TextEquiv>
				</Word>
				<Word id="r1063">
					<Coords points="1546,796 1644,796 1643,807 1641,808 1637,809 1634,810 1633,838 1632,842 1630,843 1529,842 1527,839 1527,833 1529,829 1531,826 1532,824 1543,806 1544,797 1545,797"/>
					<TextEquiv>
						<Unicode>ἀλλ᾽</Unicode>
					</TextEquiv>
				</Word>
				<TextEquiv>
					<Unicode>ἐκόλαπτον, οὐχ ἑκόντων τῶν ἐποχουμένων ἀλλ᾽</Unicode>
				</TextEquiv>
			</TextLine>
			<TextLine id="r109">
				<Coords points="1449,868 1452,869 1535,869 1543,875 1559,891 1597,891 1649,894 1650,897 1649,901 1647,905 1645,908 1638,915 1636,916 1632,919 1630,920 1568,920 1553,935 546,935 535,924 232,922 230,919 228,902 228,899 237,885 238,878 244,876 822,872 849,871 1446,869"/>
				<Word id="r1064">
					<Coords points="244,876 315,877 319,885 320,897 324,899 326,903 326,912 325,916 323,918 321,919 320,921 319,922 231,921 230,919 229,903 228,899 237,887 238,881 240,877 243,877"/>
					<TextEquiv>
						<Unicode>ὑπὸ</Unicode>
					</TextEquiv>
				</Word>
				<Word id="r1065">
					<Coords points="511,875 518,877 520,878 550,878 573,895 581,896 585,898 586,901 601,920 600,923 599,925 595,930 551,930 550,933 545,934 534,923 401,922 362,921 359,920 357,918 355,912 356,907 358,903 361,900 363,899 369,897 371,896 427,895 487,895"/>
					<TextEquiv>
						<Unicode>σπουδῆς,</Unicode>
					</TextEquiv>
				</Word>
				<Word id="r1066">
					<Coords points="729,874 731,878 733,883 735,887 737,909 740,913 739,916 735,921 637,920 633,918 631,914 631,905 632,903 634,900 639,894 644,875"/>
					<TextEquiv>
						<Unicode>ἐπεὶ</Unicode>
					</TextEquiv>
				</Word>
				<Word id="r1067">
					<Coords points="852,871 856,872 877,872 879,873 880,878 879,883 877,885 871,887 867,888 866,908 864,914 862,916 858,918 855,919 782,918 779,914 779,906 780,903 782,899 786,895 790,893 802,893 823,872 849,872"/>
					<TextEquiv>
						<Unicode>οὐδ᾽</Unicode>
					</TextEquiv>
				</Word>
				<Word id="r1068">
					<Coords points="963,871 967,873 966,875 964,876 963,912 962,915 960,917 958,918 957,919 927,919 923,917 920,911 920,906 921,901 929,893 931,892 939,892 959,872"/>
					<TextEquiv>
						<Unicode>οἱ</Unicode>
					</TextEquiv>
				</Word>
				<Word id="r1069">
					<Coords points="1184,870 1207,891 1271,897 1274,907 1274,909 1273,911 1272,914 1270,916 1268,917 1267,918 1242,918 1223,919 1207,933 1191,919 1005,919 1003,880 1003,878 1075,876 1079,873 1083,871 1181,871"/>
					<TextEquiv>
						<Unicode>λιθολόγοι</Unicode>
					</TextEquiv>
				</Word>
				<Word id="r1070">
					<Coords points="1449,869 1455,872 1456,875 1455,878 1454,880 1447,884 1436,897 1431,898 1429,914 1427,918 1350,918 1322,917 1322,910 1314,901 1313,898 1314,894 1316,892 1361,891 1375,891 1393,873 1442,871 1445,870"/>
					<TextEquiv>
						<Unicode>ταῦτ᾽</Unicode>
					</TextEquiv>
				</Word>
				<Word id="r1071">
					<Coords points="1532,869 1535,870 1539,873 1558,891 1596,891 1613,892 1615,893 1648,894 1648,897 1647,901 1646,903 1645,906 1640,911 1635,915 1632,917 1568,919 1551,934 1534,919 1500,918 1497,916 1494,912 1494,904 1498,898 1499,895 1501,872 1529,870"/>
					<TextEquiv>
						<Unicode>ἔδρων</Unicode>
					</TextEquiv>
				</Word>
				<TextEquiv>
					<Unicode>ὑπὸ σπουδῆς, ἐπεὶ οὐδ᾽ οἱ λιθολόγοι ταῦτ᾽ ἔδρων</Unicode>
				</TextEquiv>
			</TextLine>
			<TextLine id="r110">
				<Coords points="1122,943 1126,945 1461,946 1488,948 1614,950 1636,967 1643,968 1646,969 1651,974 1649,977 1647,985 1646,994 1641,999 1615,999 1614,1007 1613,1008 946,1003 236,997 234,996 231,994 229,991 229,982 231,980 235,975 239,953 242,951 646,947 648,946 1118,945"/>
				<Word id="r1072">
					<Coords points="243,951 309,951 326,968 439,968 440,970 440,976 432,977 425,978 421,980 420,996 420,998 235,996 231,994 229,991 229,982 232,978 236,973 238,958 240,953 242,952"/>
					<TextEquiv>
						<Unicode>ἑκόντες·</Unicode>
					</TextEquiv>
				</Word>
				<Word id="r1073">
					<Coords points="597,948 600,949 602,951 603,956 602,960 600,962 590,964 589,990 587,993 583,995 485,995 483,994 481,991 481,986 482,983 484,979 485,978 497,958 499,949 595,949"/>
					<TextEquiv>
						<Unicode>ἀλλ᾽</Unicode>
					</TextEquiv>
				</Word>
				<Word id="r1074">
					<Coords points="651,946 653,975 654,978 654,986 651,992 649,994 646,995 639,995 635,993 634,992 633,990 632,984 633,978 635,975 636,973 639,971 642,970 644,969 644,950 646,948 648,947"/>
					<TextEquiv>
						<Unicode>ὁ</Unicode>
					</TextEquiv>
				</Word>
				<Word id="r1075">
					<Coords points="760,952 765,953 769,956 770,963 772,972 772,974 771,980 770,983 768,987 764,993 761,995 759,996 756,997 754,996 691,994 691,986 683,977 682,975 683,971 685,970 725,969 739,969 755,953"/>
					<TextEquiv>
						<Unicode>τοῦ</Unicode>
					</TextEquiv>
				</Word>
				<Word id="r1076">
					<Coords points="929,946 953,967 1030,968 1030,973 1029,977 1028,980 1027,982 1026,985 1021,990 1015,993 987,993 946,994 935,1002 927,996 805,991 798,977 799,973 811,969 855,969 870,954 919,954"/>
					<TextEquiv>
						<Unicode>πολέμου</Unicode>
					</TextEquiv>
				</Word>
				<Word id="r1077">
					<Coords points="1121,944 1124,945 1146,966 1204,966 1207,967 1211,970 1212,975 1208,976 1207,991 1206,995 1200,997 1197,996 1064,989 1057,975 1058,971 1062,968 1066,967 1097,967"/>
					<TextEquiv>
						<Unicode>πόνος</Unicode>
					</TextEquiv>
				</Word>
				<Word id="r1078">
					<Coords points="1313,946 1316,948 1318,952 1319,955 1320,957 1323,980 1325,983 1325,985 1324,988 1320,992 1318,993 1317,994 1239,992 1239,989 1241,983 1242,981 1243,977 1244,974 1245,970 1246,968 1248,967 1283,966 1291,966"/>
					<TextEquiv>
						<Unicode>καὶ</Unicode>
					</TextEquiv>
				</Word>
				<Word id="r1079">
					<Coords points="1373,946 1376,947 1378,969 1380,973 1380,978 1379,982 1378,984 1377,988 1376,991 1374,999 1373,1001 1372,1004 1370,1006 1368,1004 1355,985 1352,975 1354,971 1366,955 1367,950 1368,948 1371,947"/>
					<TextEquiv>
						<Unicode>ἡ</Unicode>
					</TextEquiv>
				</Word>
				<Word id="r1080">
					<Coords points="1416,946 1461,947 1489,950 1499,953 1512,966 1528,966 1530,967 1533,981 1534,985 1532,989 1528,993 1492,993 1491,1002 1489,1006 1475,1006 1463,994 1418,993 1414,992 1411,990 1409,986 1409,978 1410,975 1412,972 1414,948"/>
					<TextEquiv>
						<Unicode>δόξα</Unicode>
					</TextEquiv>
				</Word>
				<Word id="r1081">
					<Coords points="1611,950 1614,951 1637,968 1644,969 1649,975 1647,977 1645,978 1643,996 1614,999 1611,1007 1597,995 1571,994 1570,993 1569,989 1561,974 1565,968 1568,967 1589,967 1603,953 1605,952"/>
					<TextEquiv>
						<Unicode>τῆς</Unicode>
					</TextEquiv>
				</Word>
				<TextEquiv>
					<Unicode>ἑκόντες· ἀλλ᾽ ὁ τοῦ πολέμου πόνος καὶ ἡ δόξα τῆς</Unicode>
				</TextEquiv>
			</TextLine>
			<TextLine id="r111">
				<Coords points="1447,1013 1451,1014 1638,1016 1644,1025 1645,1027 1646,1030 1647,1032 1649,1051 1650,1054 1649,1057 1646,1061 1508,1066 1503,1069 1488,1072 1484,1074 507,1078 505,1079 328,1079 317,1068 229,1068 229,1042 231,1041 248,1041 272,1017 1441,1016"/>
				<Word id="r1082">
					<Coords points="273,1017 297,1040 361,1040 367,1044 367,1047 366,1049 364,1050 363,1066 362,1069 356,1071 335,1073 331,1078 317,1067 229,1067 229,1042 231,1041 248,1041"/>
					<TextEquiv>
						<Unicode>νίκης</Unicode>
					</TextEquiv>
				</Word>
				<Word id="r1083">
					<Coords points="538,1017 568,1039 576,1040 579,1042 580,1045 579,1047 575,1048 573,1066 570,1068 516,1069 507,1077 506,1078 467,1078 445,1064 436,1063 432,1059 430,1055 431,1051 432,1048 444,1027 445,1019 535,1019"/>
					<TextEquiv>
						<Unicode>ἐγγὺς</Unicode>
					</TextEquiv>
				</Word>
				<Word id="r1084">
					<Coords points="715,1017 718,1019 720,1023 721,1026 722,1028 723,1031 726,1051 728,1056 727,1058 724,1062 642,1064 642,1059 643,1055 645,1051 646,1047 647,1045 648,1040 650,1039 664,1038 693,1038"/>
					<TextEquiv>
						<Unicode>καὶ</Unicode>
					</TextEquiv>
				</Word>
				<Word id="r1085">
					<Coords points="809,1017 813,1019 814,1038 816,1041 816,1047 815,1053 814,1057 812,1063 810,1071 809,1074 805,1074 805,1071 793,1053 790,1043 792,1040 804,1024 805,1019 806,1018"/>
					<TextEquiv>
						<Unicode>ἡ</Unicode>
					</TextEquiv>
				</Word>
				<Word id="r1086">
					<Coords points="948,1018 953,1019 957,1023 958,1030 959,1038 960,1043 959,1049 957,1053 947,1063 880,1063 879,1058 871,1046 870,1044 872,1040 874,1038 912,1037 925,1037"/>
					<TextEquiv>
						<Unicode>τοῦ</Unicode>
					</TextEquiv>
				</Word>
				<Word id="r1087">
					<Coords points="1229,1017 1237,1020 1239,1029 1241,1040 1240,1046 1239,1050 1235,1056 1232,1059 1226,1062 1097,1062 1082,1075 1067,1062 1018,1061 1013,1058 1011,1047 1013,1043 1014,1042 1018,1039 1020,1038 1025,1037 1034,1036 1040,1035 1206,1035 1222,1019"/>
					<TextEquiv>
						<Unicode>στρατοῦ</Unicode>
					</TextEquiv>
				</Word>
				<Word id="r1088">
					<Coords points="1447,1014 1451,1015 1495,1015 1495,1041 1507,1053 1510,1055 1511,1059 1510,1064 1507,1065 1505,1066 1503,1068 1487,1069 1486,1072 1483,1073 1481,1074 1470,1063 1337,1062 1300,1061 1297,1060 1293,1058 1291,1054 1291,1049 1292,1046 1295,1041 1299,1038 1301,1037 1304,1036 1308,1035 1424,1034 1443,1015"/>
					<TextEquiv>
						<Unicode>σπουδή,</Unicode>
					</TextEquiv>
				</Word>
				<Word id="r1089">
					<Coords points="1636,1016 1639,1018 1643,1024 1644,1026 1645,1029 1646,1031 1646,1051 1649,1053 1648,1056 1645,1060 1567,1062 1565,1062 1564,1058 1567,1049 1568,1045 1569,1042 1571,1039 1572,1036 1574,1035 1616,1035"/>
					<TextEquiv>
						<Unicode>καὶ</Unicode>
					</TextEquiv>
				</Word>
				<TextEquiv>
					<Unicode>νίκης ἐγγὺς καὶ ἡ τοῦ στρατοῦ σπουδή, καὶ</Unicode>
				</TextEquiv>
			</TextLine>
			<TextLine id="r112">
				<Coords points="1049,1082 1448,1084 1509,1086 1512,1088 1514,1089 1529,1104 1602,1104 1626,1105 1630,1107 1647,1124 1648,1127 1648,1130 1647,1132 1646,1136 1642,1138 1420,1141 1358,1143 300,1147 296,1149 279,1148 266,1135 229,1134 229,1130 230,1128 232,1125 233,1118 234,1116 235,1113 236,1111 240,1109 267,1109 288,1088 1046,1085"/>
				<Word id="r1090">
					<Coords points="289,1088 310,1107 435,1107 437,1108 440,1110 441,1113 441,1116 437,1117 436,1136 433,1137 431,1138 307,1139 298,1147 297,1148 279,1148 265,1134 229,1132 230,1129 232,1125 234,1117 235,1115 236,1112 238,1110 240,1109 267,1109"/>
					<TextEquiv>
						<Unicode>κήρυκες</Unicode>
					</TextEquiv>
				</Word>
				<Word id="r1091">
					<Coords points="496,1088 501,1089 596,1089 599,1091 602,1107 603,1110 603,1115 602,1119 601,1121 600,1125 597,1128 595,1131 592,1133 522,1133 508,1145 490,1134 483,1133 482,1131 480,1128 479,1124 480,1119 481,1115 492,1103"/>
					<TextEquiv>
						<Unicode>ὁμοῦ</Unicode>
					</TextEquiv>
				</Word>
				<Word id="r1092">
					<Coords points="714,1087 717,1088 723,1100 724,1120 727,1123 726,1127 725,1129 721,1133 719,1134 642,1133 642,1129 646,1117 647,1115 648,1112 650,1109 666,1107 692,1107"/>
					<TextEquiv>
						<Unicode>καὶ</Unicode>
					</TextEquiv>
				</Word>
				<Word id="r1093">
					<Coords points="1050,1083 1052,1084 1056,1092 1057,1095 1058,1097 1060,1118 1063,1120 1062,1123 1061,1125 1055,1130 1053,1131 773,1132 769,1130 767,1127 766,1120 767,1117 768,1115 771,1111 776,1108 779,1107 788,1106 825,1106 840,1091 1040,1091"/>
					<TextEquiv>
						<Unicode>σαλπικταὶ</Unicode>
					</TextEquiv>
				</Word>
				<Word id="r1094">
					<Coords points="1161,1083 1183,1103 1247,1103 1259,1110 1263,1122 1262,1125 1261,1127 1257,1129 1239,1130 1095,1131 1094,1126 1088,1113 1089,1109 1091,1106 1093,1105 1137,1105"/>
					<TextEquiv>
						<Unicode>πάντα</Unicode>
					</TextEquiv>
				</Word>
				<Word id="r1095">
					<Coords points="1311,1084 1447,1084 1452,1085 1508,1086 1511,1088 1513,1089 1528,1104 1601,1104 1625,1105 1629,1107 1647,1127 1646,1131 1645,1134 1643,1136 1641,1137 1422,1139 1419,1140 1358,1142 1353,1143 1340,1130 1297,1129 1295,1128 1293,1125 1292,1121 1292,1116 1293,1110 1294,1106 1295,1104 1296,1101 1300,1095 1303,1091 1305,1088 1309,1085"/>
					<TextEquiv>
						<Unicode>θορυβοῦντες,</Unicode>
					</TextEquiv>
				</Word>
				<TextEquiv>
					<Unicode>κήρυκες ὁμοῦ καὶ σαλπικταὶ πάντα θορυβοῦντες,</Unicode>
				</TextEquiv>
			</TextLine>
			<TextLine id="r113">
				<Coords points="1223,1149 1226,1150 1227,1151 1521,1152 1546,1156 1556,1159 1572,1172 1576,1173 1611,1173 1648,1174 1650,1176 1651,1179 1650,1182 1648,1185 1647,1187 1645,1190 1642,1192 1638,1195 1635,1198 1631,1199 1558,1200 1544,1213 1540,1215 930,1216 924,1218 449,1219 443,1220 228,1220 229,1182 230,1179 234,1177 262,1176 276,1176 289,1163 333,1163 342,1154 1222,1150"/>
				<Word id="r1096">
					<Coords points="342,1154 505,1156 503,1158 502,1195 501,1197 499,1200 495,1202 454,1204 452,1214 450,1218 448,1219 229,1219 229,1181 230,1179 234,1177 262,1176 276,1176 289,1163 333,1163"/>
					<TextEquiv>
						<Unicode>χιλίαρχοί</Unicode>
					</TextEquiv>
				</Word>
				<Word id="r1097">
					<Coords points="613,1175 617,1177 618,1178 618,1181 616,1200 613,1201 575,1201 574,1194 566,1183 568,1178 570,1177 608,1176 610,1176"/>
					<TextEquiv>
						<Unicode>τε</Unicode>
					</TextEquiv>
				</Word>
				<Word id="r1098">
					<Coords points="754,1154 757,1157 759,1160 760,1162 761,1165 762,1167 764,1189 767,1192 765,1196 759,1202 718,1202 716,1201 681,1200 680,1198 682,1192 683,1190 684,1187 685,1185 686,1181 687,1178 688,1177 704,1175 732,1175"/>
					<TextEquiv>
						<Unicode>καὶ</Unicode>
					</TextEquiv>
				</Word>
				<Word id="r1099">
					<Coords points="1041,1151 1044,1153 1046,1157 1047,1160 1049,1163 1050,1165 1052,1187 1053,1191 1051,1194 1050,1197 1047,1198 1003,1199 989,1213 932,1214 923,1217 918,1216 899,1215 885,1201 829,1200 827,1163 826,1160 1031,1160"/>
					<TextEquiv>
						<Unicode>λοχαγοὶ</Unicode>
					</TextEquiv>
				</Word>
				<Word id="r1100">
					<Coords points="1223,1150 1227,1152 1228,1153 1230,1157 1232,1163 1236,1170 1241,1186 1242,1189 1241,1191 1239,1194 1236,1196 1234,1197 1130,1200 1116,1213 1114,1214 1113,1210 1114,1206 1115,1204 1117,1198 1119,1190 1120,1187 1121,1185 1122,1180 1123,1176 1124,1174 1162,1172 1166,1171 1201,1171"/>
					<TextEquiv>
						<Unicode>μετὰ</Unicode>
					</TextEquiv>
				</Word>
				<Word id="r1101">
					<Coords points="1355,1154 1360,1155 1362,1156 1380,1173 1401,1173 1402,1176 1401,1180 1400,1183 1399,1185 1395,1190 1392,1193 1388,1196 1382,1198 1311,1198 1310,1196 1310,1189 1302,1179 1303,1175 1305,1173 1307,1172 1333,1172 1350,1155"/>
					<TextEquiv>
						<Unicode>τῶν</Unicode>
					</TextEquiv>
				</Word>
				<Word id="r1102">
					<Coords points="1518,1152 1523,1155 1539,1155 1544,1157 1555,1159 1569,1173 1610,1173 1615,1174 1649,1176 1649,1179 1648,1183 1646,1185 1645,1188 1643,1190 1640,1192 1632,1198 1630,1199 1557,1199 1542,1213 1540,1214 1536,1215 1532,1214 1518,1200 1466,1198 1466,1191 1458,1182 1457,1180 1459,1174 1460,1173 1496,1173"/>
					<TextEquiv>
						<Unicode>τάξεων</Unicode>
					</TextEquiv>
				</Word>
				<TextEquiv>
					<Unicode>χιλίαρχοί τε καὶ λοχαγοὶ μετὰ τῶν τάξεων</Unicode>
				</TextEquiv>
			</TextLine>
			<TextLine id="r114">
				<Coords points="1442,1218 1466,1241 1642,1242 1645,1243 1648,1245 1649,1250 1648,1252 1646,1260 1644,1270 1642,1272 1638,1273 551,1275 539,1285 527,1274 242,1273 237,1272 233,1269 230,1265 231,1257 233,1254 243,1244 243,1228 245,1227 1440,1219"/>
				<Word id="r1103">
					<Coords points="527,1226 547,1243 649,1243 676,1250 679,1261 677,1266 674,1269 670,1270 552,1271 538,1284 527,1273 241,1272 236,1271 233,1269 230,1265 231,1261 233,1255 234,1253 243,1244 243,1228 245,1227 524,1227"/>
					<TextEquiv>
						<Unicode>ἐναλλασσόμενοι</Unicode>
					</TextEquiv>
				</Word>
				<Word id="r1104">
					<Coords points="798,1224 802,1225 805,1231 806,1234 807,1236 808,1256 811,1260 810,1265 806,1269 804,1270 725,1268 726,1264 727,1261 728,1257 729,1254 730,1252 732,1246 734,1245 750,1243 777,1243"/>
					<TextEquiv>
						<Unicode>καὶ</Unicode>
					</TextEquiv>
				</Word>
				<Word id="r1105">
					<Coords points="994,1222 1014,1240 1108,1240 1131,1241 1137,1244 1138,1246 1153,1264 1152,1270 1150,1272 1146,1273 1142,1272 1123,1270 861,1268 855,1266 854,1265 853,1263 852,1257 855,1248 857,1246 857,1223 991,1223"/>
					<TextEquiv>
						<Unicode>διαθέοντες,</Unicode>
					</TextEquiv>
				</Word>
				<Word id="r1106">
					<Coords points="1207,1221 1277,1221 1281,1223 1298,1240 1363,1240 1368,1242 1371,1245 1367,1249 1365,1269 1360,1271 1355,1270 1208,1267 1205,1266 1202,1264 1200,1261 1199,1257 1199,1254 1200,1250 1202,1248 1204,1245 1205,1232 1206,1222"/>
					<TextEquiv>
						<Unicode>ἔνθους</Unicode>
					</TextEquiv>
				</Word>
				<Word id="r1107">
					<Coords points="1441,1219 1466,1242 1641,1242 1644,1243 1647,1245 1647,1250 1646,1252 1644,1259 1643,1268 1639,1272 1636,1273 1632,1269 1421,1266 1418,1265 1416,1262 1415,1260 1415,1254 1416,1251 1418,1247 1422,1243 1426,1223 1429,1221 1438,1221"/>
					<TextEquiv>
						<Unicode>ἅπαντας</Unicode>
					</TextEquiv>
				</Word>
				<TextEquiv>
					<Unicode>ἐναλλασσόμενοι καὶ διαθέοντες, ἔνθους ἅπαντας</Unicode>
				</TextEquiv>
			</TextLine>
			<TextLine id="r115">
				<Coords points="988,1286 990,1287 1562,1289 1566,1292 1596,1293 1598,1294 1621,1311 1629,1312 1647,1328 1648,1329 1647,1335 1627,1339 1623,1341 1599,1343 1597,1346 1596,1348 1594,1349 635,1353 633,1354 621,1342 236,1341 232,1339 230,1336 229,1334 229,1330 231,1323 232,1321 242,1303 244,1294 982,1290 984,1288"/>
				<Word id="r1108">
					<Coords points="244,1294 348,1294 368,1314 436,1314 437,1317 436,1321 433,1327 431,1330 428,1332 424,1336 419,1338 415,1339 389,1340 235,1340 231,1338 229,1334 229,1330 231,1322 232,1321 243,1304 244,1298"/>
					<TextEquiv>
						<Unicode>ἐποίουν</Unicode>
					</TextEquiv>
				</Word>
				<Word id="r1109">
					<Coords points="548,1294 551,1297 552,1299 554,1302 555,1304 557,1328 558,1332 557,1334 556,1337 534,1338 532,1339 475,1339 476,1335 477,1330 480,1321 481,1317 482,1315 497,1314 528,1314"/>
					<TextEquiv>
						<Unicode>καὶ</Unicode>
					</TextEquiv>
				</Word>
				<Word id="r1110">
					<Coords points="617,1292 623,1295 777,1295 779,1296 796,1312 801,1313 807,1318 805,1321 803,1322 802,1329 801,1338 796,1343 645,1343 635,1352 633,1353 611,1339 602,1338 600,1337 598,1333 598,1329 600,1325 602,1322 603,1320 614,1309 614,1293"/>
					<TextEquiv>
						<Unicode>ἀμελεῖς</Unicode>
					</TextEquiv>
				</Word>
				<Word id="r1111">
					<Coords points="892,1293 898,1294 915,1310 937,1310 938,1314 938,1317 937,1322 935,1324 935,1326 926,1334 920,1336 919,1337 849,1337 848,1330 839,1318 840,1314 841,1313 843,1312 868,1312 886,1294"/>
					<TextEquiv>
						<Unicode>τῶν</Unicode>
					</TextEquiv>
				</Word>
				<Word id="r1112">
					<Coords points="987,1287 990,1288 1133,1288 1154,1309 1198,1309 1235,1310 1236,1314 1235,1318 1233,1322 1224,1331 1221,1333 1216,1335 1214,1336 1089,1336 1077,1348 1003,1349 997,1351 980,1337 976,1336 974,1335 971,1331 970,1329 971,1324 972,1318 982,1307 983,1290 984,1288"/>
					<TextEquiv>
						<Unicode>ὁρωμένων</Unicode>
					</TextEquiv>
				</Word>
				<Word id="r1113">
					<Coords points="1287,1289 1361,1289 1362,1291 1363,1294 1365,1297 1366,1304 1367,1310 1372,1315 1373,1320 1372,1326 1370,1329 1364,1335 1282,1335 1279,1333 1277,1329 1276,1314 1276,1311 1284,1298 1285,1291"/>
					<TextEquiv>
						<Unicode>ὑπὸ</Unicode>
					</TextEquiv>
				</Word>
				<Word id="r1114">
					<Coords points="1557,1289 1562,1290 1566,1293 1595,1293 1599,1295 1617,1311 1624,1312 1629,1313 1644,1327 1646,1329 1646,1335 1629,1336 1627,1338 1623,1340 1622,1341 1598,1343 1595,1346 1594,1348 1592,1349 1580,1337 1447,1336 1445,1335 1406,1334 1403,1332 1401,1328 1401,1323 1403,1317 1407,1313 1413,1310 1533,1309"/>
					<TextEquiv>
						<Unicode>σπουδῆς.</Unicode>
					</TextEquiv>
				</Word>
				<TextEquiv>
					<Unicode>ἐποίουν καὶ ἀμελεῖς τῶν ὁρωμένων ὑπὸ σπουδῆς.</Unicode>
				</TextEquiv>
			</TextLine>
			<TextLine id="r116">
				<Coords points="1192,1355 1612,1356 1614,1357 1642,1360 1652,1363 1653,1365 1652,1370 1650,1388 1647,1390 1645,1412 1644,1416 1641,1418 1637,1419 960,1418 951,1409 382,1408 291,1412 287,1363 343,1368 480,1365 495,1363 542,1361 1014,1358 1017,1356 1191,1356"/>
				<Word id="r1115">
					<Coords points="312,1368 390,1371 393,1375 394,1379 395,1381 396,1387 411,1402 412,1404 410,1408 305,1408 304,1371 307,1369"/>
					<TextEquiv>
						<Unicode>130.</Unicode>
					</TextEquiv>
				</Word>
				<Word id="r1116">
					<Coords points="545,1361 548,1362 551,1366 552,1369 553,1371 554,1374 555,1376 556,1395 559,1398 558,1401 556,1404 552,1408 456,1407 459,1405 461,1366 481,1365 487,1364 495,1363 542,1363"/>
					<TextEquiv>
						<Unicode>Καὶ</Unicode>
					</TextEquiv>
				</Word>
				<Word id="r1117">
					<Coords points="682,1363 686,1364 688,1365 704,1380 756,1380 759,1395 761,1400 757,1406 756,1407 607,1407 606,1402 597,1388 598,1385 606,1383 614,1382 654,1381 660,1381 677,1364"/>
					<TextEquiv>
						<Unicode>ταῦτα</Unicode>
					</TextEquiv>
				</Word>
				<Word id="r1118">
					<Coords points="1019,1356 1042,1378 1120,1378 1121,1380 1121,1385 1120,1388 1119,1392 1111,1400 1108,1402 1102,1404 975,1406 961,1418 950,1408 803,1407 796,1386 797,1383 801,1381 850,1380 853,1379 995,1378 1016,1357"/>
					<TextEquiv>
						<Unicode>πονουμένων</Unicode>
					</TextEquiv>
				</Word>
				<Word id="r1119">
					<Coords points="1190,1356 1389,1356 1418,1357 1420,1358 1443,1377 1449,1378 1527,1378 1560,1379 1561,1381 1561,1384 1560,1388 1559,1391 1558,1393 1548,1402 1545,1404 1542,1405 1541,1406 1457,1406 1446,1416 1445,1417 1379,1417 1376,1418 1363,1405 1217,1404 1191,1403 1160,1401 1157,1397 1157,1387 1158,1385 1159,1384 1169,1367 1170,1358 1171,1357 1189,1357"/>
					<TextEquiv>
						<Unicode>ἐδαπανήθησαν</Unicode>
					</TextEquiv>
				</Word>
				<Word id="r1120">
					<Coords points="1611,1356 1613,1357 1616,1359 1642,1361 1651,1363 1651,1365 1650,1371 1648,1388 1645,1390 1644,1391 1643,1412 1642,1416 1634,1418 1610,1405 1603,1404 1600,1400 1599,1398 1598,1393 1599,1389 1600,1387 1601,1386 1601,1365 1609,1357"/>
					<TextEquiv>
						<Unicode>ἓξ</Unicode>
					</TextEquiv>
				</Word>
				<TextEquiv>
					<Unicode>130. Καὶ ταῦτα πονουμένων ἐδαπανήθησαν ἓξ</Unicode>
				</TextEquiv>
			</TextLine>
			<TextLine id="r117">
				<Coords points="1038,1425 1040,1426 1407,1426 1411,1429 1521,1432 1525,1433 1527,1434 1539,1446 1572,1446 1663,1449 1663,1451 1655,1452 1654,1464 1653,1467 1651,1470 1648,1472 1646,1473 1642,1474 1357,1475 1351,1477 1200,1478 1188,1490 246,1492 246,1491 233,1472 230,1463 231,1460 232,1458 243,1442 244,1436 245,1434 246,1433 248,1432 319,1430 694,1428 696,1427 1035,1427"/>
				<Word id="r1121">
					<Coords points="321,1430 344,1451 407,1458 409,1468 409,1471 408,1474 406,1476 404,1477 344,1477 330,1491 246,1489 237,1478 235,1475 234,1471 230,1463 231,1461 232,1458 235,1454 244,1440 245,1434 246,1433 248,1432 318,1432"/>
					<TextEquiv>
						<Unicode>ἡμέραι</Unicode>
					</TextEquiv>
				</Word>
				<Word id="r1122">
					<Coords points="486,1450 492,1454 490,1456 489,1475 487,1476 483,1477 449,1477 448,1473 439,1458 440,1455 441,1453 443,1452 447,1451 482,1451"/>
					<TextEquiv>
						<Unicode>τε</Unicode>
					</TextEquiv>
				</Word>
				<Word id="r1123">
					<Coords points="592,1429 595,1431 598,1437 599,1440 600,1442 601,1466 604,1469 603,1471 601,1474 599,1476 557,1476 519,1475 519,1471 520,1469 524,1457 527,1453 542,1450 570,1450"/>
					<TextEquiv>
						<Unicode>καὶ</Unicode>
					</TextEquiv>
				</Word>
				<Word id="r1124">
					<Coords points="697,1427 718,1448 813,1448 816,1450 818,1453 833,1468 834,1470 834,1472 833,1476 831,1480 829,1482 821,1481 643,1478 643,1473 645,1453 647,1452 671,1452 695,1428"/>
					<TextEquiv>
						<Unicode>νύκτες,</Unicode>
					</TextEquiv>
				</Word>
				<Word id="r1125">
					<Coords points="913,1431 919,1432 938,1447 944,1448 948,1449 951,1451 952,1454 950,1457 948,1465 947,1474 943,1479 920,1479 918,1487 913,1488 901,1476 874,1475 873,1474 872,1470 864,1458 863,1456 864,1453 866,1450 868,1449 892,1449"/>
					<TextEquiv>
						<Unicode>τῆς</Unicode>
					</TextEquiv>
				</Word>
				<Word id="r1126">
					<Coords points="1038,1426 1061,1448 1079,1451 1078,1456 1077,1459 1076,1461 1070,1467 1065,1471 1061,1473 1060,1474 1006,1474 990,1488 988,1484 991,1475 992,1471 994,1465 995,1463 997,1453 999,1450 1007,1448"/>
					<TextEquiv>
						<Unicode>μὲν</Unicode>
					</TextEquiv>
				</Word>
				<Word id="r1127">
					<Coords points="1323,1428 1326,1429 1328,1430 1348,1445 1354,1446 1360,1448 1361,1449 1363,1452 1359,1455 1358,1471 1357,1474 1353,1475 1350,1476 1200,1477 1186,1490 1168,1473 1122,1472 1119,1471 1116,1469 1114,1465 1114,1460 1115,1456 1118,1452 1122,1449 1124,1448 1132,1446 1300,1446 1316,1430 1319,1429"/>
					<TextEquiv>
						<Unicode>στρατιᾶς</Unicode>
					</TextEquiv>
				</Word>
				<Word id="r1128">
					<Coords points="1404,1426 1404,1427 1407,1427 1407,1428 1409,1428 1409,1429 1410,1429 1410,1430 1411,1430 1411,1431 1412,1431 1412,1432 1520,1432 1520,1433 1524,1433 1524,1434 1526,1434 1526,1435 1527,1435 1527,1436 1528,1436 1528,1437 1529,1437 1529,1438 1530,1438 1530,1439 1531,1439 1531,1440 1532,1440 1532,1441 1533,1441 1533,1442 1534,1442 1534,1443 1535,1443 1535,1444 1536,1444 1536,1445 1537,1445 1537,1446 1571,1446 1571,1447 1583,1447 1583,1448 1624,1448 1624,1450 1616,1450 1616,1451 1615,1451 1615,1460 1637,1460 1637,1461 1648,1461 1648,1464 1641,1464 1641,1465 1614,1465 1614,1466 1613,1466 1613,1468 1612,1468 1612,1469 1610,1469 1610,1470 1609,1470 1609,1471 1607,1471 1607,1472 1603,1472 1603,1473 1603,1472 1397,1472 1397,1471 1394,1471 1394,1470 1392,1470 1392,1469 1391,1469 1391,1467 1390,1467 1390,1466 1389,1466 1389,1455 1390,1455 1390,1454 1391,1454 1391,1453 1392,1453 1392,1451 1393,1451 1393,1449 1394,1449 1394,1447 1395,1447 1395,1445 1396,1445 1396,1443 1397,1443 1397,1441 1398,1441 1398,1439 1399,1439 1399,1437 1400,1437 1400,1435 1401,1435 1401,1434 1402,1434 1402,1431 1403,1431 1403,1428 1404,1428"/>
					<TextEquiv>
						<Unicode>ἐναλλασ-</Unicode>
					</TextEquiv>
				</Word>
				<TextEquiv>
					<Unicode>ἡμέραι τε καὶ νύκτες, τῆς μὲν στρατιᾶς ἐναλλασ-</Unicode>
				</TextEquiv>
			</TextLine>
			<TextLine id="r118">
				<Coords points="1147,1491 1149,1492 1443,1492 1446,1494 1639,1495 1641,1496 1644,1501 1645,1510 1646,1523 1650,1532 1650,1534 1649,1537 1647,1539 1645,1540 1625,1541 1622,1542 1497,1544 1494,1545 1300,1546 1288,1558 673,1558 671,1559 299,1560 286,1547 234,1544 231,1540 231,1534 233,1530 236,1526 239,1523 243,1522 246,1521 334,1520 356,1498 717,1496 719,1495 1143,1493"/>
				<Word id="r1130">
					<Coords points="357,1498 380,1519 415,1519 442,1520 446,1522 462,1538 465,1543 463,1548 458,1553 415,1554 413,1557 411,1558 298,1559 280,1546 273,1544 233,1543 231,1540 231,1534 232,1531 234,1528 239,1523 243,1522 246,1521 333,1521"/>
					<TextEquiv>
						<Unicode>σομένης,</Unicode>
					</TextEquiv>
				</Word>
				<Word id="r1131">
					<Coords points="549,1497 572,1519 604,1519 606,1526 610,1536 609,1539 603,1545 601,1546 532,1545 531,1544 529,1540 529,1505 530,1502 531,1500 532,1499"/>
					<TextEquiv>
						<Unicode>ἵνα</Unicode>
					</TextEquiv>
				</Word>
				<Word id="r1132">
					<Coords points="720,1495 722,1496 723,1499 724,1501 726,1507 727,1513 730,1518 735,1520 736,1524 737,1527 731,1545 730,1549 728,1555 727,1557 672,1557 670,1558 669,1555 670,1550 672,1546 673,1541 674,1538 675,1534 676,1531 677,1527 679,1521 680,1519 695,1519 718,1496"/>
					<TextEquiv>
						<Unicode>μὴ</Unicode>
					</TextEquiv>
				</Word>
				<Word id="r1133">
					<Coords points="862,1496 883,1515 974,1515 1007,1516 1008,1519 1007,1523 1006,1526 1004,1530 997,1537 991,1541 988,1542 987,1543 885,1543 869,1557 856,1545 801,1544 801,1538 802,1535 804,1531 805,1525 806,1523 807,1519 809,1518 823,1517 839,1517"/>
					<TextEquiv>
						<Unicode>κάμοιεν</Unicode>
					</TextEquiv>
				</Word>
				<Word id="r1134">
					<Coords points="1147,1492 1152,1494 1151,1505 1141,1507 1140,1519 1138,1520 1128,1521 1127,1523 1126,1540 1124,1541 1076,1541 1074,1540 1072,1536 1071,1521 1070,1518 1079,1504 1080,1497 1082,1495 1142,1493 1144,1493"/>
					<TextEquiv>
						<Unicode>ὑπ᾽</Unicode>
					</TextEquiv>
				</Word>
				<Word id="r1135">
					<Coords points="1441,1492 1443,1493 1465,1514 1494,1514 1498,1515 1501,1516 1504,1518 1504,1523 1500,1525 1499,1540 1498,1542 1496,1543 1493,1544 1300,1545 1287,1557 1285,1556 1265,1556 1250,1541 1219,1540 1217,1539 1216,1529 1217,1527 1218,1524 1231,1511 1231,1495 1233,1494 1439,1494"/>
					<TextEquiv>
						<Unicode>ἀγρυπνίας</Unicode>
					</TextEquiv>
				</Word>
				<Word id="r1136">
					<Coords points="1638,1496 1642,1498 1643,1500 1644,1509 1645,1524 1647,1532 1648,1534 1647,1538 1644,1539 1624,1540 1621,1541 1564,1541 1565,1539 1568,1530 1570,1526 1572,1518 1573,1517 1591,1515 1618,1515"/>
					<TextEquiv>
						<Unicode>καὶ</Unicode>
					</TextEquiv>
				</Word>
				<TextEquiv>
					<Unicode>σομένης, ἵνα μὴ κάμοιεν ὑπ᾽ ἀγρυπνίας καὶ</Unicode>
				</TextEquiv>
			</TextLine>
			<TextLine id="r119">
				<Coords points="1317,1557 1321,1560 1623,1561 1645,1562 1649,1564 1650,1566 1650,1572 1649,1576 1646,1577 1636,1578 1635,1600 1634,1602 1633,1605 1630,1606 1629,1608 1627,1609 1623,1610 1565,1613 1252,1615 1118,1619 1113,1622 563,1630 559,1628 550,1616 231,1615 231,1613 232,1610 233,1606 234,1604 235,1601 237,1597 238,1593 239,1591 241,1590 260,1590 283,1567 1073,1563 1075,1562 1313,1561"/>
				<Word id="r1137">
					<Coords points="285,1567 309,1589 396,1590 397,1593 396,1597 395,1600 392,1606 384,1614 231,1614 232,1612 233,1608 234,1605 235,1603 236,1600 237,1598 239,1592 240,1591 242,1590 260,1590"/>
					<TextEquiv>
						<Unicode>κόπου</Unicode>
					</TextEquiv>
				</Word>
				<Word id="r1138">
					<Coords points="508,1567 511,1568 513,1572 514,1575 516,1579 518,1602 520,1606 519,1608 517,1611 514,1614 436,1612 437,1607 438,1604 441,1598 442,1594 444,1589 479,1588 486,1588"/>
					<TextEquiv>
						<Unicode>καὶ</Unicode>
					</TextEquiv>
				</Word>
				<Word id="r1139">
					<Coords points="611,1566 633,1586 706,1587 706,1592 705,1597 704,1599 703,1603 699,1607 695,1610 692,1611 578,1614 562,1629 559,1628 559,1618 550,1608 548,1605 547,1601 550,1592 567,1574 569,1571 604,1571"/>
					<TextEquiv>
						<Unicode>φόνου</Unicode>
					</TextEquiv>
				</Word>
				<Word id="r1140">
					<Coords points="808,1565 810,1566 811,1567 812,1569 813,1572 814,1574 815,1578 817,1600 820,1603 819,1607 817,1609 814,1610 795,1612 775,1613 771,1613 769,1612 735,1611 735,1608 736,1606 737,1602 738,1599 739,1597 742,1588 759,1586 787,1586"/>
					<TextEquiv>
						<Unicode>καὶ</Unicode>
					</TextEquiv>
				</Word>
				<Word id="r1141">
					<Coords points="871,1565 877,1569 906,1569 921,1584 1013,1584 1019,1588 1019,1592 1017,1594 1015,1595 1013,1612 1009,1614 911,1615 897,1625 881,1612 854,1611 850,1609 848,1605 847,1601 847,1598 848,1595 850,1591 853,1588 855,1567 868,1567"/>
					<TextEquiv>
						<Unicode>ὄψεως</Unicode>
					</TextEquiv>
				</Word>
				<Word id="r1142">
					<Coords points="1076,1562 1144,1562 1146,1563 1149,1564 1210,1566 1212,1567 1231,1583 1236,1584 1242,1587 1257,1604 1258,1606 1257,1609 1255,1612 1253,1614 1251,1615 1117,1617 1113,1621 1111,1622 1098,1609 1062,1608 1060,1607 1059,1599 1060,1594 1062,1591 1064,1589 1073,1572 1074,1563 1075,1563"/>
					<TextEquiv>
						<Unicode>ἀηδοῦς,</Unicode>
					</TextEquiv>
				</Word>
				<Word id="r1143">
					<Coords points="1317,1558 1321,1561 1445,1561 1468,1584 1562,1584 1566,1585 1569,1587 1570,1593 1567,1594 1566,1611 1564,1612 1317,1611 1288,1609 1287,1608 1287,1564 1311,1564"/>
					<TextEquiv>
						<Unicode>Σκιπίωνος</Unicode>
					</TextEquiv>
				</Word>
				<Word id="r1144">
					<Coords points="1620,1561 1623,1562 1625,1563 1646,1563 1648,1564 1648,1572 1647,1576 1640,1577 1634,1578 1633,1600 1632,1602 1631,1605 1628,1607 1626,1608 1622,1609 1616,1609 1613,1607 1610,1601 1610,1596 1611,1592 1614,1589 1616,1566 1617,1564"/>
					<TextEquiv>
						<Unicode>δ᾽</Unicode>
					</TextEquiv>
				</Word>
				<TextEquiv>
					<Unicode>κόπου καὶ φόνου καὶ ὄψεως ἀηδοῦς, Σκιπίωνος δ᾽</Unicode>
				</TextEquiv>
			</TextLine>
			<TextLine id="r120">
				<Coords points="1639,1631 1646,1639 1647,1642 1649,1646 1650,1667 1651,1671 1651,1673 1650,1675 1648,1678 1512,1681 1510,1684 1507,1686 928,1687 920,1695 602,1697 597,1699 585,1687 236,1683 234,1682 232,1679 231,1676 232,1672 233,1669 234,1668 247,1647 248,1638 249,1637 915,1635 916,1632 918,1631 1107,1630 1109,1629"/>
				<Word id="r1145">
					<Coords points="249,1637 375,1637 394,1656 510,1656 513,1657 515,1658 516,1660 515,1665 513,1673 512,1682 509,1685 505,1686 501,1684 235,1682 233,1681 232,1679 231,1676 233,1670 234,1668 248,1654 248,1638"/>
					<TextEquiv>
						<Unicode>ἀπαύστως</Unicode>
					</TextEquiv>
				</Word>
				<Word id="r1146">
					<Coords points="746,1636 750,1637 752,1638 770,1655 844,1655 849,1658 850,1663 847,1672 846,1680 841,1685 613,1685 600,1697 597,1698 576,1683 569,1682 566,1681 562,1676 561,1671 562,1666 564,1662 573,1653 573,1637 743,1637"/>
					<TextEquiv>
						<Unicode>ἐφεστῶτος</Unicode>
					</TextEquiv>
				</Word>
				<Word id="r1147">
					<Coords points="920,1632 922,1636 923,1640 924,1642 925,1645 926,1647 928,1656 929,1658 929,1667 928,1670 927,1674 925,1680 923,1688 921,1693 917,1694 917,1691 904,1672 900,1661 911,1645 916,1634 917,1632"/>
					<TextEquiv>
						<Unicode>ἢ</Unicode>
					</TextEquiv>
				</Word>
				<Word id="r1148">
					<Coords points="1110,1630 1134,1651 1253,1651 1259,1654 1261,1658 1258,1661 1256,1669 1255,1677 1251,1681 1248,1682 1243,1679 977,1678 974,1676 972,1673 971,1671 971,1663 972,1661 975,1658 978,1632 1107,1631"/>
					<TextEquiv>
						<Unicode>διαθέοντος</Unicode>
					</TextEquiv>
				</Word>
				<Word id="r1149">
					<Coords points="1360,1630 1385,1652 1496,1652 1497,1657 1513,1676 1509,1683 1507,1685 1497,1682 1304,1677 1300,1675 1299,1673 1299,1665 1301,1662 1302,1660 1314,1648 1314,1631 1357,1631"/>
					<TextEquiv>
						<Unicode>ἀύπνου,</Unicode>
					</TextEquiv>
				</Word>
				<Word id="r1150">
					<Coords points="1641,1634 1645,1639 1646,1642 1648,1646 1649,1667 1649,1673 1648,1676 1647,1678 1567,1678 1566,1676 1569,1667 1570,1665 1571,1661 1572,1659 1573,1656 1575,1654 1611,1652 1617,1652"/>
					<TextEquiv>
						<Unicode>καὶ</Unicode>
					</TextEquiv>
				</Word>
				<TextEquiv>
					<Unicode>ἀπαύστως ἐφεστῶτος ἢ διαθέοντος ἀύπνου, καὶ</Unicode>
				</TextEquiv>
			</TextLine>
			<TextLine id="r121">
				<Coords points="1341,1697 1344,1699 1559,1699 1579,1719 1621,1719 1624,1720 1647,1721 1648,1729 1651,1740 1649,1743 1646,1746 1644,1747 1643,1748 1609,1748 1608,1751 1607,1755 1606,1762 1591,1765 1565,1766 1563,1766 1560,1764 1497,1762 239,1752 236,1750 234,1738 236,1735 237,1732 240,1731 242,1729 245,1728 249,1727 258,1727 275,1710 277,1709 468,1708 470,1707 480,1705 1339,1698"/>
				<Word id="r1151">
					<Coords points="281,1709 304,1727 378,1727 378,1735 377,1737 376,1740 373,1744 368,1747 365,1750 362,1751 238,1751 236,1750 234,1743 234,1738 237,1732 240,1731 242,1729 245,1728 249,1727 258,1727 275,1710"/>
					<TextEquiv>
						<Unicode>σῖτον</Unicode>
					</TextEquiv>
				</Word>
				<Word id="r1152">
					<Coords points="483,1705 505,1725 580,1725 583,1726 587,1728 587,1733 583,1734 582,1751 581,1753 573,1753 434,1750 431,1748 430,1746 429,1743 429,1739 434,1729 438,1727 441,1726 447,1725 469,1708 475,1707"/>
					<TextEquiv>
						<Unicode>οὕτως</Unicode>
					</TextEquiv>
				</Word>
				<Word id="r1153">
					<Coords points="650,1704 716,1706 717,1711 718,1715 719,1717 719,1741 721,1743 720,1745 716,1749 687,1749 685,1750 684,1750 645,1749 642,1748 639,1744 637,1741 637,1735 639,1731 650,1720"/>
					<TextEquiv>
						<Unicode>ἐπὶ</Unicode>
					</TextEquiv>
				</Word>
				<Word id="r1154">
					<Coords points="826,1704 830,1705 848,1722 872,1722 873,1726 873,1729 871,1733 867,1739 864,1742 858,1745 856,1747 851,1748 781,1748 781,1740 773,1729 774,1725 775,1724 777,1723 803,1723 820,1706 822,1705"/>
					<TextEquiv>
						<Unicode>τῶν</Unicode>
					</TextEquiv>
				</Word>
				<Word id="r1155">
					<Coords points="945,1702 967,1721 1081,1721 1082,1724 1082,1727 1081,1729 1080,1733 1078,1736 1075,1739 1071,1742 1068,1745 1065,1746 1061,1747 1008,1748 995,1758 992,1757 949,1757 936,1749 929,1748 926,1745 924,1741 923,1737 924,1733 926,1729 929,1720 930,1709 931,1703 942,1703"/>
					<TextEquiv>
						<Unicode>ἔργων</Unicode>
					</TextEquiv>
				</Word>
				<Word id="r1156">
					<Coords points="1340,1698 1343,1699 1365,1720 1432,1721 1433,1726 1448,1741 1449,1744 1448,1747 1447,1749 1441,1755 1285,1757 1280,1759 1187,1759 1176,1748 1135,1747 1132,1745 1131,1733 1133,1729 1135,1726 1137,1724 1141,1721 1150,1720 1178,1700 1337,1700"/>
					<TextEquiv>
						<Unicode>αἱρουμένου,</Unicode>
					</TextEquiv>
				</Word>
				<Word id="r1157">
					<Coords points="1557,1699 1578,1719 1620,1719 1623,1720 1646,1721 1647,1737 1650,1739 1648,1742 1643,1747 1608,1748 1606,1751 1605,1755 1601,1762 1596,1763 1590,1765 1560,1763 1497,1761 1497,1758 1498,1756 1499,1753 1500,1751 1501,1748 1502,1744 1504,1738 1505,1732 1506,1730 1508,1724 1509,1722 1534,1722"/>
					<TextEquiv>
						<Unicode>μέχρι</Unicode>
					</TextEquiv>
				</Word>
				<TextEquiv>
					<Unicode>σῖτον οὕτως ἐπὶ τῶν ἔργων αἱρουμένου, μέχρι</Unicode>
				</TextEquiv>
			</TextLine>
			<TextLine id="r122">
				<Coords points="1075,1767 1632,1767 1637,1768 1638,1770 1641,1779 1645,1787 1649,1803 1652,1807 1649,1812 1646,1815 1603,1816 1559,1818 1555,1822 1438,1825 1434,1828 1385,1831 303,1834 302,1835 289,1822 233,1821 232,1819 233,1815 238,1800 240,1796 271,1796 293,1774 1073,1769"/>
				<Word id="r1158">
					<Coords points="294,1774 315,1794 435,1795 435,1802 434,1806 432,1809 428,1814 423,1817 417,1820 316,1821 303,1833 301,1834 288,1821 232,1820 232,1818 233,1814 238,1799 239,1797 240,1796 271,1796"/>
					<TextEquiv>
						<Unicode>κάμνων</Unicode>
					</TextEquiv>
				</Word>
				<Word id="r1159">
					<Coords points="536,1773 540,1774 541,1776 542,1779 545,1785 547,1807 549,1811 547,1815 546,1818 543,1819 541,1820 502,1820 464,1817 465,1812 467,1808 470,1799 472,1795 486,1794 513,1794"/>
					<TextEquiv>
						<Unicode>καὶ</Unicode>
					</TextEquiv>
				</Word>
				<Word id="r1160">
					<Coords points="802,1771 825,1791 884,1791 888,1793 889,1795 889,1799 885,1801 884,1817 883,1819 879,1821 878,1822 757,1822 747,1832 665,1832 653,1820 593,1816 587,1805 586,1803 587,1799 590,1795 592,1794 682,1792 779,1792"/>
					<TextEquiv>
						<Unicode>παρειμένος</Unicode>
					</TextEquiv>
				</Word>
				<Word id="r1161">
					<Coords points="1075,1767 1079,1770 1100,1772 1113,1774 1128,1789 1184,1789 1189,1792 1191,1795 1191,1803 1187,1811 1181,1814 1124,1816 1108,1820 1102,1824 1099,1827 1090,1827 1081,1818 935,1817 932,1816 928,1813 928,1804 929,1798 939,1788 939,1771 941,1770 1072,1770"/>
					<TextEquiv>
						<Unicode>ἐκαθέζετο</Unicode>
					</TextEquiv>
				</Word>
				<Word id="r1162">
					<Coords points="1298,1767 1304,1774 1303,1779 1300,1782 1288,1784 1287,1805 1285,1810 1282,1812 1276,1815 1268,1817 1266,1825 1264,1831 1240,1815 1232,1814 1230,1813 1226,1807 1225,1804 1226,1800 1227,1797 1229,1794 1238,1777 1240,1768 1295,1768"/>
					<TextEquiv>
						<Unicode>ἐφ᾽</Unicode>
					</TextEquiv>
				</Word>
				<Word id="r1163">
					<Coords points="1347,1767 1562,1769 1559,1815 1556,1819 1438,1823 1434,1826 1385,1829 1379,1831 1363,1815 1337,1814 1335,1813 1334,1811 1333,1792 1333,1791 1341,1779 1342,1772 1345,1768"/>
					<TextEquiv>
						<Unicode>ὑψηλοῦ,</Unicode>
					</TextEquiv>
				</Word>
				<Word id="r1164">
					<Coords points="1634,1768 1637,1769 1640,1778 1642,1782 1643,1786 1644,1789 1645,1791 1646,1795 1648,1804 1651,1806 1649,1809 1648,1811 1645,1815 1597,1815 1597,1808 1589,1797 1590,1792 1592,1790 1610,1790"/>
					<TextEquiv>
						<Unicode>τὰ</Unicode>
					</TextEquiv>
				</Word>
				<TextEquiv>
					<Unicode>κάμνων καὶ παρειμένος ἐκαθέζετο ἐφ᾽ ὑψηλοῦ, τὰ</Unicode>
				</TextEquiv>
			</TextLine>
			<TextLine id="r123">
				<Coords points="1112,1835 1535,1835 1557,1857 1598,1857 1635,1858 1636,1860 1637,1864 1649,1876 1650,1879 1651,1883 1650,1886 1649,1888 1647,1889 1646,1891 1644,1892 1643,1893 1349,1900 644,1901 587,1904 247,1905 246,1904 245,1898 234,1881 233,1879 232,1874 233,1869 236,1866 238,1865 261,1864 349,1864 371,1842 996,1840 999,1839 1111,1836"/>
				<Word id="r1165">
					<Coords points="372,1842 393,1862 438,1862 503,1870 507,1881 505,1885 502,1888 500,1889 499,1890 395,1890 382,1903 245,1903 245,1893 234,1881 233,1879 232,1875 233,1871 236,1866 238,1865 261,1864 349,1864"/>
					<TextEquiv>
						<Unicode>γιγνόμενα</Unicode>
					</TextEquiv>
				</Word>
				<Word id="r1166">
					<Coords points="562,1842 567,1843 701,1844 703,1845 718,1860 741,1861 742,1866 756,1880 757,1883 756,1886 658,1888 645,1900 643,1901 587,1902 583,1904 562,1889 553,1888 550,1887 546,1881 546,1873 547,1871 550,1867 555,1861 558,1843"/>
					<TextEquiv>
						<Unicode>ἐφορῶν.</Unicode>
					</TextEquiv>
				</Word>
				<Word id="r1167">
					<Coords points="1000,1839 1006,1841 1024,1858 1045,1859 1046,1862 1046,1864 1044,1868 1043,1871 1041,1874 1039,1875 1038,1878 1034,1880 1031,1882 1029,1884 1024,1885 839,1886 835,1873 832,1865 833,1863 834,1862 838,1860 855,1859 890,1859 904,1845 993,1843 996,1840 999,1840"/>
					<TextEquiv>
						<Unicode>πολλῶν</Unicode>
					</TextEquiv>
				</Word>
				<Word id="r1168">
					<Coords points="1113,1835 1115,1836 1119,1842 1117,1847 1113,1849 1105,1851 1102,1879 1097,1882 1093,1884 1090,1884 1086,1883 1082,1881 1080,1878 1079,1873 1079,1871 1081,1865 1083,1862 1085,1838 1086,1837 1110,1837"/>
					<TextEquiv>
						<Unicode>δ᾽</Unicode>
					</TextEquiv>
				</Word>
				<Word id="r1169">
					<Coords points="1181,1836 1204,1857 1230,1858 1231,1873 1233,1876 1227,1883 1225,1884 1166,1884 1162,1882 1158,1874 1160,1868 1162,1864 1164,1856 1165,1844 1167,1838 1178,1838"/>
					<TextEquiv>
						<Unicode>ἔτι</Unicode>
					</TextEquiv>
				</Word>
				<Word id="r1170">
					<Coords points="1533,1835 1557,1858 1634,1858 1635,1860 1636,1864 1649,1878 1650,1881 1649,1885 1648,1887 1642,1893 1479,1894 1474,1896 1349,1898 1345,1900 1329,1884 1295,1883 1279,1882 1276,1870 1272,1865 1272,1863 1273,1860 1274,1858 1276,1857 1376,1857 1395,1838 1399,1836 1532,1836"/>
					<TextEquiv>
						<Unicode>πορθουμένων,</Unicode>
					</TextEquiv>
				</Word>
				<TextEquiv>
					<Unicode>γιγνόμενα ἐφορῶν. πολλῶν δ᾽ ἔτι πορθουμένων,</Unicode>
				</TextEquiv>
			</TextLine>
			<TextLine id="r124">
				<Coords points="1442,1904 1444,1905 1572,1906 1576,1907 1595,1926 1632,1926 1633,1929 1650,1947 1651,1949 1650,1953 1649,1956 1644,1961 846,1961 834,1972 832,1970 724,1965 723,1959 232,1966 234,1955 235,1950 237,1946 240,1937 241,1935 257,1933 281,1932 285,1932 306,1911 1441,1905"/>
				<Word id="r1171">
					<Coords points="306,1911 308,1912 309,1913 310,1916 313,1922 314,1925 316,1946 319,1950 317,1952 315,1956 312,1959 234,1957 235,1952 236,1948 238,1944 241,1935 253,1934 256,1933 281,1932 285,1932"/>
					<TextEquiv>
						<Unicode>καὶ</Unicode>
					</TextEquiv>
				</Word>
				<Word id="r1172">
					<Coords points="446,1914 451,1915 455,1918 456,1926 458,1938 457,1944 453,1952 448,1957 446,1958 445,1959 378,1957 378,1949 369,1938 373,1933 375,1932 424,1932 440,1916"/>
					<TextEquiv>
						<Unicode>τοῦ</Unicode>
					</TextEquiv>
				</Word>
				<Word id="r1173">
					<Coords points="659,1912 666,1917 667,1924 669,1931 670,1934 668,1942 667,1945 664,1949 663,1951 660,1954 658,1955 657,1956 600,1956 581,1957 546,1957 507,1956 509,1948 510,1945 511,1943 512,1940 513,1936 515,1933 530,1931 635,1931 652,1914 655,1913"/>
					<TextEquiv>
						<Unicode>κακοῦ</Unicode>
					</TextEquiv>
				</Word>
				<Word id="r1174">
					<Coords points="955,1908 977,1927 1052,1927 1053,1931 1052,1936 1051,1939 1049,1943 1047,1946 1043,1950 1041,1951 1038,1952 1036,1953 850,1955 833,1971 827,1965 725,1964 726,1961 729,1949 730,1946 731,1944 733,1936 734,1933 735,1931 737,1930 823,1929 847,1928 932,1928"/>
					<TextEquiv>
						<Unicode>μακροτάτου</Unicode>
					</TextEquiv>
				</Word>
				<Word id="r1175">
					<Coords points="1115,1907 1122,1908 1247,1908 1264,1925 1335,1925 1363,1926 1366,1927 1369,1929 1370,1934 1366,1936 1365,1951 1364,1954 1361,1955 1359,1956 1355,1955 1109,1952 1107,1951 1106,1950 1104,1947 1103,1942 1104,1936 1106,1932 1108,1930 1108,1908"/>
					<TextEquiv>
						<Unicode>δοκοῦντος</Unicode>
					</TextEquiv>
				</Word>
				<Word id="r1176">
					<Coords points="1442,1905 1444,1906 1571,1906 1575,1907 1594,1926 1631,1926 1632,1929 1649,1946 1650,1948 1649,1951 1648,1955 1642,1960 1634,1954 1429,1953 1425,1952 1423,1951 1421,1948 1419,1944 1419,1937 1421,1933 1423,1930 1425,1917 1426,1908 1427,1906 1440,1906"/>
					<TextEquiv>
						<Unicode>ἔσεσθαι,</Unicode>
					</TextEquiv>
				</Word>
				<TextEquiv>
					<Unicode>καὶ τοῦ κακοῦ μακροτάτου δοκοῦντος ἔσεσθαι,</Unicode>
				</TextEquiv>
			</TextLine>
			<TextLine id="r125">
				<Coords points="962,1974 1490,1974 1492,1975 1512,1995 1650,1995 1652,1996 1655,2007 1658,2011 1658,2014 1657,2016 1652,2021 1601,2022 1600,2025 1599,2027 1598,2031 1597,2034 1596,2036 1594,2038 494,2040 418,2042 279,2043 277,2044 262,2029 239,2028 236,2016 233,2007 235,2004 267,2002 324,2001 375,2001 397,1979 960,1976"/>
				<Word id="r1177">
					<Coords points="398,1979 405,1984 429,1984 449,1999 456,2000 568,2004 567,2010 564,2014 557,2021 553,2024 551,2025 548,2026 546,2027 508,2027 495,2039 493,2040 419,2040 417,2041 278,2042 277,2043 262,2028 239,2023 235,2013 234,2011 233,2008 234,2006 243,2004 251,2003 267,2002 324,2001 375,2001"/>
					<TextEquiv>
						<Unicode>προσέφυγον</Unicode>
					</TextEquiv>
				</Word>
				<Word id="r1178">
					<Coords points="683,1978 727,1978 746,1997 821,1997 823,1998 827,1999 830,2001 831,2006 827,2007 826,2022 824,2026 821,2028 797,2029 795,2035 738,2037 734,2038 634,2037 620,2026 616,2025 613,2024 609,2019 608,2015 609,2011 610,2008 611,2006 614,2002 621,1987 622,1979 682,1979"/>
					<TextEquiv>
						<Unicode>ἐβδόμης</Unicode>
					</TextEquiv>
				</Word>
				<Word id="r1179">
					<Coords points="964,1974 987,1995 1052,1995 1058,1998 1059,2000 1059,2004 1057,2005 1055,2013 1054,2022 1051,2025 1049,2026 1048,2027 984,2027 971,2039 967,2036 905,2035 888,2034 875,2014 872,2004 885,1986 886,1980 888,1977 959,1977"/>
					<TextEquiv>
						<Unicode>ἡμέρας</Unicode>
					</TextEquiv>
				</Word>
				<Word id="r1180">
					<Coords points="1163,1974 1169,1977 1236,1977 1239,1979 1241,1982 1244,1996 1247,2000 1247,2010 1246,2012 1245,2015 1243,2017 1240,2019 1235,2020 1230,2027 1227,2036 1224,2037 1221,2036 1207,2022 1113,2021 1111,2020 1110,2018 1110,2007 1112,2003 1115,1999 1119,1996 1122,1995 1140,1995"/>
					<TextEquiv>
						<Unicode>αὐτῷ</Unicode>
					</TextEquiv>
				</Word>
				<Word id="r1181">
					<Coords points="1304,1994 1419,1994 1425,1997 1426,1999 1425,2004 1423,2005 1422,2022 1420,2024 1418,2025 1415,2026 1412,2025 1409,2022 1308,2020 1307,2018 1307,2011 1299,2000 1300,1996"/>
					<TextEquiv>
						<Unicode>τινες</Unicode>
					</TextEquiv>
				</Word>
				<Word id="r1182">
					<Coords points="1487,1974 1490,1975 1511,1995 1588,1995 1621,1996 1623,1997 1641,2008 1649,2010 1648,2013 1629,2013 1628,2016 1626,2019 1600,2022 1598,2025 1597,2027 1596,2031 1594,2037 1577,2022 1482,2021 1477,2020 1474,2018 1472,2015 1471,2012 1471,2007 1472,2003 1474,2000 1476,1998 1485,1982"/>
					<TextEquiv>
						<Unicode>ἐστεμ-</Unicode>
					</TextEquiv>
				</Word>
				<TextEquiv>
					<Unicode>προσέφυγον ἐβδόμης ἡμέρας αὐτῷ τινες ἐστεμ-</Unicode>
				</TextEquiv>
			</TextLine>
			<TextLine id="r126">
				<Coords points="1224,2040 1639,2042 1641,2045 1644,2051 1645,2054 1648,2065 1651,2069 1652,2074 1652,2076 1651,2080 1650,2083 1646,2087 1609,2090 1517,2091 1506,2102 233,2111 233,2107 234,2103 235,2101 238,2089 239,2086 242,2074 244,2070 268,2070 290,2048 743,2045 745,2044 1010,2043 1012,2041 1223,2041"/>
				<Word id="r1183">
					<Coords points="292,2048 316,2070 367,2070 368,2077 371,2086 371,2089 368,2093 364,2096 251,2097 235,2110 233,2107 234,2103 235,2101 238,2089 239,2086 242,2074 244,2070 268,2070"/>
					<TextEquiv>
						<Unicode>μένοι</Unicode>
					</TextEquiv>
				</Word>
				<Word id="r1184">
					<Coords points="513,2047 535,2067 690,2067 693,2081 696,2083 695,2086 690,2091 686,2093 621,2093 619,2094 572,2095 557,2108 553,2106 519,2106 509,2096 433,2095 428,2094 425,2092 423,2089 422,2085 422,2083 423,2080 424,2078 430,2072 439,2069 489,2069"/>
					<TextEquiv>
						<Unicode>στέμματα</Unicode>
					</TextEquiv>
				</Word>
				<Word id="r1185">
					<Coords points="1013,2041 1013,2042 1015,2042 1015,2043 1016,2043 1016,2044 1017,2044 1017,2045 1018,2045 1018,2046 1019,2046 1019,2047 1020,2047 1020,2048 1021,2048 1021,2049 1022,2049 1022,2050 1023,2050 1023,2051 1024,2051 1024,2052 1025,2052 1025,2053 1026,2053 1026,2054 1027,2054 1027,2055 1028,2055 1028,2056 1029,2056 1029,2057 1030,2057 1030,2058 1031,2058 1031,2059 1032,2059 1032,2060 1033,2060 1033,2061 1034,2061 1034,2062 1035,2062 1035,2063 1036,2063 1036,2064 1091,2064 1091,2065 1107,2065 1107,2067 1108,2067 1108,2071 1107,2071 1107,2073 1101,2073 1101,2074 1100,2074 1100,2075 1099,2075 1099,2076 1098,2076 1098,2077 1097,2077 1097,2078 1096,2078 1096,2079 1095,2079 1095,2080 1094,2080 1094,2082 1093,2082 1093,2084 1092,2084 1092,2085 1091,2085 1091,2087 1090,2087 1090,2089 1089,2089 1089,2090 1087,2090 1087,2091 951,2091 951,2092 949,2092 949,2093 948,2093 948,2094 947,2094 947,2095 946,2095 946,2096 945,2096 945,2097 944,2097 944,2098 942,2098 942,2099 941,2099 941,2100 940,2100 940,2101 939,2101 939,2102 938,2102 938,2103 937,2103 937,2104 937,2103 935,2103 935,2102 934,2102 934,2101 933,2101 933,2100 932,2100 932,2099 931,2099 931,2098 930,2098 930,2097 929,2097 929,2096 928,2096 928,2095 927,2095 927,2094 926,2094 926,2093 925,2093 925,2092 760,2092 760,2090 759,2090 760,2090 760,2088 761,2088 761,2087 762,2087 762,2086 763,2086 763,2085 764,2085 764,2084 765,2084 765,2083 766,2083 766,2082 767,2082 767,2081 768,2081 768,2080 769,2080 769,2079 770,2079 770,2075 771,2075 771,2072 772,2072 772,2070 773,2070 773,2066 774,2066 774,2063 775,2063 775,2061 776,2061 776,2059 744,2059 744,2049 743,2049 743,2046 744,2046 744,2045 746,2045 746,2044 746,2045 750,2045 750,2047 751,2047 751,2048 856,2048 856,2047 932,2047 932,2046 1008,2046 1008,2045 1010,2045 1010,2044 1011,2044 1011,2043 1012,2043 1012,2042 1013,2042"/>
					<TextEquiv>
						<Unicode>Ἀσκληπίεια·</Unicode>
					</TextEquiv>
				</Word>
				<Word id="r1187">
					<Coords points="1222,2041 1248,2041 1252,2043 1276,2062 1283,2063 1286,2066 1284,2070 1283,2087 1281,2088 1278,2089 1183,2089 1181,2088 1181,2081 1173,2069 1174,2065 1184,2063 1200,2063"/>
					<TextEquiv>
						<Unicode>τόδε</Unicode>
					</TextEquiv>
				</Word>
				<Word id="r1188">
					<Coords points="1388,2041 1412,2062 1430,2062 1434,2064 1437,2068 1437,2078 1435,2082 1433,2085 1431,2087 1428,2088 1416,2089 1413,2101 1357,2102 1351,2102 1351,2091 1339,2076 1338,2072 1339,2070 1340,2067 1342,2065 1363,2064"/>
					<TextEquiv>
						<Unicode>γὰρ</Unicode>
					</TextEquiv>
				</Word>
				<Word id="r1189">
					<Coords points="1503,2042 1508,2043 1536,2063 1545,2064 1547,2066 1545,2074 1542,2078 1535,2085 1532,2087 1529,2090 1510,2090 1509,2092 1508,2096 1506,2100 1502,2101 1502,2099 1490,2081 1486,2069 1495,2053 1496,2045 1500,2043"/>
					<TextEquiv>
						<Unicode>ἦν</Unicode>
					</TextEquiv>
				</Word>
				<Word id="r1190">
					<Coords points="1636,2042 1640,2044 1643,2050 1644,2053 1645,2059 1646,2064 1648,2066 1650,2069 1650,2076 1649,2080 1647,2085 1632,2087 1611,2088 1608,2089 1606,2089 1605,2084 1597,2072 1596,2069 1598,2065 1600,2064 1608,2063"/>
					<TextEquiv>
						<Unicode>τὸ</Unicode>
					</TextEquiv>
				</Word>
				<TextEquiv>
					<Unicode>μένοι στέμματα Ἀσκληπίεια· τόδε γὰρ ἦν τὸ</Unicode>
				</TextEquiv>
			</TextLine>
			<TextLine id="r127">
				<Coords points="1226,2109 1228,2110 1619,2110 1641,2130 1646,2131 1649,2132 1653,2134 1654,2138 1652,2140 1649,2141 1648,2158 1646,2160 1644,2161 1528,2162 1515,2175 280,2180 265,2165 237,2164 235,2160 235,2156 236,2153 239,2141 241,2138 244,2118 318,2116 1222,2112"/>
				<Word id="r1191">
					<Coords points="320,2116 344,2138 364,2138 365,2141 365,2146 364,2148 362,2154 359,2155 357,2158 354,2161 351,2162 349,2164 296,2165 280,2179 264,2164 236,2163 235,2160 235,2156 236,2153 239,2141 242,2138 244,2118 317,2118"/>
					<TextEquiv>
						<Unicode>ἱερὸν</Unicode>
					</TextEquiv>
				</Word>
				<Word id="r1192">
					<Coords points="407,2117 410,2118 436,2138 443,2142 442,2147 441,2150 439,2151 439,2153 430,2161 428,2162 425,2164 421,2165 418,2164 397,2163 394,2161 392,2157 392,2148 393,2145 394,2144 404,2126"/>
					<TextEquiv>
						<Unicode>ἐν</Unicode>
					</TextEquiv>
				</Word>
				<Word id="r1193">
					<Coords points="661,2115 673,2121 678,2122 682,2124 694,2135 746,2142 748,2152 747,2156 745,2159 743,2160 724,2161 556,2163 539,2178 522,2163 474,2162 472,2160 471,2158 470,2154 471,2150 473,2144 476,2140 481,2132 482,2123 483,2117 657,2117"/>
					<TextEquiv>
						<Unicode>ἀκροπόλει</Unicode>
					</TextEquiv>
				</Word>
				<Word id="r1194">
					<Coords points="851,2114 861,2119 866,2120 869,2121 871,2122 883,2133 1018,2140 1022,2152 1020,2156 1018,2158 1016,2159 1015,2160 801,2161 785,2176 783,2173 784,2169 786,2163 787,2161 789,2155 791,2145 793,2139 795,2136 827,2136"/>
					<TextEquiv>
						<Unicode>μάλιστα</Unicode>
					</TextEquiv>
				</Word>
				<Word id="r1195">
					<Coords points="1112,2113 1116,2114 1136,2132 1159,2133 1159,2139 1158,2142 1156,2146 1147,2155 1143,2157 1140,2158 1070,2158 1069,2149 1060,2139 1061,2136 1064,2133 1067,2132 1090,2132 1107,2115 1109,2114"/>
					<TextEquiv>
						<Unicode>τῶν</Unicode>
					</TextEquiv>
				</Word>
				<Word id="r1196">
					<Coords points="1226,2110 1235,2117 1277,2117 1280,2118 1293,2131 1374,2132 1374,2140 1373,2143 1369,2149 1367,2151 1361,2155 1357,2157 1351,2159 1350,2158 1219,2157 1201,2156 1199,2153 1198,2149 1199,2145 1200,2140 1201,2138 1210,2121 1216,2113"/>
					<TextEquiv>
						<Unicode>ἄλλων</Unicode>
					</TextEquiv>
				</Word>
				<Word id="r1197">
					<Coords points="1617,2110 1619,2111 1642,2131 1647,2132 1651,2134 1653,2136 1649,2140 1647,2141 1646,2159 1643,2160 1528,2161 1513,2175 1497,2159 1444,2158 1420,2157 1417,2156 1415,2155 1413,2152 1412,2149 1412,2142 1413,2140 1425,2128 1425,2111 1615,2111"/>
					<TextEquiv>
						<Unicode>ἐπιφανὲς</Unicode>
					</TextEquiv>
				</Word>
				<TextEquiv>
					<Unicode>ἱερὸν ἐν ἀκροπόλει μάλιστα τῶν ἄλλων ἐπιφανὲς</Unicode>
				</TextEquiv>
			</TextLine>
			<TextLine id="r128">
				<Coords points="1296,2177 1299,2178 1537,2178 1558,2199 1623,2199 1642,2200 1649,2201 1652,2203 1653,2208 1649,2209 1648,2224 1647,2227 1646,2229 1644,2230 1643,2231 1477,2234 1472,2237 1254,2240 1247,2241 232,2238 235,2232 235,2227 236,2225 237,2222 238,2220 241,2211 243,2209 258,2207 285,2207 306,2186 865,2181 869,2180 881,2179 1294,2178"/>
				<Word id="r1198">
					<Coords points="308,2186 311,2188 312,2191 316,2199 319,2222 320,2226 319,2228 316,2231 312,2233 274,2233 235,2232 235,2227 236,2225 237,2222 238,2220 241,2211 242,2209 256,2208 258,2207 285,2207"/>
					<TextEquiv>
						<Unicode>καὶ</Unicode>
					</TextEquiv>
				</Word>
				<Word id="r1199">
					<Coords points="498,2185 520,2205 583,2205 618,2206 619,2209 634,2225 635,2228 634,2232 632,2235 629,2238 625,2239 617,2233 368,2232 365,2220 363,2210 364,2208 366,2207 384,2206 389,2206 403,2192 405,2191 490,2191"/>
					<TextEquiv>
						<Unicode>πλούσιον,</Unicode>
					</TextEquiv>
				</Word>
				<Word id="r1200">
					<Coords points="697,2183 731,2183 755,2203 760,2204 789,2204 789,2209 788,2213 787,2215 787,2217 776,2227 772,2229 771,2230 681,2230 677,2228 675,2224 675,2213 676,2211 678,2208 680,2191 682,2188"/>
					<TextEquiv>
						<Unicode>ὅθεν</Unicode>
					</TextEquiv>
				</Word>
				<Word id="r1201">
					<Coords points="882,2179 890,2180 897,2181 900,2183 904,2186 925,2201 932,2202 933,2204 933,2206 931,2207 930,2227 836,2228 833,2226 831,2223 831,2213 833,2209 835,2207 841,2203 844,2203 867,2181 875,2180"/>
					<TextEquiv>
						<Unicode>οἵδε</Unicode>
					</TextEquiv>
				</Word>
				<Word id="r1202">
					<Coords points="1019,2179 1049,2200 1058,2201 1060,2202 1064,2205 1065,2207 1062,2210 1060,2218 1058,2228 1056,2230 1048,2230 984,2228 983,2221 974,2209 975,2205 978,2203 987,2202"/>
					<TextEquiv>
						<Unicode>τὰς</Unicode>
					</TextEquiv>
				</Word>
				<Word id="r1203">
					<Coords points="1296,2178 1320,2199 1350,2199 1355,2201 1358,2203 1358,2207 1356,2209 1354,2217 1353,2227 1351,2228 1350,2230 1349,2231 1262,2231 1250,2240 1240,2239 1222,2228 1108,2226 1107,2217 1108,2214 1109,2210 1110,2208 1111,2204 1113,2202 1114,2182 1115,2180 1117,2179 1293,2179"/>
					<TextEquiv>
						<Unicode>ἱκετηρίας</Unicode>
					</TextEquiv>
				</Word>
				<Word id="r1204">
					<Coords points="1534,2178 1557,2199 1622,2199 1641,2200 1648,2201 1651,2203 1650,2208 1647,2216 1646,2226 1645,2228 1643,2230 1476,2233 1472,2236 1459,2227 1457,2226 1440,2225 1400,2224 1399,2188 1399,2185 1489,2183 1493,2181 1497,2180 1531,2180"/>
					<TextEquiv>
						<Unicode>λαβόντες</Unicode>
					</TextEquiv>
				</Word>
				<TextEquiv>
					<Unicode>καὶ πλούσιον, ὅθεν οἵδε τὰς ἱκετηρίας λαβόντες</Unicode>
				</TextEquiv>
			</TextLine>
			<TextLine id="r129">
				<Coords points="1492,2246 1495,2247 1591,2247 1594,2248 1614,2268 1648,2268 1650,2283 1653,2286 1651,2289 1646,2294 1307,2297 1302,2299 1281,2303 1164,2308 1054,2309 1049,2306 273,2302 244,2301 241,2300 238,2298 236,2295 236,2286 237,2284 239,2282 240,2280 248,2272 248,2255 269,2254 1490,2247"/>
				<Word id="r1205">
					<Coords points="270,2254 314,2254 335,2275 425,2275 428,2276 430,2277 432,2281 432,2290 431,2292 428,2297 421,2300 272,2301 243,2300 240,2299 238,2298 236,2295 236,2286 237,2284 239,2282 240,2280 248,2272 248,2255 269,2255"/>
					<TextEquiv>
						<Unicode>ἐδέοντο</Unicode>
					</TextEquiv>
				</Word>
				<Word id="r1206">
					<Coords points="572,2256 577,2257 579,2258 580,2259 581,2261 583,2274 584,2276 584,2280 583,2285 579,2293 577,2296 575,2298 571,2299 505,2300 504,2291 495,2281 496,2278 499,2275 518,2273 552,2273 568,2257"/>
					<TextEquiv>
						<Unicode>τοῦ</Unicode>
					</TextEquiv>
				</Word>
				<Word id="r1207">
					<Coords points="797,2251 817,2270 916,2270 919,2271 922,2273 923,2275 923,2279 919,2281 917,2298 914,2300 671,2302 666,2299 636,2298 635,2256 637,2255 646,2254 658,2253 664,2252 795,2252"/>
					<TextEquiv>
						<Unicode>Σκιπίωνος</Unicode>
					</TextEquiv>
				</Word>
				<Word id="r1208">
					<Coords points="1086,2250 1090,2251 1092,2254 1094,2260 1095,2262 1096,2283 1099,2286 1098,2289 1097,2291 1095,2292 1094,2294 1092,2295 1057,2296 1055,2306 1053,2308 1039,2297 1037,2296 991,2295 987,2283 984,2275 986,2271 1007,2269 1065,2269"/>
					<TextEquiv>
						<Unicode>περὶ</Unicode>
					</TextEquiv>
				</Word>
				<Word id="r1209">
					<Coords points="1219,2249 1239,2267 1305,2267 1308,2268 1310,2269 1313,2271 1314,2273 1314,2276 1312,2278 1309,2279 1308,2295 1306,2296 1303,2297 1301,2298 1281,2300 1280,2303 1165,2305 1159,2306 1162,2297 1164,2289 1165,2286 1166,2282 1167,2280 1168,2277 1169,2273 1178,2270 1191,2269"/>
					<TextEquiv>
						<Unicode>μόνης</Unicode>
					</TextEquiv>
				</Word>
				<Word id="r1210">
					<Coords points="1490,2247 1590,2247 1593,2248 1613,2268 1647,2268 1649,2284 1651,2287 1647,2291 1518,2294 1380,2294 1374,2293 1371,2291 1369,2287 1369,2279 1377,2271 1379,2270 1387,2268 1411,2267 1415,2266 1468,2266 1482,2252 1486,2249"/>
					<TextEquiv>
						<Unicode>συνθέσθαι</Unicode>
					</TextEquiv>
				</Word>
				<TextEquiv>
					<Unicode>ἐδέοντο τοῦ Σκιπίωνος περὶ μόνης συνθέσθαι</Unicode>
				</TextEquiv>
			</TextLine>
			<TextLine id="r130">
				<Coords points="1521,2313 1546,2336 1643,2336 1647,2337 1650,2339 1651,2345 1647,2347 1646,2365 1642,2366 1619,2367 1617,2373 1617,2375 1531,2378 1525,2380 389,2383 384,2384 369,2383 356,2370 245,2369 242,2368 239,2366 237,2362 237,2356 239,2354 242,2349 246,2346 249,2345 264,2344 416,2342 434,2324 436,2323 713,2322 716,2320 748,2319 1033,2318 1035,2317 1519,2314"/>
				<Word id="r1211">
					<Coords points="436,2323 456,2342 489,2342 492,2343 495,2345 496,2347 496,2352 494,2353 492,2361 491,2370 487,2374 397,2374 388,2383 369,2383 355,2369 244,2368 241,2367 239,2366 237,2362 237,2356 239,2353 246,2346 249,2345 264,2344 415,2343 434,2324"/>
					<TextEquiv>
						<Unicode>σωτηρίας</Unicode>
					</TextEquiv>
				</Word>
				<Word id="r1212">
					<Coords points="618,2324 624,2326 642,2341 647,2342 651,2344 652,2348 650,2351 648,2359 647,2368 644,2371 640,2373 637,2372 635,2370 556,2369 554,2368 554,2361 546,2349 550,2343 552,2342 595,2342 612,2325"/>
					<TextEquiv>
						<Unicode>τοῖς</Unicode>
					</TextEquiv>
				</Word>
				<Word id="r1213">
					<Coords points="749,2319 784,2323 791,2326 794,2327 798,2329 807,2338 969,2339 970,2341 970,2345 969,2348 968,2352 964,2357 959,2361 956,2362 954,2364 951,2365 734,2367 707,2366 704,2364 701,2359 701,2353 704,2347 713,2338 713,2322 717,2320 748,2320"/>
					<TextEquiv>
						<Unicode>ἐθέλουσιν</Unicode>
					</TextEquiv>
				</Word>
				<Word id="r1214">
					<Coords points="1036,2317 1094,2317 1096,2321 1098,2324 1099,2326 1100,2329 1103,2350 1105,2355 1103,2359 1101,2362 1098,2364 1068,2365 1051,2365 1029,2364 1023,2361 1020,2355 1020,2353 1021,2347 1022,2346 1033,2327 1034,2318 1035,2318"/>
					<TextEquiv>
						<Unicode>ἐπὶ</Unicode>
					</TextEquiv>
				</Word>
				<Word id="r1215">
					<Coords points="1234,2316 1240,2317 1242,2318 1265,2335 1271,2336 1273,2337 1274,2338 1274,2341 1272,2342 1271,2360 1270,2362 1267,2363 1214,2364 1195,2380 1190,2379 1167,2364 1159,2359 1150,2343 1151,2339 1155,2338 1179,2338 1196,2321 1200,2319 1227,2319"/>
					<TextEquiv>
						<Unicode>τῷδε</Unicode>
					</TextEquiv>
				</Word>
				<Word id="r1216">
					<Coords points="1368,2319 1373,2320 1395,2336 1402,2337 1406,2341 1406,2344 1402,2345 1400,2363 1398,2366 1397,2367 1375,2367 1372,2376 1370,2377 1354,2362 1327,2361 1327,2353 1318,2343 1319,2340 1320,2338 1324,2336 1347,2336 1363,2320"/>
					<TextEquiv>
						<Unicode>τῆς</Unicode>
					</TextEquiv>
				</Word>
				<Word id="r1217">
					<Coords points="1520,2314 1544,2336 1642,2336 1646,2337 1649,2339 1648,2345 1645,2346 1643,2365 1641,2366 1618,2367 1616,2370 1616,2375 1531,2376 1525,2379 1506,2363 1502,2362 1449,2361 1448,2318 1449,2317 1451,2316 1517,2316"/>
					<TextEquiv>
						<Unicode>Βύρσης</Unicode>
					</TextEquiv>
				</Word>
				<TextEquiv>
					<Unicode>σωτηρίας τοῖς ἐθέλουσιν ἐπὶ τῷδε τῆς Βύρσης</Unicode>
				</TextEquiv>
			</TextLine>
			<TextLine id="r38">
				<Coords points="1344,2383 1346,2383 1346,2390 1357,2390 1357,2391 1360,2391 1360,2392 1362,2392 1362,2393 1363,2393 1363,2394 1365,2394 1365,2396 1366,2396 1366,2397 1367,2397 1367,2398 1368,2398 1368,2400 1369,2400 1369,2402 1370,2402 1370,2403 1371,2403 1371,2405 1455,2405 1455,2406 1457,2406 1457,2407 1458,2407 1458,2424 1548,2402 1576,2395 1657,2378 1662,2439 1472,2431 1472,2432 1290,2432 1290,2433 1289,2433 1289,2436 1288,2436 1288,2441 1287,2441 1287,2443 1286,2443 1286,2444 1285,2444 1285,2445 1283,2445 1283,2444 1282,2444 1282,2433 1099,2433 1099,2435 1098,2435 1098,2436 1097,2436 1097,2437 1094,2437 1094,2438 1035,2438 1035,2443 1034,2443 1034,2447 1019,2447 1019,2448 1005,2448 1005,2449 991,2449 991,2450 983,2459 973,2461 963,2451 963,2452 949,2452 949,2453 947,2453 947,2443 875,2443 875,2436 649,2436 649,2437 647,2437 647,2438 436,2438 436,2439 435,2439 435,2441 434,2441 434,2442 433,2442 433,2443 432,2443 432,2444 431,2444 431,2445 427,2445 427,2439 282,2439 282,2447 281,2447 281,2448 280,2448 280,2449 279,2449 279,2450 278,2450 278,2451 275,2451 275,2452 270,2452 270,2453 270,2452 268,2452 268,2451 267,2451 267,2450 266,2450 266,2440 265,2440 265,2439 245,2439 245,2438 243,2438 243,2437 241,2437 241,2436 240,2436 240,2435 239,2435 239,2434 238,2434 238,2432 237,2432 237,2422 238,2422 238,2420 239,2420 239,2419 240,2419 240,2418 241,2418 241,2417 242,2417 242,2416 243,2416 243,2415 245,2415 245,2414 246,2414 246,2413 249,2413 249,2401 250,2401 250,2396 251,2396 251,2392 340,2392 340,2412 418,2412 418,2413 419,2413 419,2429 527,2429 527,2426 528,2426 528,2422 529,2422 529,2418 531,2418 531,2416 532,2416 532,2415 533,2415 533,2413 536,2413 536,2412 539,2412 539,2394 540,2394 540,2392 541,2392 541,2390 544,2390 544,2389 641,2389 641,2388 738,2388 738,2387 741,2387 741,2386 792,2386 792,2387 796,2387 796,2388 798,2388 798,2389 799,2389 799,2390 801,2390 801,2391 802,2391 802,2392 803,2392 803,2393 804,2393 804,2394 805,2394 805,2395 806,2395 806,2396 807,2396 807,2398 808,2398 808,2406 849,2406 849,2407 868,2407 868,2408 982,2408 982,2407 1000,2407 1000,2406 1063,2406 1063,2386 1064,2386 1064,2385 1066,2385 1066,2386 1067,2386 1067,2387 1068,2387 1068,2388 1069,2388 1069,2390 1070,2390 1070,2391 1071,2391 1071,2395 1072,2395 1072,2396 1073,2396 1073,2398 1074,2398 1074,2400 1075,2400 1075,2406 1203,2406 1203,2387 1204,2387 1204,2385 1209,2385 1209,2386 1210,2386 1210,2387 1211,2387 1211,2388 1212,2388 1212,2389 1213,2389 1213,2404 1336,2404 1336,2396 1337,2396 1337,2391 1338,2391 1338,2389 1339,2389 1339,2386 1340,2386 1340,2384 1341,2384 1341,2383 1344,2383 1344,2382"/>
				<Word id="r1218">
					<Coords points="251,2392 339,2392 359,2412 417,2412 418,2414 436,2434 434,2439 430,2444 280,2447 274,2450 268,2451 250,2438 243,2437 241,2436 238,2432 237,2426 238,2420 250,2402 251,2395"/>
					<TextEquiv>
						<Unicode>ἐξιέναι,</Unicode>
					</TextEquiv>
				</Word>
				<Word id="r1219">
					<Coords points="547,2389 550,2418 550,2428 549,2430 546,2434 530,2435 527,2430 527,2425 528,2421 529,2418 531,2416 533,2413 535,2412 538,2411 539,2393 540,2391 542,2390"/>
					<TextEquiv>
						<Unicode>ὁ</Unicode>
					</TextEquiv>
				</Word>
				<Word id="r1220">
					<Coords points="641,2388 644,2390 647,2396 649,2399 650,2410 651,2412 651,2414 650,2435 647,2436 646,2437 606,2435 603,2431 602,2429 602,2422 604,2418 606,2415 607,2391 608,2390 610,2389 640,2389"/>
					<TextEquiv>
						<Unicode>δὲ</Unicode>
					</TextEquiv>
				</Word>
				<Word id="r1221">
					<Coords points="741,2386 795,2387 798,2389 800,2390 816,2406 848,2406 867,2407 869,2408 870,2411 884,2427 885,2432 883,2438 880,2441 877,2442 868,2435 706,2432 703,2428 703,2423 704,2418 705,2416 716,2397 717,2389 719,2388 737,2387 740,2387"/>
					<TextEquiv>
						<Unicode>ἐδίδου,</Unicode>
					</TextEquiv>
				</Word>
				<Word id="r1222">
					<Coords points="1064,2385 1092,2406 1099,2407 1101,2408 1104,2410 1104,2415 1100,2416 1099,2432 1095,2436 1093,2437 1042,2437 1033,2446 981,2449 971,2452 947,2450 948,2448 948,2415 951,2409 999,2406 1043,2406"/>
					<TextEquiv>
						<Unicode>χωρὶς</Unicode>
					</TextEquiv>
				</Word>
				<Word id="r1223">
					<Coords points="1343,2383 1354,2390 1358,2391 1360,2392 1363,2394 1375,2405 1443,2405 1456,2406 1457,2413 1469,2425 1470,2428 1469,2430 1297,2431 1283,2444 1271,2432 1157,2431 1156,2430 1155,2427 1154,2423 1155,2420 1157,2416 1158,2413 1160,2411 1161,2409 1164,2408 1166,2407 1175,2406 1204,2385 1339,2385"/>
					<TextEquiv>
						<Unicode>αὐτομόλων.</Unicode>
					</TextEquiv>
				</Word>
				<Word id="r1224">
					<Coords points="1641,2385 1644,2387 1645,2390 1648,2396 1650,2422 1652,2425 1648,2431 1568,2429 1569,2425 1574,2410 1576,2406 1577,2405 1620,2405"/>
					<TextEquiv>
						<Unicode>καὶ</Unicode>
					</TextEquiv>
				</Word>
				<TextEquiv>
					<Unicode>ἐξιέναι, ὁ δὲ ἐδίδου, χωρὶς αὐτομόλων. καὶ</Unicode>
				</TextEquiv>
			</TextLine>
			<TextLine id="r39">
				<Coords points="258,2483 258,2484 259,2484 259,2496 317,2496 317,2497 320,2497 320,2498 322,2498 322,2499 324,2499 324,2500 325,2500 325,2502 326,2502 326,2505 325,2505 325,2507 324,2507 324,2522 323,2522 323,2523 295,2523 295,2529 294,2529 294,2531 293,2531 293,2532 292,2532 292,2533 291,2533 291,2534 290,2534 290,2535 288,2535 288,2536 286,2536 286,2537 281,2537 281,2538 281,2537 275,2537 275,2536 274,2536 274,2535 273,2535 273,2534 272,2534 272,2532 271,2532 271,2523 253,2523 253,2522 244,2522 244,2521 243,2521 243,2520 241,2520 241,2518 240,2518 240,2516 239,2516 239,2511 238,2511 238,2507 237,2507 237,2501 238,2501 238,2499 239,2499 239,2497 240,2497 240,2495 241,2495 241,2493 242,2493 242,2492 243,2492 243,2491 244,2491 244,2489 246,2489 246,2487 247,2487 247,2486 248,2486 248,2485 249,2485 249,2484 252,2484 252,2483"/>
				<Word id="r1225">
					<Coords points="254,2483 270,2496 316,2496 319,2497 323,2499 324,2501 324,2504 323,2506 322,2521 294,2522 293,2528 291,2532 285,2535 275,2536 257,2522 248,2521 241,2519 239,2515 238,2510 237,2506 237,2500 240,2494 242,2491 246,2486 251,2484"/>
					<TextEquiv>
						<Unicode>632</Unicode>
					</TextEquiv>
				</Word>
				<TextEquiv>
					<Unicode>632</Unicode>
				</TextEquiv>
			</TextLine>
		</TextRegion>
	</Page>
</PcGts>
