1747 2693
88 265 183 293 CAP.

89 306 170 332 XIX

270 131 564 170 APPIAN'S
605 131 839 171 ROMAN
881 132 1186 185 HISTORY,
1223 133 1397 172 BOOK
1441 133 1581 186 VIII

210 251 427 315 ἐξῄεσαν
465 253 654 299 αὐτικα
692 253 929 315 μυριάδες
973 254 1126 301 πέντε
1171 254 1364 316 ἀνδρῶν
1401 254 1506 316 ἅμα
1538 257 1620 303 καὶ

210 323 481 381 γυναικῶν,
524 321 853 383 ἀνοιχθέντος
913 323 1084 372 αὐτοῖς
1145 326 1329 370 στενοῦ
1378 325 1621 388 διατειχί-

209 409 419 450 σματος.
505 389 590 435 καὶ
642 389 783 436 οὗτοι
830 389 922 451 μὲν
983 390 1363 453 ἐφυλάσσοντο,
1417 392 1532 440 ὅσοι
1582 392 1618 440 δ᾽

206 456 487 519 αὐτόμολοι
523 457 789 517 Ῥωμαίων
825 457 975 518 ἦσαν,
1005 458 1135 521 ἀμφὶ
1174 458 1289 511 τοὺς
1327 459 1619 514 ἐνακοσίους

204 526 458 585 μάλιστα,
500 525 809 586 ἀπογνόντες
851 527 1019 575 αὑτῶν
1055 528 1103 578 ἐς
1144 526 1202 575 τὸ
1246 526 1621 588 Ἀσκληπιεῖον

206 594 491 657 ἀνέδραμον
527 592 634 656 μετ᾽
673 593 973 654 Ἀσδρούβα
1014 595 1099 644 καὶ
1136 599 1224 657 τῆς
1261 599 1500 657 γυναικὸς
1536 603 1623 659 τῆς

205 661 509 726 Ἀσδρούβα
587 664 671 709 καὶ
752 661 839 710 δύο
901 662 1098 712 παίδων
1163 664 1400 727 ἀρρένων.
1508 665 1622 714 ὅθεν

205 730 435 791 εὐμαρῶς
475 730 553 778 ἀεὶ
592 731 863 791 ἐμάχοντο,
899 734 1084 791 καίπερ
1129 733 1268 784 ὄντες
1313 733 1498 791 ὀλίγοι,
1542 733 1621 781 διὰ

205 798 262 845 τὸ
314 799 448 863 ὕψος
494 801 584 847 τοῦ
622 800 856 862 τεμένους
897 801 981 849 καὶ
1020 801 1075 850 τὸ
1122 802 1466 864 ἀπόκρημνον,
1512 803 1560 853 ἐς
1598 803 1621 849 ὃ

205 868 291 915 καὶ
352 866 496 931 παρὰ
556 867 648 927 τὴν
708 868 909 930 εἰρήνην
972 868 1053 917 διὰ
1110 869 1324 930 βαθρῶν
1375 869 1621 931 ἑξήκοντα

205 936 495 993 ἀνέβαινον.
569 937 634 986 ὡς
673 937 724 985 δὲ
751 937 778 984 ὅ
805 957 857 984 τε
893 938 1045 997 λιμὸς
1070 939 1256 990 αὐτοὺς
1287 940 1498 1001 καθῄρει
1537 940 1621 986 καὶ

202 1004 231 1063 ἡ
263 1003 522 1067 ἀγρυπνία
559 1005 646 1052 καὶ
685 1005 708 1052 ὁ
749 1006 915 1065 φόβος
954 1007 1040 1055 καὶ
1075 1008 1098 1052 ὁ
1137 1009 1306 1062 πόνος,
1334 1010 1425 1056 τοῦ
1462 1011 1622 1055 κακοῦ

202 1077 679 1133 προσπελάζοντος,
721 1073 778 1122 τὸ
816 1073 906 1135 μὲν
947 1073 1150 1136 τέμενος
1190 1074 1445 1137 ἐξέλιπον,
1484 1077 1531 1128 ἐς
1571 1075 1621 1125 δὲ

202 1140 288 1189 τὸν
317 1140 438 1189 νεὼν
466 1142 625 1188 αὐτοῦ
652 1142 736 1188 καὶ
765 1141 822 1189 τὸ
849 1141 993 1206 τέγος
1022 1143 1308 1210 ἀνέτρεχον.

275 1215 384 1257 131.
430 1211 540 1258 Κἀν
581 1210 742 1275 τούτῳ
784 1212 962 1260 λαθὼν
1011 1212 1034 1259 ὁ
1085 1213 1413 1275 Ἀσδρούβας
1464 1214 1620 1277 ἔφυγε

202 1278 328 1341 πρὸς
379 1278 467 1327 τὸν
516 1278 784 1328 Σκιπίωνα
833 1280 962 1342 μετὰ
1013 1281 1240 1330 θαλλῶν·
1282 1281 1367 1328 καὶ
1404 1281 1562 1329 αὐτὸν
1599 1281 1618 1329 ὁ

203 1345 433 1395 Σκιπίων
483 1348 697 1396 ἐκάθισε
747 1348 847 1411 πρὸ
898 1349 1071 1398 ποδῶν
1119 1349 1319 1404 ἑαυτοῦ,
1370 1350 1455 1399 καὶ
1517 1354 1622 1403 τοῖς

200 1415 508 1478 αὐτομόλοις
553 1415 884 1466 ἐπεδείκνυεν.
959 1417 1007 1467 οἱ
1046 1417 1084 1466 δ᾽
1130 1419 1195 1471 ὡς
1236 1418 1382 1474 εἶδον,
1422 1418 1621 1481 ᾔτησαν

199 1484 426 1548 ἡσυχίαν
454 1484 611 1548 σφίσι
630 1485 887 1547 γενέσθαι,
917 1486 1001 1535 καὶ
1026 1486 1295 1548 γενομένης
1321 1486 1621 1551 Ἀσδρούβᾳ

200 1553 290 1612 μὲν
339 1553 738 1616 ἐλοιδορήσαντο
788 1554 967 1602 πολλὰ
1019 1555 1104 1603 καὶ
1153 1554 1388 1611 ποικίλα,
1440 1555 1526 1603 τὸν
1570 1542 1618 1603 δὲ

201 1622 323 1670 νεὼν
364 1622 655 1685 ἐνέπρησάν
703 1643 756 1671 τε
808 1623 895 1671 καὶ
944 1624 1358 1685 κατεκαύθησαν.
1430 1624 1522 1685 τὴν
1571 1624 1619 1672 δὲ

199 1693 418 1752 γυναῖκα
446 1694 537 1739 τοῦ
569 1687 895 1750 Ἀσδρούβα
917 1691 1180 1754 λέγουσιν,
1206 1691 1500 1754 ἀπτομένου
1532 1697 1620 1740 τοῦ

200 1759 359 1822 πυρὸς
388 1759 597 1822 ἀντικρὺ
621 1763 710 1807 τοῦ
738 1759 1026 1814 Σκιπίωνος
1053 1759 1341 1822 γενομένην,
1362 1783 1618 1809 κατακοσ-

199 1826 478 1887 μήσασθαί
504 1848 558 1876 τε
584 1829 648 1880 ὡς
676 1830 726 1876 ἐν
754 1832 1046 1892 συμφοραῖς
1073 1830 1301 1886 ἐδύνατο,
1330 1830 1416 1879 καὶ
1454 1851 1620 1896 παρα-

200 1896 532 1956 στησαμένην
560 1897 623 1944 τὰ
663 1897 816 1946 τέκνα
854 1897 1014 1947 εἰπεῖν
1052 1899 1101 1951 ἐς
1140 1898 1360 1959 ἐπήκοον
1387 1901 1478 1947 τοῦ
1504 1898 1619 1947 Σκι-

199 1964 405 2016 πίωνος·
450 1965 583 2013 "σοὶ
620 1966 709 2026 μὲν
739 1966 795 2013 οὐ
823 1966 1023 2027 νέμεσις
1051 1968 1107 2014 ἐκ
1147 1967 1288 2023 θεῶν,
1317 1967 1355 2016 ὦ
1380 1967 1614 2027 Ῥωμαῖε·

199 2033 285 2081 ἐπὶ
326 2033 422 2094 γὰρ
464 2034 720 2095 πολεμίαν
766 2034 1134 2096 ἐστράτευσας·
1190 2034 1525 2097 Ἀσδρούβαν
1569 2034 1617 2083 δὲ

199 2100 341 2150 τόνδε
367 2100 615 2164 πατρίδος
657 2124 711 2150 τε
752 2103 836 2151 καὶ
865 2103 1008 2164 ἱερῶν
1045 2104 1131 2152 καὶ
1160 2105 1282 2165 ἐμοῦ
1319 2104 1402 2152 καὶ
1431 2104 1618 2153 τέκνων

197 2169 456 2233 προδότην
503 2169 773 2234 γενόμενον
813 2172 865 2219 οἵ
898 2193 951 2220 τε
1005 2170 1338 2236 Καρχηδόνος
1387 2170 1616 2234 δαίμονες

198 2239 493 2300 ἀμύναιντο,
534 2239 620 2287 καὶ
665 2239 731 2288 σὺ
770 2240 898 2300 μετὰ
938 2242 1036 2289 τῶν
1072 2239 1367 2302 δαιμόνων."
1443 2239 1530 2289 εἶτ᾽
1570 2242 1617 2291 ἐς

197 2307 284 2354 τὸν
334 2307 668 2371 Ἀσδρούβαν
706 2308 1082 2372 ἐπιστρέψασα
1123 2309 1278 2357 εἶπεν·
1345 2310 1429 2356 "ὦ
1469 2310 1616 2372 μιαρὲ

198 2376 282 2423 καὶ
310 2376 502 2422 ἄπιστε
541 2376 626 2424 καὶ
656 2377 1004 2437 μαλακώτατε
1039 2377 1250 2439 ἀνδρῶν,
1279 2377 1365 2438 ἐμὲ
1401 2377 1491 2438 μὲν
1532 2377 1614 2423 καὶ

198 2468 288 2519 634
