1747 2693
87 280 183 309 CAP.

90 320 180 354 XIX

274 139 568 179 APPIAN'S
608 139 842 180 ROMAN
883 139 1188 190 HISTORY,
1226 140 1402 181 BOOK
1442 137 1567 194 VIII

209 262 326 311 τοὺς
361 262 508 325 ἐμοὺς
536 263 724 315 παῖδας
752 262 864 311 τόδε
890 262 947 312 τὸ
975 266 1078 326 πῦρ
1112 262 1290 327 θάψει·
1332 262 1399 311 σὺ
1425 262 1474 311 δὲ
1511 262 1621 310 τίνα

208 330 489 391 κοσμήσεις
532 331 789 391 θρίαμβον
832 330 854 378 ὁ
898 335 986 391 τῆς
1024 333 1255 392 μεγάλης
1293 332 1620 394 Καρχηδόνος

207 399 429 458 ἡγεμών;
470 399 584 446 τίνα
626 399 664 446 δ᾽
708 400 765 448 οὐ
809 400 986 451 δώσεις
1031 400 1175 460 δίκην
1213 401 1340 462 τῷδε
1380 401 1416 462 ᾧ
1456 421 1621 463 παρα-

207 466 466 528 καθέζῃ;"
527 467 740 515 τοσαῦτ᾽
785 467 1087 515 ὀνειδίσασα
1150 469 1449 530 κατέσφαξε
1510 469 1622 521 τοὺς

205 537 410 588 παῖδας,
462 536 548 583 καὶ
597 536 644 589 ἐς
694 536 749 584 τὸ
802 540 906 600 πῦρ
954 537 1140 589 αὐτούς
1191 557 1244 584 τε
1293 537 1376 584 καὶ
1440 537 1622 596 ἑαυτὴν

206 604 500 668 ἐπέρριψεν.

280 679 370 719 132
416 672 545 719 ὧδε
571 672 660 735 μέν
687 677 820 735 φασι
847 672 937 734 τὴν
965 672 1266 735 Ἀσδρούβα
1293 678 1529 734 γυναῖκα,
1561 676 1622 726 ὡς

206 741 364 789 αὐτὸν
413 742 567 806 ἐχρῆν
618 742 964 803 Ἀσδρούβαν,
1017 743 1268 790 εἰποῦσαν
1327 743 1618 791 ἀποθανεῖν·

207 808 229 856 ὁ
281 809 331 856 δὲ
383 808 613 858 Σκιπίων
663 810 821 859 πόλιν
873 810 1000 874 ὁρῶν
1062 811 1394 860 ἑπτακοσίοις
1454 812 1621 858 ἔτεσιν

207 878 517 938 ἀνθήσασαν
543 878 647 927 ἀπὸ
674 883 763 927 τοῦ
791 882 1146 941 συνοικισμοῦ,
1166 880 1252 926 καὶ
1278 884 1370 940 γῆς
1397 881 1618 941 τοσῆσδε

206 947 293 993 καὶ
338 947 506 1008 νήσων
546 948 632 994 καὶ
676 948 954 1008 θαλάσσης
995 950 1319 1009 ἐπάρξασαν,
1353 951 1531 998 ὅπλων
1567 970 1620 996 τε

203 1016 290 1062 καὶ
337 1018 456 1061 νεῶν
501 1016 587 1063 καὶ
629 1016 924 1080 ἐλεφάντων
969 1017 1055 1065 καὶ
1088 1018 1366 1080 χρημάτων
1408 1018 1618 1080 εὐπορή-

205 1105 380 1131 σασαν
409 1086 498 1132 ἴσα
534 1088 646 1134 ταῖς
687 1086 872 1148 ἀρχαῖς
910 1087 1021 1135 ταῖς
1059 1084 1347 1146 μεγίσταις,
1376 1086 1543 1148 τόλμῃ
1571 1087 1620 1134 δὲ

203 1153 289 1200 καὶ
333 1152 595 1217 προθυμίᾳ
636 1153 773 1201 πολὺ
815 1153 1159 1217 διασχοῦσαν,
1199 1154 1230 1213 ἥ
1270 1174 1328 1214 γε
1367 1153 1457 1203 καὶ
1500 1159 1621 1204 ναῦς

203 1222 288 1268 καὶ
315 1222 458 1266 ὅπλα
493 1222 666 1266 πάντα
704 1222 1044 1286 περιῃρημένη
1073 1222 1241 1284 τρισὶν
1279 1222 1413 1284 ὅμως
1452 1222 1619 1271 ἔτεσιν

205 1290 429 1354 ἀντέσχε
479 1289 691 1353 πολέμῳ
734 1290 927 1354 τοσῷδε
977 1290 1063 1338 καὶ
1102 1291 1254 1353 λιμῷ,
1301 1290 1417 1339 τότε
1466 1290 1619 1354 ἄρδην

204 1364 532 1406 τελευτῶσαν
593 1363 639 1409 ἐς
702 1358 1065 1422 πανωλεθρίαν
1114 1358 1362 1423 ἐσχάτην,
1412 1359 1619 1422 λέγεται

203 1427 293 1490 μὲν
320 1427 577 1490 δακρῦσαι
605 1427 693 1476 καὶ
725 1427 948 1490 φανερὸς
984 1426 1226 1490 γενέσθαι
1265 1426 1463 1476 κλαίων
1495 1428 1620 1493 ὑπὲρ

204 1499 481 1558 πολεμίων,
507 1498 590 1544 ἐπὶ
618 1498 756 1544 πολὺ
785 1497 822 1543 δ᾽
851 1497 1017 1546 ἔννους
1045 1495 1122 1559 ἐφ᾽
1147 1496 1331 1543 ἑαυτοῦ
1358 1495 1619 1559 γενόμενός

203 1586 272 1616 τε,
296 1564 382 1613 καὶ
412 1564 626 1612 συνιδὼν
653 1564 731 1611 ὅτι
766 1564 852 1613 καὶ
879 1564 1055 1618 πόλεις
1085 1565 1167 1613 καὶ
1196 1565 1313 1622 ἔθνη
1343 1565 1427 1613 καὶ
1454 1564 1619 1629 ἀρχὰς

203 1634 416 1683 ἁπάσας
460 1634 534 1680 δεῖ
568 1635 894 1694 μεταβαλεῖν
934 1633 1110 1697 ὥσπερ
1162 1634 1461 1697 ἀνθρώπους
1512 1636 1617 1682 δαί-

200 1724 349 1762 μονα,
391 1702 479 1749 καὶ
524 1700 660 1750 τοῦτ᾽
702 1701 864 1750 ἔπαθε
902 1701 991 1764 μὲν
1028 1701 1207 1757 Ἴλιον,
1236 1703 1457 1765 εὐτυχής
1495 1723 1620 1750 ποτε

201 1769 369 1824 πόλις,
421 1770 583 1819 ἔπαθε
633 1769 684 1818 δὲ
734 1772 762 1831 ἡ
812 1769 1109 1833 Ἀσσυρίων
1159 1772 1248 1819 καὶ
1299 1772 1495 1833 Μήδων
1535 1772 1617 1819 καὶ

210 1834 423 1903 Περσῶν
462 1838 539 1886 ἐπ᾽
579 1838 785 1891 ἐκείνοις
825 1839 962 1902 ἀρχὴ
1001 1839 1220 1901 μεγίστη
1249 1840 1507 1901 γενομένη,
1535 1840 1618 1888 καὶ

200 1910 229 1968 ἡ
279 1910 518 1969 μάλιστα
560 1907 780 1971 ἔναγχος
830 1907 1160 1969 ἐκλάμψασα
1210 1909 1238 1967 ἡ
1290 1907 1617 1963 Μακεδόνων,

199 1978 299 2023 εἴτε
350 1978 477 2024 ἑκὼν
525 1977 627 2023 εἴτε
689 1974 1043 2038 προφυγόντος
1105 1975 1261 2024 αὐτὸν
1321 1977 1468 2025 τοῦδε
1528 1981 1615 2024 τοῦ

200 2046 369 2100 ἔπους,

269 2144 531 2190 “ἔσσεται
556 2144 694 2206 ἦμαρ
722 2144 847 2191 ὅταν
873 2143 989 2191 ποτ᾽
1017 2143 1193 2205 ὀλώλῃ
1216 2142 1374 2195 Ἴλιος
1402 2144 1478 2206 ἱρὴ

316 2212 399 2257 καὶ
427 2210 663 2276 Πρίαμος
691 2211 778 2260 καὶ
805 2211 932 2263 λαὸς
959 2210 1212 2274 ἐϋμμελίω
1241 2210 1541 2275 Πριάμοιο.”

207 2313 474 2373 Πολυβίου
514 2313 554 2361 δ᾽
594 2314 750 2361 αὐτοῦ
790 2313 1026 2377 ἐρομένου
1067 2313 1164 2361 σὺν
1200 2313 1471 2377 παρρησίᾳ
1510 2316 1615 2373 (καὶ

200 2472 287 2523 636
