1747 2693
110 267 201 298 CAP.

114 307 194 334 XIX

109 884 200 913 CAP.

120 925 179 952 XX

291 134 585 178 APPIAN'S
624 135 858 177 ROMAN
901 137 1205 190 HISTORY,
1244 139 1422 180 BOOK
1463 131 1590 181 VIII

227 255 325 316 γάρ
364 256 425 315 ἦν
465 256 624 304 αὐτοῦ
664 256 749 305 καὶ
790 256 1129 319 διδάσκαλος)
1173 259 1200 308 ὅ
1240 280 1288 307 τι
1331 260 1581 319 βούλοιτο
1618 260 1639 308 ὁ

226 330 397 392 λόγος,
460 332 623 395 φασὶν
687 333 743 381 οὐ
807 334 1167 394 φυλαξάμενον
1236 334 1490 396 ὀνομάσαι
1553 335 1642 396 τὴν

225 404 454 469 πατρίδα
507 409 703 469 σαφῶς,
758 408 884 470 ὑπὲρ
932 410 991 471 ἧς
1041 408 1155 467 ἄρα,
1206 410 1254 463 ἐς
1317 409 1640 475 τἀνθρώπεια

225 480 448 544 ἀφορῶν,
477 480 667 530 ἐδεδίει.

895 724 983 765 XX

300 865 390 906 133
450 860 553 906 Καὶ
605 860 725 907 τάδε
774 861 863 921 μὲν
905 862 1170 920 Πολύβιος
1221 863 1376 915 αὐτὸς
1414 863 1640 916 ἀκούσας

229 928 536 991 συγγράφει·
585 927 813 979 Σκιπίων
842 930 895 983 δ᾽,
925 931 1034 977 ἐπεὶ
1060 933 1397 980 κατέσκαπτο
1427 935 1639 996 Καρχη-

227 996 338 1047 δών,
383 997 468 1044 ἐπὶ
508 997 597 1055 μέν
638 1019 751 1044 τινα
796 999 994 1061 ἡμερῶν
1033 998 1250 1062 ἀριθμὸν
1287 1001 1544 1064 ἐπέτρεψε
1582 1006 1641 1067 τῇ

228 1067 450 1129 στρατιᾷ
490 1065 791 1129 διαρπάζειν
816 1066 918 1115 ὅσα
952 1065 1019 1129 μὴ
1062 1067 1259 1132 χρυσὸς
1298 1069 1327 1129 ἢ
1358 1068 1575 1132 ἄργυρος
1611 1071 1641 1130 ἢ

227 1133 535 1194 ἀναθήματα
587 1134 660 1193 ἦν,
712 1135 841 1194 μετὰ
892 1135 942 1183 δὲ
993 1135 1130 1183 τοῦτ᾽
1181 1137 1417 1199 ἀριστεῖα
1464 1137 1644 1186 πολλὰ

227 1201 431 1250 διαδοὺς
480 1202 666 1255 ἅπασι,
717 1203 874 1265 χωρὶς
924 1206 1023 1251 τῶν
1080 1204 1127 1253 ἐς
1177 1205 1234 1252 τὸ
1283 1205 1640 1254 Ἀπολλώνιον

226 1269 572 1333 ἁμαρτόντων,
619 1274 740 1318 ναῦν
786 1273 1040 1333 ὀξυτάτην
1079 1274 1348 1335 κοσμήσας
1388 1274 1639 1338 λαφύροις

226 1337 447 1400 ἄγγελον
501 1343 590 1399 τῆς
644 1339 783 1400 νίκης
836 1340 1067 1389 ἔστειλεν
1129 1343 1175 1393 ἐς
1225 1342 1440 1401 Ῥώμην,
1492 1343 1540 1394 ἐς
1590 1343 1639 1392 δὲ

226 1406 471 1456 Σικελίαν
521 1408 885 1471 περιέπεμπεν,
932 1408 1032 1458 ὅσα
1096 1409 1444 1473 Καρχηδόνιοι
1495 1415 1640 1476 σφῶν

226 1476 534 1535 ἀναθήματα
576 1477 720 1524 κοινὰ
760 1481 1106 1535 πολεμοῦντες
1144 1478 1356 1535 ἔλαβον,
1396 1478 1639 1531 ἐλθόντας

225 1544 619 1605 ἐπιγιγνώσκειν
667 1545 756 1593 καὶ
807 1546 1122 1606 κομίζεσθαι·
1186 1547 1209 1593 ὃ
1259 1547 1345 1596 καὶ
1404 1548 1641 1610 μάλιστα

227 1612 383 1659 αὐτὸν
407 1613 807 1674 ἐδημαγώγησεν
836 1615 900 1665 ὡς
925 1614 1053 1675 μετὰ
1082 1617 1172 1663 τοῦ
1210 1614 1429 1664 δυνατοῦ
1457 1617 1638 1681 φιλάν-

228 1681 447 1743 θρωπον.
525 1681 835 1744 ἀποδόμενος
864 1681 914 1730 δὲ
941 1681 1033 1744 τὴν
1058 1684 1202 1731 λείαν
1240 1684 1329 1744 τὴν
1367 1685 1640 1746 περισσήν,

226 1750 369 1796 ὅπλα
398 1751 483 1797 καὶ
508 1752 863 1813 μηχανήματα
890 1753 977 1800 καὶ
1015 1754 1135 1803 ναῦς
1173 1754 1470 1815 ἀχρήστους
1496 1755 1642 1817 Ἄρει

228 1817 311 1864 καὶ
351 1816 544 1882 Ἀθηνᾷ
590 1818 969 1881 διαζωσάμενος
1009 1820 1163 1872 αὐτὸς
1211 1821 1350 1870 ἔκαιε
1395 1822 1529 1870 κατὰ
1580 1822 1642 1870 τὰ

226 1886 439 1949 πάτρια.

301 1960 405 2003 134.
447 1954 516 2001 οἱ
543 1955 581 2002 δ᾽
610 1956 660 2004 ἐν
688 1955 835 2003 ἄστει
875 1956 1122 2005 ὡσαύτως
1161 1957 1253 2016 τὴν
1296 1961 1417 2007 ναῦν
1456 1957 1639 2011 ἰδόντες

226 2023 312 2069 καὶ
352 2027 439 2084 τῆς
480 2024 619 2083 νίκης
658 2025 774 2085 περὶ
815 2025 990 2084 δείλην
1030 2026 1256 2086 ἑσπέραν
1288 2027 1569 2089 πυθόμενοι
1595 2028 1642 2078 ἐς

227 2089 316 2142 τὰς
344 2089 488 2143 ὁδοὺς
516 2091 772 2155 ἐξεπήδων
811 2092 896 2140 καὶ
935 2092 1306 2156 διενυκτέρευον
1343 2093 1450 2156 μετ᾽
1477 2095 1639 2156 ἀλλή-

227 2167 347 2210 λων,
397 2159 629 2220 ἡδόμενοι
680 2161 765 2208 καὶ
816 2162 1231 2223 συμπλεκόμενοι
1282 2163 1346 2215 ὡς
1397 2163 1512 2226 ἄρτι
1554 2163 1640 2226 μὲν

227 2229 482 2291 ἐλεύθεροι
533 2227 712 2289 φόβων
773 2228 1052 2290 γεγονότες,
1117 2229 1233 2293 ἄρτι
1295 2230 1333 2277 δ᾽
1397 2230 1640 2298 ἄρχοντες

229 2296 411 2360 ἑτέρων
467 2297 739 2360 ἀσφαλῶς,
790 2297 906 2358 ἄρτι
965 2298 1018 2346 δὲ
1077 2298 1298 2357 βέβαιον
1348 2299 1439 2361 τὴν
1487 2299 1640 2348 πόλιν

228 2365 447 2427 ἔχοντες,
500 2365 584 2411 καὶ
639 2366 950 2425 νενικηκότες
1000 2366 1109 2413 οἵαν
1171 2367 1344 2414 οὔτινα
1394 2367 1639 2432 πρότερον

228 2455 316 2508 638
