1747 2693
112 285 205 313 CAP.

122 325 184 352 XX

294 148 585 188 APPIAN'S
624 146 858 187 ROMAN
899 143 1206 194 HISTORY,
1244 143 1419 184 BOOK
1460 130 1586 189 VIII

229 263 398 323 ἄλλην
435 277 592 322 νικην.
667 264 846 309 πολλὰ
883 261 974 322 μὲν
1011 260 1108 321 γὰρ
1147 260 1318 312 αὑτοῖς
1354 257 1639 321 συνῄδεσαν

230 339 355 401 ἔργα
403 338 641 401 λαμπρά,
695 337 875 384 πολλὰ
925 337 978 383 δε
1027 338 1132 387 τοῖς
1181 354 1443 398 πατρασιν
1493 334 1540 381 ἔς
1589 354 1641 378 τε

229 412 536 463 Μακεδόνας
565 411 651 460 καὶ
662 410 878 472 Ἴβηρας
901 409 987 458 καὶ
1015 410 1062 462 ἐς
1081 409 1353 471 Ἀντίοχον
1372 408 1457 457 τὸν
1482 407 1641 470 μέγαν

228 489 445 552 ἔναγχος
496 486 583 535 καὶ
632 486 749 548 περὶ
799 484 960 545 αὐτὴν
1009 482 1261 532 Ἰταλίαν·
1324 482 1554 546 πόλεμον
1603 482 1639 528 δ᾽

228 564 407 612 οὐδένα
435 564 600 611 ἄλλον
628 563 783 613 οὕτως
824 561 909 609 ἐπὶ
952 559 1126 617 θύραις
1172 559 1430 625 ἐπίφοβον
1470 559 1642 610 αὑτοῖς

230 640 434 701 ᾔδεσαν,
464 637 547 686 διά
583 659 635 686 τε
664 636 896 698 ἀνδρείαν
924 635 1009 682 καὶ
1049 634 1285 697 φρόνημα
1324 633 1411 682 καὶ
1449 632 1642 696 τόλμαν

230 715 428 780 ἐχθρῶν
450 714 536 762 καὶ
559 712 811 761 ἀπιστίαν
830 711 880 758 ἐν
904 708 1087 773 σφίσιν
1109 708 1428 757 ἐπικίνδυνον
1444 708 1643 771 γενόμε-

230 812 329 839 νον.
352 791 597 852 ἀνέφερον
617 790 666 836 δὲ
685 789 771 835 καὶ
789 789 855 834 ὧν
874 787 1066 834 ἔπαθον
1088 786 1186 833 ὑπὸ
1207 784 1579 849 Καρχηδονίων
1596 784 1644 831 ἔν

230 888 282 913 τε
328 863 541 930 Σικελίᾳ
585 864 672 911 καὶ
697 861 904 925 Ἰβηρίᾳ
947 860 1034 909 καὶ
1071 860 1188 923 περὶ
1230 859 1389 922 αὐτὴν
1412 857 1643 907 Ἰταλίαν

232 939 500 989 ἑκκαίδεκα
552 939 735 992 ἔτεσιν,
788 937 1030 994 Ἀννίβου
1093 936 1407 998 τετρακόσια
1456 934 1643 998 ἐμπρή-

234 1038 419 1065 σαντος
449 1014 583 1071 ἄστη
624 1014 708 1062 καὶ
747 1011 1000 1076 μυριάδας
1040 1010 1235 1072 ἀνδρῶν
1280 1011 1557 1075 τριάκοντα
1597 1011 1644 1058 ἐν

230 1090 405 1153 μόναις
454 1090 650 1153 μάχαις
712 1086 997 1141 ἀνελόντος,
1049 1084 1136 1134 ἐπί
1195 1107 1248 1134 τε
1309 1084 1400 1147 τὴν
1447 1084 1646 1147 Ῥώμην

232 1166 493 1215 πολλάκις
543 1165 830 1214 ἐλάσαντος
890 1161 975 1210 καὶ
1031 1163 1078 1213 ἐς
1128 1160 1356 1225 ἔσχατον
1417 1160 1645 1207 κινδύνου

235 1239 633 1302 συναγαγόντος.
674 1239 740 1287 ὧν
770 1236 1129 1299 ἐνθυμούμενοι
1156 1236 1392 1298 μάλιστα
1416 1235 1644 1298 ἐξίσταν-

234 1340 290 1365 το
317 1316 433 1377 περὶ
478 1319 565 1376 τῆς
594 1315 733 1374 νίκης
779 1314 826 1364 ἐς
872 1310 1128 1360 ἀπιστίαν
1173 1311 1343 1372 αὐτῆς,
1372 1310 1456 1359 καὶ
1501 1310 1644 1361 αὖθις

233 1390 642 1440 ἀνεπυνθάνοντο
695 1389 944 1446 ἀλλήλων
991 1388 1033 1435 εἰ
1075 1390 1143 1449 τῷ
1197 1388 1304 1434 ὄντι
1357 1385 1648 1450 Καρχηδὼν

234 1467 617 1513 κατέσκαπται·
689 1461 1030 1528 ἐλεσχήνευόν
1081 1483 1134 1510 τε
1185 1460 1245 1508 δι᾽
1296 1461 1420 1517 ὅλης
1471 1461 1647 1514 νυκτὸς

233 1545 370 1593 ὅπως
421 1544 510 1602 μὲν
559 1542 730 1589 αὐτῶν
771 1541 832 1586 τὰ
883 1540 1025 1586 ὅπλα
1068 1536 1343 1599 περιῃρέθη
1387 1536 1473 1584 καὶ
1513 1536 1647 1587 ὅπως

234 1620 418 1665 αὐτίκα
460 1618 603 1678 παρὰ
647 1618 802 1676 δόξαν
847 1615 1184 1673 ἐτεκτήναντο
1232 1614 1391 1676 ἕτερα,
1422 1613 1558 1662 ὅπως
1598 1611 1647 1659 δὲ

235 1694 324 1745 τὰς
355 1696 473 1743 ναῦς
501 1691 843 1755 ἀφῃρέθησαν
870 1689 956 1736 καὶ
983 1687 1175 1735 στόλον
1203 1688 1458 1749 ἐπήξαντο
1486 1691 1649 1736 πάλιν

236 1770 290 1830 ἐξ
332 1770 456 1828 ὕλης
500 1769 752 1819 παλαιᾶς,
797 1767 852 1811 τό
896 1784 949 1810 τε
995 1762 1163 1825 στόμα
1210 1766 1298 1809 τοῦ
1342 1763 1545 1824 λιμένος
1588 1763 1649 1814 ὡς

237 1827 580 1894 ἀπεκλείσθη,
644 1834 730 1881 καὶ
798 1830 968 1894 στόμα
1038 1834 1101 1883 ὡς
1164 1830 1419 1894 ὠρύξαντο
1483 1831 1649 1894 ἕτερον

238 1905 437 1967 ὀλίγαις
464 1902 686 1967 ἡμέραις.
745 1902 834 1949 καὶ
875 1902 930 1949 τὸ
972 1903 1070 1948 τῶν
1098 1902 1283 1964 τειχῶν
1313 1900 1447 1963 ὕψος
1475 1901 1650 1950 αὐτοῖς

237 1974 319 2022 διὰ
347 1973 605 2034 στόματος
631 1972 707 2032 ἦν,
728 1971 810 2018 καὶ
840 1970 902 2016 τὰ
936 1971 1033 2016 τῶν
1060 1966 1220 2016 λίθων
1246 1966 1450 2028 μεγέθη,
1482 1968 1564 2014 καὶ
1595 1966 1648 2014 τὸ

237 2047 340 2104 πῦρ
368 2044 391 2088 ὃ
419 2043 680 2090 πολλάκις
708 2042 817 2090 ταῖς
843 2040 1104 2103 μηχαναῖς
1146 2035 1448 2097 ἐπήνεγκαν.
1520 2039 1648 2085 ὅλως

237 2133 289 2159 τε
352 2110 437 2158 τὸν
488 2109 716 2169 πόλεμον
780 2108 844 2159 ὡς
906 2105 1116 2168 ὁρῶντες
1177 2103 1293 2167 ἄρτι
1352 2103 1650 2167 γιγνόμενον

237 2180 492 2237 ἀλλήλοις
534 2177 821 2229 διετύπουν,
864 2175 948 2223 καὶ
994 2176 1038 2225 ἐς
1080 2174 1170 2225 τὰς
1217 2171 1511 2237 φαντασίας
1552 2176 1650 2221 τῶν

236 2246 524 2309 λεγομένων
583 2249 651 2309 τῷ
714 2245 948 2309 σχήματι
1006 2245 1094 2290 τοῦ
1145 2240 1386 2304 σώματος
1438 2240 1647 2304 συνεφέ-

236 2338 401 2377 ροντο.
488 2314 573 2362 καὶ
634 2314 720 2361 τὸν
790 2313 1054 2360 Σκιπίωνα
1118 2312 1237 2373 ὁρᾶν
1300 2311 1506 2357 ἐδόκουν
1565 2311 1649 2357 ἐπὶ

239 2386 521 2444 κλιμάκων,
584 2384 669 2428 ἐπὶ
732 2383 869 2434 νεῶν,
935 2380 984 2427 ἐν
1035 2376 1278 2443 πύλαις,
1328 2379 1381 2426 ἐν
1442 2378 1648 2441 μάχαις,

237 2476 325 2519 640
