1747 2693
108 262 203 293 CAP.

128 303 188 331 XX

298 129 588 174 APPIAN'S
627 131 862 175 ROMAN
902 133 1209 188 HISTORY,
1245 135 1423 178 BOOK
1463 136 1575 177 VIII

229 257 505 318 πανταχοῦ
577 254 862 303 διαθεοντα.
939 257 1069 304 οὕτω
1142 258 1231 319 μὲν
1292 278 1337 306 οι
1401 258 1640 306 Ῥωμαῖοι

228 334 659 398 διενυκτέρευσαν,
693 341 806 396 135.
839 338 945 399 ἅμα
985 338 1025 384 δ᾽
1052 339 1214 403 ἡμέρᾳ
1253 340 1429 387 θυσίαι
1466 360 1521 387 τε
1558 341 1637 386 καὶ

226 418 435 477 πομπαὶ
494 420 598 470 τοῖς
647 419 778 469 θεοῖς
829 420 1088 479 ἐγίγνοντο
1139 422 1272 467 κατὰ
1321 423 1508 481 φυλήν,
1558 423 1639 470 καὶ

225 498 416 559 ἀγῶνες
443 498 529 547 ἐπὶ
555 498 754 551 τούτοις
781 499 867 548 καὶ
895 498 1007 548 θέαι
1033 499 1286 548 ποικίλαι.

296 581 432 625 δέκα
474 579 527 626 δὲ
570 583 718 643 σφῶν
746 580 914 629 αὐτῶν
955 583 983 642 ἡ
1024 583 1197 642 βουλὴ
1238 585 1354 635 τοὺς
1398 585 1639 648 ἀριστους

224 661 422 723 ἔπεμπε
449 661 849 723 διαθησομένους
881 662 1085 722 Λιβύην
1110 665 1240 725 μέτα
1283 663 1568 718 Σκιπίωνος
1593 667 1639 717 ἐς

224 741 283 790 τὸ
309 741 575 804 Ῥωμαίων
602 744 882 807 συμφέρον·
960 746 1007 792 οἳ
1035 747 1370 809 Καρχηδόνος
1395 749 1486 809 μὲν
1511 749 1558 796 εἴ
1592 770 1638 796 τι

223 826 536 889 περίλοιπον
563 825 636 872 ἔτι
653 826 727 887 ἦν,
748 826 950 888 ἔκριναν
977 828 1334 889 κατασκάψαι
1356 828 1636 884 Σκιπίωνα,

225 906 312 954 καὶ
339 906 495 954 οἰκεῖν
521 907 681 968 αὐτὴν
709 907 933 956 ἀπεῖπον
961 908 1146 964 ἅπασι,
1175 909 1262 957 καὶ
1289 911 1637 970 ἐπηράσαντο,

222 989 461 1050 μάλιστα
487 989 603 1050 περὶ
630 994 718 1051 τῆς
758 990 980 1051 Βύρσης,
1008 991 1054 1039 εἴ
1077 1011 1151 1043 τις
1185 991 1438 1053 οἰκήσειεν
1481 992 1638 1053 αὐτὴν

224 1071 255 1130 ἢ
317 1071 382 1119 τὰ
430 1071 727 1132 καλούμενα
790 1071 1031 1135 Μέγαρα·
1109 1072 1398 1132 ἐπιβαίνειν
1458 1072 1498 1121 δ᾽
1549 1076 1638 1123 οὐκ

223 1153 465 1202 ἀπεῖπον.
537 1155 659 1201 ὅσαι
689 1156 739 1201 δὲ
777 1157 957 1205 πόλεις
995 1160 1496 1218 συνεμεμαχήκεσαν
1535 1162 1638 1210 τοῖς

225 1233 490 1297 πολεμίοις
518 1234 784 1297 ἐπιμόνως,
813 1235 953 1298 ἔδοξε
979 1238 1221 1285 καθελεῖν
1263 1239 1491 1290 ἁπάσας·
1554 1240 1638 1287 καὶ

225 1318 346 1365 ὅσαι
395 1316 664 1379 Ῥωμαίοις
726 1316 1168 1378 ἐβεβοηθήκεσαν,
1219 1319 1397 1383 χώραν
1445 1319 1637 1368 ἔδωκαν

226 1399 421 1462 ἑκάστῃ
445 1403 532 1461 τῆς
561 1399 878 1462 δορικτήτου,
909 1399 995 1447 καὶ
1022 1403 1228 1462 πρῶτον
1252 1401 1488 1463 μάλιστα
1508 1402 1634 1450 Ἰτυ-

224 1480 385 1530 καίοις
414 1480 503 1541 τὴν
529 1481 681 1543 μέχρι
711 1482 1042 1544 Καρχηδόνος
1081 1483 1238 1543 αὐτῆς
1276 1484 1361 1533 καὶ
1384 1484 1635 1537 Ἱππῶνος

226 1563 310 1610 ἐπὶ
338 1563 545 1627 θάτερα.
620 1566 724 1614 τοῖς
747 1565 796 1612 δὲ
825 1568 1027 1615 λοιποῖς
1053 1566 1214 1629 φόρον
1240 1567 1434 1629 ὥρισαν
1465 1568 1551 1616 ἐπὶ
1577 1570 1635 1631 τῇ

223 1647 290 1707 γῇ
340 1644 426 1693 καὶ
489 1644 572 1693 ἐπὶ
622 1649 728 1696 τοῖς
779 1645 1034 1708 σώμασιν,
1086 1646 1226 1708 ἀνδρὶ
1292 1649 1376 1695 καὶ
1437 1649 1636 1710 γυναικὶ

223 1725 420 1787 ὁμοίως.
495 1726 581 1775 καὶ
611 1727 904 1789 στρατηγὸν
932 1727 1136 1789 ἐτήσιον
1162 1729 1336 1781 αὐτοῖς
1362 1730 1418 1777 ἐκ
1442 1729 1635 1791 Ῥώμης

223 1808 533 1870 ἐπιπέμπειν
554 1810 772 1870 ἔκριναν.
808 1811 852 1856 οἱ
869 1812 960 1870 μὲν
979 1812 1038 1870 δὴ
1061 1813 1223 1858 ταῦτα
1246 1815 1633 1873 προστάξαντες

223 1890 488 1938 ἀπέπλεον
538 1890 585 1941 ἐς
632 1889 848 1946 Ῥώμην,
898 1889 921 1937 ὁ
973 1889 1024 1939 δὲ
1075 1888 1303 1940 Σκιπίων
1353 1891 1512 1941 ἐποίει
1573 1892 1634 1940 τὰ

222 1968 461 2030 δόξαντα,
504 1968 590 2015 καὶ
643 1969 825 2019 θυσίας
866 1969 1027 2017 ἐτέλει
1070 1970 1155 2016 καὶ
1200 1970 1400 2031 ἀγῶνας
1445 1970 1530 2019 ἐπὶ
1574 1975 1633 2034 τῇ

221 2047 351 2108 νίκῃ.
392 2047 455 2097 ὡς
483 2046 532 2094 δὲ
561 2046 697 2108 αὐτῷ
726 2046 898 2094 πάντα
916 2047 1289 2108 ἐξετετέλεστο,
1313 2048 1630 2102 διαπλεύσας

220 2123 617 2188 ἐπιφανέστατα
666 2123 726 2186 δὴ
785 2125 992 2173 πάντων
1060 2124 1421 2187 διεθριάμβευε
1469 2127 1629 2176 πολύ-

217 2224 415 2267 χρυσον
439 2201 710 2265 θρίαμβον,
732 2203 1051 2265 ἀγαλμάτων
1079 2223 1133 2251 τε
1154 2203 1376 2264 γέμοντα
1398 2203 1486 2253 καὶ
1512 2205 1629 2253 ἀνα-

218 2283 475 2343 θημάτων,
529 2283 627 2328 ὅσα
680 2281 1026 2344 Καρχηδόνιοι
1083 2283 1251 2346 χρόνῳ
1300 2286 1485 2347 πολλῷ
1546 2305 1627 2331 και

216 2366 463 2425 συνεχέσι
501 2359 661 2410 νίκαις
688 2360 744 2407 ἐκ
783 2360 958 2421 πάσης
998 2363 1092 2422 γῆς
1137 2359 1548 2427 συνενηνόχεσαν
1583 2363 1627 2411 ἐς

216 2451 300 2497 642
