1747 2693
95 294 191 323 CAP.

110 333 171 361 XX

278 152 575 195 APPIAN'S
614 150 846 195 ROMAN
888 147 1196 200 HISTORY,
1230 145 1410 189 BOOK
1446 143 1564 186 VIII

216 276 437 336 Λιβύην.
510 273 627 325 τότε
677 273 717 322 δ᾽
758 274 818 334 ἦν
859 273 941 320 ὅτε
984 272 1069 320 καὶ
1119 269 1253 319 κατὰ
1298 268 1630 321 Μακεδόνων,

216 353 434 405 ἁλόντος
477 353 786 416 Ἀνδρισκου
835 354 925 400 τοῦ
973 349 1426 413 ψευδοφιλίππου,
1464 347 1630 412 τρίτος

215 436 368 496 ἤγετο
398 433 666 496 θρίαμβος,
697 431 782 480 καὶ
829 430 960 478 κατὰ
1003 434 1091 490 τῆς
1131 426 1388 479 Ἑλλάδος
1434 429 1634 490 πρῶτος

219 511 318 558 ὑπὸ
358 509 622 570 Μομμίου.
698 508 783 555 καὶ
809 507 869 567 ἦν
907 508 1074 553 ταῦτα
1100 503 1232 565 ἀμφὶ
1270 501 1359 554 τὰς
1387 502 1631 562 ἑξήκοντα

219 588 308 636 καὶ
336 587 518 636 ἑκατὸν
547 585 890 648 ὀλυμπιάδας.

293 671 400 715 136.
439 665 618 730 Χρόνῳ
649 662 686 712 δ᾽
718 664 947 726 ὕστερον,
978 661 1135 709 Γαΐου
1163 660 1407 724 Γράκχου
1447 659 1634 719 δημαρ-

218 748 436 809 χοῦντος
464 746 514 792 ἐν
539 741 709 807 Ῥώμῃ
737 743 824 790 καὶ
855 740 1094 789 στάσεων
1122 740 1289 787 οὐσῶν
1317 739 1372 799 ἐξ
1400 736 1633 802 ἀπορίας,

219 822 359 886 ἔδοξε
387 821 709 886 κληρούχους
737 820 784 873 ἐς
812 819 1017 878 Λιβύην
1055 819 1277 880 πέμπειν
1317 817 1636 882 ἑξακισχιλί-

218 922 321 956 ους,
349 898 771 963 διαγραφομένων
810 896 848 946 δ᾽
879 897 1010 961 ἀμφὶ
1048 896 1141 959 τὴν
1183 894 1499 959 Καρχηδόνα
1539 896 1637 942 τῶν

222 979 470 1041 θεμελίων
496 978 649 1026 λύκοι
675 977 737 1026 τὰ
767 976 978 1039 θεμέλια
1018 973 1181 1039 ἀθρόα
1222 973 1515 1021 διέσπασαν
1553 972 1638 1020 καὶ

223 1057 487 1123 συνέχεαν.
561 1056 649 1106 καὶ
698 1056 813 1104 τότε
861 1055 951 1118 μὲν
1004 1054 1221 1118 ἀνέσχεν
1261 1053 1290 1113 ἡ
1333 1052 1506 1112 βουλὴ
1550 1053 1639 1100 τοῦ

221 1139 575 1199 συνοικισμοῦ·
614 1136 783 1199 χρόνῳ
808 1133 859 1182 δὲ
887 1133 1048 1188 αὖθις,
1073 1132 1228 1180 ὁπότε
1251 1133 1400 1185 Γάιος
1431 1133 1637 1193 Καῖσαρ

221 1214 246 1264 ὁ
275 1216 360 1265 καὶ
389 1214 645 1277 δικτάτωρ
674 1214 888 1275 ὕστερον
916 1212 1089 1263 αὐτοῖς
1116 1207 1346 1271 διηνεκὴς
1372 1207 1633 1270 γενόμενος

223 1295 502 1357 Πομπήιον
528 1294 575 1346 ἐς
601 1294 871 1353 Αἴγυπτον
898 1289 1073 1339 ἐδίωκε
1099 1289 1184 1337 καὶ
1214 1288 1330 1341 τοὺς
1359 1286 1634 1349 Πομπηίου

223 1371 408 1430 φίλους
468 1373 516 1426 ἐς
565 1372 771 1432 Λιβύην
821 1369 909 1418 ἀπ᾽
960 1368 1248 1431 Αἰγύπτου,
1299 1367 1527 1430 λέγεται,
1579 1371 1638 1430 τῇ

224 1449 525 1517 Καρχηδόνι
600 1445 1191 1516 παραστρατοπεδεύων,
1256 1445 1340 1494 ὑπ᾽
1402 1443 1637 1492 ἐνυπνίου

222 1528 450 1593 στρατὸν
490 1528 658 1577 πολὺν
698 1527 818 1576 ἰδὼν
859 1527 1111 1574 κλαίοντα
1152 1525 1515 1590 ἐνοχληθῆναι,
1554 1523 1639 1570 καὶ

220 1608 410 1658 αὐτίκα
456 1608 618 1672 ἑαυτῷ
647 1607 693 1659 ἐς
718 1607 919 1669 μνήμην
962 1604 1382 1668 ὑπογράψασθαι
1429 1604 1638 1666 Καρχη-

221 1688 342 1735 δόνα
370 1686 690 1744 συνοικίζειν.
765 1684 850 1732 καὶ
877 1682 985 1744 μετ᾽
1014 1683 1071 1730 οὐ
1097 1682 1238 1731 πολὺ
1284 1683 1382 1729 τῶν
1430 1679 1638 1744 ἀπόρων

219 1763 375 1814 αὐτὸν
424 1766 473 1815 ἐς
514 1761 714 1826 Ῥώμην
755 1761 1111 1811 ἐπανελθόντα
1160 1761 1277 1822 περὶ
1329 1764 1421 1822 γῆς
1473 1780 1640 1822 παρα-

219 1843 534 1895 καλούντων,
565 1842 887 1891 συνέτασσεν
931 1842 994 1893 ὡς
1035 1840 1262 1903 πέμψων
1304 1837 1421 1890 τοὺς
1463 1838 1553 1900 μὲν
1596 1838 1642 1887 ἐς

220 1922 312 1983 τὴν
365 1920 681 1984 Καρχηδόνα
723 1919 839 1972 τοὺς
883 1917 922 1967 δ᾽
964 1919 1011 1972 ἐς
1054 1918 1320 1983 Κόρινθον.
1378 1901 1534 1973 ἀλλ᾽
1557 1915 1637 1963 ὅδε

218 2001 308 2061 μὲν
360 2002 563 2048 θᾶσσον
613 1999 833 2060 ἀνῃρέθη
894 1999 1022 2059 πρὸς
1072 2000 1170 2045 τῶν
1222 1997 1422 2059 ἐχθρῶν
1470 1996 1521 2043 ἐν
1572 1999 1638 2058 τῷ

216 2078 487 2142 Ῥωμαίων
511 2076 888 2141 βουλευτηρίῳ,
916 2076 939 2126 ὁ
968 2075 1007 2125 δ᾽
1037 2075 1230 2124 ἐκείνου
1272 2077 1397 2124 παῖς
1421 2073 1636 2124 Ἰούλιος

222 2161 451 2222 Καῖσαρ,
476 2155 498 2205 ὁ
528 2155 800 2215 Σεβαστὸς
826 2154 1121 2216 ἐπίκλησιν,
1151 2152 1379 2214 ἐντυχὼν
1402 2151 1501 2207 ἄρα
1532 2154 1642 2203 ταῖς

222 2239 552 2300 ὑπογραφαῖς
581 2240 670 2284 τοῦ
695 2236 893 2298 πατρὸς
914 2232 1171 2297 συνῴκισε
1202 2232 1295 2292 τὴν
1326 2235 1410 2280 νῦν
1431 2232 1641 2295 Καρχη-

221 2315 354 2375 δόνα,
377 2316 654 2379 ἀγχοτατω
683 2313 922 2376 μάλιστα
950 2312 1151 2371 ἐκείνης,
1169 2310 1530 2372 φυλαξάμενος
1553 2313 1640 2370 τῆς

220 2395 391 2442 πάλαι
418 2394 475 2442 τὸ
502 2391 779 2457 ἐπάρατον.
854 2390 1127 2454 οἰκήτοράς
1164 2410 1219 2439 τε
1242 2388 1526 2452 Ῥωμαίους
1551 2387 1640 2451 μὲν

221 2486 317 2551 644
