2260 3444
58 72 185 144 καὶ
216 49 469 195 ἄλλων
507 49 757 149 ἀνθέων
776 83 1026 210 μετὰ
1045 67 1172 157 τῶν
1192 58 1681 197 φυλλωμάτων
1733 71 1858 159 των
1899 50 2230 194 ἐπωλήθη

51 240 409 351 ἀπέναντι
449 247 728 344 δώδεκα
779 233 1163 377 χιλιάδων
1200 216 1541 352 γροσίων,
1576 227 1773 314 καὶ
1810 217 1909 307 τὰ
1926 199 2221 329 γρόσια

50 443 250 540 κατὰ
291 431 432 528 τὴν
470 408 772 550 ἐποχὴν
822 386 1205 504 ἐκείνην
1259 373 1833 543 εἰσοδυνάμουν
1817 394 1989 536 μὲ
1985 359 2247 502 τάλληρα.

43 642 283 760 Μεθ’
296 607 892 748 ὑπερηφανείας
953 602 1283 727 ἠρέσκετο
1345 621 1426 690 ἡ
1442 587 1708 730 Μήτηρ
1715 632 1886 722 μας
1912 600 2016 676 νὰ
2018 585 2234 738 ἀναφέρῃ

65 832 438 959 ἑκάστοτε
517 857 654 940 ὅτι
721 837 873 937 ἐπὶ
915 831 1036 932 ἔτη
1104 812 1539 941 συνετηρήθη
1618 827 1662 903 ὁ
1694 789 1918 905 οἶκός
1957 803 2096 879 των
2126 794 2230 880 διὰ

54 1070 162 1163 τῆς
225 1041 629 1178 ἰδιοχείρου
710 1039 1051 1191 ἐργασίας
1092 1052 1220 1140 των
1254 1034 1522 1131 ταύτης.
1578 1021 1899 1154 Μέχρι
1921 1025 2094 1143 τέλους
2115 1021 2225 1122 τῆς

25 1258 239 1440 ζωῆς
295 1261 389 1360 της
458 1264 540 1362 τὸ
574 1253 1014 1406 ἐργόχειρον
1066 1263 1169 1355 δὲν
1206 1253 1554 1388 ἀπέλειπε
1589 1261 1724 1363 τῶν
1716 1258 2023 1379 χειρῶν
2045 1235 2178 1387 της,

53 1492 208 1580 εἴτε
272 1458 909 1625 κατασκευαζούσης
966 1442 1349 1607 ἱματισμοὺς
1407 1458 1527 1551 διὰ
1560 1456 1836 1567 πένητας
1840 1455 2004 1604 εἴτε
2060 1502 2202 1582 κομ

63 1676 646 1849 -ψοτεχνήματα
663 1668 974 1870 ἀξίας.
1002 1646 1135 1754 Ὅτε
1195 1655 1311 1749 δὲ
1335 1654 1750 1783 κατελθοῦσα
1783 1651 1855 1737 ἐν
1853 1618 2099 1766 Ἑλλάδι
2123 1635 2214 1728 ἐπε

76 1895 410 2013 σκέπτετο
483 1887 576 1987 τὰς
600 1896 901 2052 μεγάλας
937 1884 1042 1978 τοῦ
1071 1871 1283 1970 τόπου
1328 1874 1580 1973 Κυρίας
1621 1868 1735 1963 τὰς
1774 1842 1997 1966 ἠρώτα
2029 1847 2179 1933 πῶς

45 2074 433 2208 διήρχοντο
426 2079 597 2165 τὴν
655 2067 947 2227 ἡμέραν
974 2083 1109 2173 των
1159 2092 1325 2160 καὶ
1388 2080 1475 2159 εἰς
1514 2067 1606 2156 τί
1616 2037 2060 2213 κατεγίνοντο
2112 2054 2241 2111 καὶ

64 2291 321 2393 ἤκουε
398 2280 627 2379 αὐτὰς
696 2271 1100 2370 ἀπαντώσας
1150 2260 1652 2423 "Καθησιὸ"
1661 2278 1894 2397 ἐχούσας
1964 2254 2247 2371 παραπλεύ-

31 2530 204 2594 -ρως
261 2482 408 2584 των
449 2475 599 2618 ὅλα
649 2499 733 2585 τὰ
750 2464 1107 2607 χρειώδη
1166 2477 1360 2579 πρὸς
1401 2462 1754 2602 κάπνισμα
1820 2456 2108 2602 ἔμενεν
2134 2452 2250 2580 ἐμ-

24 2695 521 2816 -βρόντητος.
554 2679 693 2781 Ἡ
673 2690 1013 2799 πατρικὴ
1064 2669 1181 2768 τῆς
1245 2644 1576 2757 Μητρός
1573 2683 1763 2786 μας
1798 2604 2101 2728 οἰκία
2120 2618 2249 2729 εὑρί-

100 2902 306 2995 σκετο
371 2899 475 2982 εἰς
527 2854 1135 3017 "Ἀρναουτκιοή"
1165 2864 1318 2959 καὶ
1356 2869 1423 2953 ἐκ
1467 2859 1582 2955 τῶν
1619 2829 2010 2966 παραθύρων
2036 2820 2210 2910 αὐτῆς

65 3074 220 3177 εἶδε
266 3086 366 3170 τοὺς
429 3076 728 3191 Πατέρας
796 3077 901 3175 τῆς
950 3035 1345 3175 Ἐκκλησίας
1402 3008 1797 3173 συρομένους
1859 3036 1951 3117 εἰς
2020 3001 2175 3099 τὴν

54 3248 503 3405 ἀγχόνην,
544 3229 687 3346 εἶδε
746 3255 869 3347 τὸν
933 3229 1368 3336 δωδεκαέτιδα
1446 3203 1749 3374 Γεώργιον
1783 3188 2246 3331 Μαυρομιχάλην
