2237 3421
149 60 292 141 καὶ
350 44 458 134 τὴν
492 32 929 181 ἐνδυμασίαν
955 38 1153 145 εἶχεν
1173 35 1608 128 ὁπωσδήποτε
1658 45 1920 195 κομψήν,
1946 41 2115 134 πρὸς

14 195 414 362 μεγίστην
436 208 539 296 τῶν
584 206 850 342 ἄλλων
870 197 962 292 τοῦ
999 200 1343 304 Φαναρίου
1368 182 1620 309 Κυριῶν
1635 165 2044 350 ἔκπληξιν,
2060 152 2203 256 διότι

23 391 157 481 ταῖς
212 351 334 466 ἦτο
353 338 761 530 γνωστὸν
770 355 890 451 ὅτι
902 373 1154 516 μετὰ
1176 369 1286 466 τὸν
1329 369 1637 462 θάνατον
1645 373 1746 473 τοῦ
1762 361 2019 481 Πατρός
2035 359 2136 489 του,
2148 375 2206 446 ὁ

20 521 465 737 Ἀλέξανδρος
511 524 1193 649 Μαυροκορδάτος
1238 532 1582 670 κατελθὼν
1613 544 1862 662 χάριν
1896 522 2011 620 τῆς
2041 525 2203 599 Ἐπα

100 745 544 867 ναστάσεως
605 767 711 848 εἰς
740 739 1075 892 Ἑλλάδα
1142 749 1655 891 συναπέφερεν
1666 749 1800 904 ὅ,τι
1858 729 2183 897 τιμαλφὲς

37 959 123 1059 ἐν
145 949 241 1096 τῇ
294 931 785 1097 οἰκογενείᾳ
820 936 928 1030 του
968 922 1294 1072 ὑπῆρχεν,
1341 941 1438 1018 ἡ
1437 929 1543 1023 δὲ
1563 919 1932 1019 ἀκίνητος
1953 915 2208 1016 περιουσία

17 1115 366 1296 ἐδημεύθη
425 1132 633 1242 παρὰ
655 1124 788 1237 τῆς
825 1125 1233 1262 Τουρκικῆς
1290 1099 1788 1238 Κυβερνήσεως.
1796 1096 1927 1214 Τὸ
1913 1114 2208 1265 αἴνιγμα

18 1353 133 1465 τῆς
199 1338 545 1470 σχετικῆς
591 1330 841 1445 ταύτης
883 1333 1221 1491 εὐμαρείας
1278 1327 1573 1498 ἔγκειτο
1586 1332 1713 1474 εἰς
1746 1310 1872 1460 τήν,
1903 1330 2011 1411 ἐν
2024 1322 2154 1448 τῷ

29 1544 327 1698 κρυπτῷ,
363 1529 868 1686 νυχθημερὸν
925 1535 1296 1703 ἐργασίαν
1322 1528 1440 1634 τῶν
1480 1536 1674 1660 τριῶν
1710 1523 2022 1650 Ἀδελφῶν
2066 1507 2180 1607 τοῦ

45 1760 726 1888 Μαυροκορδάτου,
760 1782 885 1847 καὶ
928 1754 1037 1854 τῆς
1094 1760 1284 1873 παρ’
1282 1740 1508 1839 αὐταῖς
1571 1706 2066 1868 εὑρισκομένης
2076 1706 2203 1803 θετῆς

30 1976 265 2100 νέας.
305 1983 482 2094 Αἱ
476 1977 1250 2158 κατασκευαζόμεναι
1289 1970 1791 2134 Μπιμπίλαι
1795 1965 1946 2052 καὶ
1950 1951 2056 2039 τὰ
2073 1975 2215 2019 κεν

75 2240 358 2409 -τήματα
422 2225 657 2333 ἦσαν
662 2222 983 2337 τοιαύτης
1028 2201 1467 2352 τελειότητος
1520 2213 1654 2289 καὶ
1688 2153 2176 2312 καλλιτεχνίας

47 2458 150 2537 ὡς
167 2433 340 2536 πρὸς
377 2439 447 2522 τὰ
500 2397 973 2563 συμπλέγματα
1056 2431 1203 2506 καὶ
1227 2406 1379 2507 τοὺς
1407 2370 1925 2543 χρωματισμούς,
1956 2352 2172 2453 ὥστε

27 2608 410 2788 ἀνεζητοῦντο
470 2626 618 2751 μεθ’
652 2590 1147 2767 ὑπερτίμησιν
1202 2637 1385 2727 παρὰ
1433 2607 1532 2701 τῆς
1559 2565 2107 2739 μεταπράτιδος
2109 2566 2211 2668 ἥτις

38 2806 338 2930 κρυφίως
413 2821 911 2977 παρελάμβανε
951 2815 1037 2909 τὰ
1068 2791 1422 2958 ἐργόχειρα
1474 2813 1621 2893 καὶ
1652 2808 1750 2899 τὰ
1744 2783 2196 2934 μετέφερεν

38 3041 122 3151 εἰς
183 3011 287 3115 τὰς
339 3005 735 3136 Πρεσβείας
782 3015 928 3099 καὶ
961 3004 1045 3102 τὰ
1057 2993 1455 3143 Χαρέμια.
1462 2975 1801 3094 Φαίνεται
1844 2985 1940 3082 ὅτι
1978 2985 2042 3077 ἓν
2071 2982 2215 3115 κόσμη

58 3235 196 3352 -μα
254 3181 661 3333 ποδογύρου
691 3192 1137 3360 φορέματος,
1178 3199 1692 3342 συγκείμενον
1713 3195 1768 3285 ἐκ
1808 3187 1998 3341 ρόδων,
2024 3184 2163 3338 ἴων,
