2291 3461
94 126 606 288 περιγράφῃ
681 126 877 257 ἀλλὰ
948 106 1086 218 δὲν
1132 132 1251 214 τὰς
1320 129 1836 285 ἐνθυμοῦμαι,
1844 116 2056 229 ἰδίως
2080 115 2224 215 ἦσαν

92 338 338 516 ἄξιαι
401 354 819 463 προσοχῆς
900 353 1005 427 αἱ
1044 336 1753 486 προσαγορεύσεις
1824 327 2069 443 πρὸς

61 550 447 701 ἰσοτίμους,
481 577 650 659 καὶ
707 570 911 675 πρὸς
974 553 1548 670 ὑποδεεστέρους
1595 557 1739 647 τῶν
1772 526 2118 635 Κυριῶν.

59 754 185 849 Τὰ
239 738 644 882 τελευταῖα
722 701 963 824 ἐννέα
1057 719 1201 823 ἔτη
1263 714 1392 817 τῆς
1403 734 1664 885 ζωῆς
1714 711 1811 814 του
1836 723 1888 808 ὁ
1920 692 2147 838 Πατὴρ

65 972 179 1075 τῆς
243 945 621 1071 Μητρός
638 995 832 1104 μας
932 937 1171 1060 εἶχεν
1244 930 1638 1065 ἀπολέσει
1685 915 1804 1020 τὴν
1849 883 2178 1015 ὅρασίν

51 1174 134 1278 του
212 1198 381 1275 καὶ
444 1191 536 1288 ὡς
627 1192 709 1282 ἐκ
785 1188 977 1283 τούτου
1057 1197 1151 1275 ἡ
1189 1161 1535 1342 θυγάτηρ
1593 1128 2092 1273 εὑρίσκετο

73 1415 392 1541 διαρκῶς
482 1410 841 1555 πλησίον
892 1401 1027 1545 του,
1067 1425 1246 1500 καὶ
1283 1394 1382 1490 ἄν
1438 1391 1612 1478 ποτε
1695 1332 2089 1490 ἤρχετό
2106 1342 2175 1448 τις

77 1672 249 1766 πρὸς
331 1636 774 1791 ἐπίσκεψιν
859 1655 1025 1739 καὶ
1084 1627 1198 1729 δὲν
1266 1611 1626 1756 ὑπῆρχεν
1692 1636 1759 1717 ὁ
1792 1592 2212 1750 ἀπαιτούμενος

92 1880 393 1991 καιρὸς
468 1895 674 2009 πρὸς
750 1869 1364 2008 ἀποχώρησιν
1430 1849 1539 1957 τῆς
1607 1839 2034 1968 Μητρός
2024 1875 2186 1974 μας

83 2086 269 2196 ἄνευ
345 2097 991 2249 συναντήσεως,
1030 2065 1181 2188 ἦτο
1300 2035 2081 2234 ἠναγκασμένη
2111 2052 2204 2145 νὰ

78 2290 463 2472 φύγῃ
540 2328 661 2414 εἰς
722 2284 1309 2470 ἱματοθήκην
1341 2239 1543 2356 τινὰ
1595 2265 1805 2354 καὶ
1821 2239 1989 2327 νὰ
1919 2215 2197 2365 μείνη

94 2528 281 2646 ἐντὸς
356 2531 574 2627 αὐτῆς
668 2483 1273 2650 κεκρυμμένη
1270 2473 1550 2624 μέχρις
1592 2456 1720 2553 τῆς
1739 2412 2080 2592 λήξεως
2109 2384 2212 2484 τῆς

64 2698 593 2862 ἐπισκέψεως.
625 2695 824 2835 Ὅλαι,
865 2700 942 2783 ἢ
933 2673 1267 2832 μᾶλλον
1324 2660 1454 2738 αἱ
1467 2632 1863 2757 πλεῖσται,
1891 2583 2065 2683 τῶν

51 2935 617 3050 Φαναριωτικῶν
701 2888 1246 3051 οἰκογενειῶν
1301 2856 1702 2991 ὑπέφερον
1743 2795 2172 2899 καταφανῶς

52 3152 447 3311 μεγίστας
539 3110 976 3252 στερήσεις
1061 3104 1307 3201 κατὰ
1355 3082 1457 3174 τὰ
1501 3051 1617 3152 ἔτη
1678 3043 1778 3133 τῆς
1817 2976 2220 3114 Ἐπαναστάσεως

71 3346 275 3445 μόνη
328 3345 397 3408 ἡ
433 3325 534 3415 τῆς
590 3310 923 3420 Μητρός
933 3328 1113 3424 μας
1158 3299 1315 3367 καὶ
1368 3239 1845 3371 ὑπηρέτριαν
1878 3212 2238 3325 διετήρησεν
