2268 3444
21 104 116 222 μὲ
117 81 538 243 λελυμένην
595 86 706 176 τὴν
750 85 1057 201 χρυσήν
1101 94 1203 181 του
1241 86 1488 226 κόμην
1522 70 1841 227 βαδίζοντα
1902 69 2014 148 ἐν
2033 81 2135 190 τῷ
2088 95 2215 198 μέσῳ

15 298 435 430 Τουρκικῆς
501 286 787 406 φρουρᾶς
816 265 1293 413 φερόμενον
1343 274 1435 369 ὡς
1478 263 1832 426 ὅμηρον.
1844 243 2014 349 Εἶδε
2047 246 2204 342 πάσης

35 540 248 721 τάξεως
297 496 717 633 χριστιανοὺς
767 487 1309 639 τυραννουμένους
1370 442 1843 591 καθημερινῶς
1884 446 1986 518 εἰς
2035 412 2163 497 τὴν

43 724 425 893 Φάλαγγα.
450 700 612 819 Εἶδε
659 712 808 799 καὶ
839 697 954 798 τὸν
1007 644 1554 809 προσφιλέστατον
1610 627 1802 741 θεῖόν
1814 627 1907 756 της,
1951 618 2218 717 κατοικοῦν-

98 972 152 1073 τα
223 938 613 1057 ἀπέναντι
649 947 768 1046 τῆς
826 922 1098 1029 οἰκίας
1151 906 1257 995 της
1330 855 1799 1032 κρεμάμενον
1854 845 1923 926 ἐκ
1981 826 2084 907 τῶν
2116 863 2200 910 πα-

29 1144 351 1293 ραθύρων
401 1139 534 1241 του.
553 1148 837 1248 Τοιοῦτος
900 1146 997 1241 δὲ
1036 1118 1339 1279 ὑπῆρξεν
1394 1113 1462 1195 ὁ
1478 1060 1871 1235 κλονισμός
1890 1029 1991 1129 της
2022 1030 2145 1117 ἐπὶ
2135 1040 2221 1164 τῇ

36 1374 156 1469 θέᾳ
208 1349 396 1495 ταύτῃ
465 1349 644 1442 ὥστε
732 1340 1013 1441 ἔπεσεν
1065 1310 1520 1428 ἀναίσθητος
1605 1276 1732 1368 ἐπὶ
1783 1255 1892 1351 τοῦ
1907 1220 2178 1335 δαπέδου

50 1564 154 1660 τοῦ
213 1508 594 1643 κοιτῶνος
646 1518 754 1616 της
829 1542 971 1603 καὶ
1026 1502 1303 1596 ὑπέστη
1356 1465 1779 1572 ἀσθένειαν
1831 1437 1934 1528 ἐπὶ
1967 1423 2221 1553 ἑβδομάδας

37 1721 414 1843 σοβαράν.
436 1719 567 1811 Τὰ
594 1714 705 1799 δὲ
724 1698 830 1797 δύο
875 1698 1122 1798 τέκνα
1156 1683 1277 1783 τοῦ
1306 1694 1488 1781 παρὰ
1522 1660 1643 1749 τῶν
1665 1638 1991 1768 Τούρκων
2024 1652 2219 1749 κρεμα-

87 1891 410 2054 σθέντος,
460 1895 1063 2072 ἀπογοητευμένα
1159 1887 1266 1975 τῆς
1317 1862 1703 2007 κοσμικῆς
1713 1824 1942 1989 ζωῆς,
1976 1832 2069 1917 εἰς
2092 1826 2227 1933 πρώτην

54 2101 428 2216 εὐκαιρίαν
492 2114 537 2188 ὁ
548 2098 721 2247 μὲν
732 2077 900 2260 υἱὸς
958 2065 1257 2241 ἐγένετο
1328 2039 1680 2175 Μοναχὸς
1730 2035 1845 2123 εἰς
1871 2035 1956 2116 τὸ
1954 1975 2196 2173 Ἅγιον

40 2257 299 2424 Ὅρος,
319 2294 394 2360 ἡ
423 2280 509 2364 δὲ
553 2265 849 2429 θυγάτηρ
914 2255 1263 2384 μοναχὴ
1318 2240 1423 2333 τοῦ
1451 2179 1675 2372 Ἁγίου
1704 2191 1993 2337 Τάφου,
1995 2192 2174 2285 ὅπου

54 2475 356 2595 ἔχαιρον
337 2452 698 2618 μεγίστης
762 2440 1215 2614 ἐκτιμήσεως
1287 2429 1738 2602 ἀμφότεροι.
1765 2410 1981 2529 Μετὰ
2015 2429 2160 2546 πάρο

63 2685 216 2785 δον
271 2667 574 2800 χρόνου,
623 2668 904 2832 ἡμέραν
961 2673 1166 2809 τινά,
1243 2657 1497 2846 ἀγαθὸς
1539 2682 1682 2759 καὶ
1710 2645 2165 2794 εὔσπλαχνος

38 2907 308 3050 Τοῦρκος
402 2885 564 3038 ἦλθε
633 2907 937 3063 δρομαῖος
1005 2914 1093 2998 εἰς
1139 2904 1262 2998 τὴν
1311 2885 1583 2993 οἰκίαν
1634 2887 1785 2962 καὶ
1805 2863 2221 2998 εἰδοποίησεν

39 3091 461 3244 ἀσθμένων
518 3095 638 3181 ὅτι
688 3091 971 3243 ἐγένετο
1028 3089 1379 3236 γνωστὸν
1426 3092 1545 3178 ὅτι
1587 3087 1706 3187 δύο
1764 3088 1963 3184 νέαι
1961 3108 2222 3206 χριστια

92 3293 297 3373 -ναὶ,
319 3281 478 3352 ἡ
434 3239 680 3381 Μήτηρ
699 3290 869 3398 μας
915 3274 1063 3348 καὶ
1106 3261 1192 3336 ἡ
1209 3231 1605 3398 Ἐξαδέλφη
1642 3266 1747 3360 της
1746 3246 2104 3399 (ἄλλη
