2290 3443
185 100 486 259 Leaves
862 151 999 276 ὄχι
1011 150 1314 292 μόνον
1366 147 1939 283 συμπεριεφέρθη
1968 135 2231 299 εὐγενῶς

108 408 289 540 ἀλλὰ
349 404 501 491 καὶ
524 403 952 562 μεγίστην
1047 375 1495 538 συμπάθειαν
1552 390 1723 472 καὶ
1762 354 2218 486 καλοσύνην

106 621 579 818 ἐξεδήλωσεν,
641 602 1078 745 ὑποσχεθεὶς
1170 612 1324 708 καὶ
1356 589 1485 691 τὴν
1526 573 1886 683 Μητέρα,
1926 565 2002 652 ἄν
2045 544 2257 643 δυνατὸν

98 919 185 1001 νὰ
231 902 449 1033 φέρῃ
535 859 868 1024 πλησίον
912 862 1027 960 τῶν
1091 867 1271 974 πρὸς
1317 828 1553 930 αὐτὸν
1633 787 2211 939 προσφυγουσῶν,

100 1140 257 1224 καὶ
325 1117 603 1247 πλοῖον
653 1123 727 1193 ν’
753 1096 1058 1223 ἀνεύρῃ
1146 1094 1539 1208 ἀναχωροῦν
1606 1068 1718 1160 δι’
1748 1020 1995 1173 Ἑλλάδα
2058 1004 2213 1106 ὅπως

93 1338 182 1444 τὰς
237 1331 626 1453 ἐπιβιβάσῃ
684 1327 994 1447 ἀσφαλῶς
1059 1327 1170 1411 ἐπ’
1216 1306 1435 1427 αὐτοῦ,
1488 1263 1950 1379 συνέστησε
1945 1217 2226 1378 μόνον

84 1561 253 1651 ὅπως
291 1561 446 1704 μὴ
462 1543 711 1709 γίνῃ
737 1526 1117 1707 γνωστὸν
1188 1529 1297 1623 ὅτι
1348 1514 1851 1702 ἐφιλοξενοῦντο
1923 1501 1994 1590 ἐν
2043 1490 2170 1598 τῷ
2144 1481 2245 1596 οἴκῳ

65 1772 203 1883 του.
235 1775 564 1916 Θελήσας
643 1772 753 1870 δὲ
792 1781 891 1862 νὰ
968 1750 1500 1869 καθησυχάσῃ
1560 1723 1688 1819 τὴν
1727 1694 2125 1810 Μητέρα
2158 1700 2217 1784 ὡς

80 1995 257 2107 πρὸς
318 1974 461 2078 τὴν
511 1971 770 2094 τύχην
831 1968 965 2067 τῶν
1030 1953 1703 2088 δραπετευουσῶν,
1694 1935 2083 2088 μετέβη
2092 1946 2199 2067 εἰς

85 2212 207 2311 τὴν
276 2196 565 2298 οἰκίαν
642 2161 1357 2296 Μαυροκορδάτου
1450 2176 1605 2306 ὅπου
1670 2170 1855 2311 ὅμως
1923 2141 2138 2257 εὗρε
2084 2181 2250 2301 μόνον

82 2415 197 2519 τὴν
232 2414 789 2556 μεγαλητέραν
866 2387 1262 2502 ὕπανδρον
1335 2377 1721 2515 Ἀδελφὴν
1780 2372 2024 2486 Σούτσου
2098 2358 2209 2464 ἧς
2203 2384 2248 2448 ὁ

66 2609 337 2765 Σύζυγος
418 2627 578 2716 πρὸ
652 2627 924 2705 καιροῦ
976 2589 1296 2716 διετέλει
1344 2600 1807 2760 ἐξόριστος,
1856 2609 1997 2687 καὶ
2039 2572 2219 2673 εὗρε

80 2830 320 2937 αὐτὴν
341 2852 554 2975 λίαν
588 2830 1179 2991 τεταραγμένην
1260 2825 1462 2914 διότι
1524 2823 1684 2924 πρὸ
1731 2815 1938 2917 ὡρῶν
1992 2774 2217 2957 εἶχον

95 3066 521 3182 παραλάβει
589 3048 909 3166 Τοῦρκοι
976 3041 1433 3162 Στρατιῶται
1494 3027 1628 3125 τὴν
1679 3007 2024 3124 Μητέρα
2049 2993 2182 3111 της

93 3278 230 3361 ὅπως
291 3271 408 3357 διὰ
460 3268 783 3362 βασάνων
866 3259 991 3377 τὴν
1045 3236 1420 3397 ἀναγκάσουν
1498 3288 1599 3353 νὰ
1633 3269 1830 3360 εἴπῃ
1882 3254 2017 3336 ὅσα
2066 3245 2262 3341 περὶ
