2263 3443
125 98 802 248 Μαυροκορδάτου)
827 90 1281 194 κατοικοῦσα
1317 105 1478 176 καὶ
1516 79 1716 177 αὕτη
1739 94 1838 179 ἐν
1848 53 2252 235 Ἀρναουτκιοῄ

94 272 316 393 ἦσαν
349 279 706 473 ἐξαισίας
772 301 1149 425 καλλονῆς
1214 293 1358 370 καὶ
1381 249 1914 392 ἀπεφασίσθη
1945 273 2060 340 νὰ
2081 251 2182 345 τὰς

93 494 607 631 παραλάβωσι
657 473 975 601 αὐθωρεὶ
1027 482 1189 573 καὶ
1233 471 1370 566 τὰς
1356 446 1936 619 μεταφέρωσιν
1946 460 2050 550 εἰς
2085 460 2189 539 τὰ

79 686 489 846 χαρέμια,
528 674 709 763 καὶ
761 664 865 750 ἡ
837 645 1093 813 μὲν
1087 640 1502 827 Ἐξαδέλφη
1557 645 1685 742 τῆς
1710 624 2064 736 Μητρός
2047 673 2185 759 μας
2192 637 2245 728 ἐν

57 876 550 1049 ἀπογνώσει
618 854 947 1007 ἐρρίφθη
999 853 1206 951 ἐντὸς
1253 838 1822 1048 ἀποξηραμένου
1856 836 1967 926 τοῦ
1974 813 2223 908 κήπου

71 1072 167 1164 της
216 1052 593 1181 φρέατος,
664 1025 985 1130 ὁπόθεν
993 1003 1347 1194 ἐξῆλθεν
1411 984 1756 1095 κατόπιν
1806 955 2230 1126 παράφρων,

67 1215 757 1382 τραυματισθεῖσα
804 1205 930 1300 τὴν
1002 1210 1352 1346 κεφαλήν,
1397 1213 1467 1297 ἡ
1524 1184 1649 1290 δὲ
1665 1160 2010 1309 Μήτηρ
2003 1193 2185 1292 μας

77 1411 904 1560 παρακολουθουμένη
956 1401 1129 1495 ὑπὸ
1154 1400 1278 1493 τῆς
1324 1387 1665 1495 νεωτέρας
1714 1369 1827 1456 της
1855 1339 2194 1466 Ἀδελφῆς

61 1634 223 1725 καὶ
256 1614 372 1707 τῆς
429 1611 653 1697 θετῆς
701 1580 900 1730 νέας,
932 1580 1369 1681 πηδήσασα
1442 1588 1523 1668 ἐκ
1580 1571 1687 1666 τοῦ
1720 1562 2120 1673 παραθύρου
2141 1543 2255 1659 ἔτρε-

84 1866 211 2010 -ξεν
239 1846 351 1935 εἰς
410 1823 525 1925 τὴν
579 1797 994 1959 Γαλλικὴν
1060 1786 1527 1916 Πρεσβείαν
1580 1773 1755 1877 ὅπου
1783 1773 1910 1860 δὲν
1930 1750 2223 1911 ἐγένετο

70 2035 381 2157 δεκτή.
657 2017 777 2110 Τὴν
856 2005 1093 2101 αὐτὴν
1154 1993 1419 2122 τύχην
1476 1977 1725 2130 ἔλαβε
1780 1958 1954 2054 καὶ
1978 1964 2085 2040 εἰς
2132 1946 2229 2037 τὰς

73 2228 296 2383 ἄλλας
376 2222 836 2359 Πρεσβείας,
901 2211 1066 2293 καὶ
1112 2170 1780 2323 περιεπλανήθη
1837 2167 2049 2258 καθ’
2027 2158 2218 2285 ὅλην

71 2467 190 2563 τὴν
270 2436 524 2555 νύκτα
565 2456 928 2621 μεταξὺ
956 2435 1076 2540 τῶν
1115 2427 1489 2561 Τούρκων
1532 2419 1716 2515 ἄνευ
1745 2406 1960 2562 ὅμως
2001 2395 2237 2498 οὐδενὸς

65 2631 535 2748 ἀπευκταίου
592 2643 818 2739 ἐκτὸς
811 2649 1022 2786 μόνου
1063 2640 1165 2725 τοῦ
1180 2661 1484 2763 φοβεροῦ
1520 2643 1832 2768 τρόμου.
1861 2629 2056 2727 Περὶ
2080 2624 2186 2710 τὴν

80 2868 299 3006 αὐγὴν
343 2858 750 2999 ἔμπνευσίς
811 2842 890 2953 τις
954 2870 1249 2986 ἔφερεν
1309 2873 1433 2961 εἰς
1487 2860 1608 2954 τὴν
1604 2854 2006 3006 μνήμην
2028 2853 2143 2934 της
2158 2852 2238 2933 τὸν

67 3038 570 3210 καλοκάγαθον
620 3056 737 3159 τῆς
773 3053 1166 3210 Ἀγγλικῆς
1221 3055 1609 3172 Πρεσβείας
1651 3036 1927 3192 Ἱερέα,
1937 3074 2089 3150 καὶ
2129 3109 2247 3161 προσ

142 3279 386 3385 ελθοῦσα
434 3277 526 3351 εἰς
578 3260 682 3346 τὴν
708 3262 928 3343 οἰκίαν
965 3258 1046 3346 του
1077 3253 1473 3380 ἐπεκαλέσθη
1513 3268 1600 3355 τὴν
1659 3248 2130 3372 προστασίαν
2129 3255 2225 3364 του.
2216 3284 2246 3385 Ὁ
