2203 3420
66 135 358 303 θυγάτηρ
409 147 520 258 τοῦ
562 146 943 286 Νικολάου
1010 125 1680 264 Μαυροκορδάτου
1759 128 1901 205 καὶ
1966 112 2080 201 τῆς

27 374 424 527 Σμαράγδας
498 371 870 518 θυγατρὸς
935 363 1041 463 τοῦ
1093 309 1427 460 Αὐθέντου
1482 322 1883 481 Καρατζᾶ,
1876 323 2129 431 ἀδελφὴ

43 604 121 691 δὲ
170 593 265 700 τοῦ
327 593 791 790 Ἀλεξάνδρου
881 593 1651 720 Μαυροκορδάτου.
1673 580 2104 687 Τοσοῦτον

33 817 160 921 ἦτο
232 810 863 987 ἀνεγνωρισμένη
937 845 1004 917 ἡ
1042 829 1418 946 καλλονή
1464 810 1579 897 της
1655 799 2087 953 παιδιόθεν,

29 1041 191 1141 ὥστε
250 1071 343 1141 οἱ
374 1041 604 1158 Γονεῖς
692 1067 803 1181 της
862 1068 1381 1217 φοβούμενοι
1445 1052 1626 1151 τοὺς
1680 1053 2001 1195 Τούρκους

23 1260 418 1450 ἀπέφυγον
481 1294 618 1391 τὴν
666 1286 1033 1435 εἴσοδον
1084 1301 1191 1385 εἰς
1242 1296 1384 1392 τὴν
1443 1294 1786 1396 οἰκίαν
1834 1300 2063 1385 των

33 1505 318 1613 παντὸς
379 1499 836 1634 διδασκάλου
922 1504 1110 1616 ὅπως
1135 1520 1328 1679 μὴ
1341 1525 1544 1665 γίνῃ
1576 1504 1968 1656 γνωστὸν
2031 1495 2145 1593 ὅτι

30 1719 321 1870 ὑπῆρχε
390 1739 873 1862 χριστιανὴ
961 1753 1118 1835 νέα
1170 1739 1718 1932 ἐξαιρετικῆς
1756 1729 2148 1861 ὡραιότητος

21 1989 183 2068 καὶ
230 1960 701 2104 ἀφαρπασθῆ
753 1993 879 2082 διὰ
945 1992 1051 2084 τὰ
1103 1963 1597 2130 χαρέμια.
1629 1935 2091 2086 Ἐστερήθη

47 2177 154 2304 οὕτω
249 2219 530 2334 σχεδὸν
631 2200 928 2336 ἐντελῶς
975 2208 1510 2328 παιδεύσεως
1603 2230 1824 2304 κατὰ
1875 2187 2071 2283 τὴν

42 2430 356 2550 νεαράν
425 2428 540 2524 της
631 2401 998 2554 ἡλικίαν
1065 2416 1241 2560 ἀλλὰ
1296 2399 1641 2509 τοσοῦτον
1666 2389 1807 2488 ἦτο
1859 2378 2122 2504 ἰσχυρὰ
2133 2399 2185 2478 ἡ

50 2628 359 2773 θέλησίς
415 2649 546 2747 της
620 2644 817 2738 ὥστε
897 2678 1014 2736 εἰς
1067 2638 1184 2735 τὸ
1193 2628 1544 2772 μέλλον
1630 2615 2115 2747 κατώρθωσε

50 2889 136 2961 νὰ
185 2848 377 3004 γίνῃ
484 2862 824 2960 κάτοχος
901 2848 1026 2964 ὄχι
1049 2831 1343 3000 μόνον
1408 2824 1538 2930 τῆς
1602 2801 2036 2953 Ἑλληνικῆς,
2045 2809 2183 2939 ἀλλὰ

40 3106 201 3192 καὶ
257 3079 373 3176 τῆς
419 3045 804 3209 Γαλλικῆς
886 3078 1053 3156 καὶ
1105 3043 1222 3148 τῆς
1274 3012 1755 3198 Ἀγγλικῆς,
1746 3003 2174 3179 διαλάμψασα

27 3294 129 3378 δι’
157 3268 346 3369 αὐτῶν
406 3281 503 3360 ὡς
581 3270 884 3403 σύζυγος
949 3270 1040 3359 τοῦ
1118 3256 1460 3377 Πρέσβεως
1519 3277 1633 3364 τῆς
1696 3245 1981 3372 Ἑλλάδος
2029 3248 2132 3335 εἰς
2120 3276 2184 3369 τὰς
