2195 3460
35 129 275 285 Αὐλὰς
339 134 467 236 τῶν
536 118 972 268 Παρισίων
1034 144 1202 236 καὶ
1248 137 1370 230 τοῦ
1383 118 1757 241 Λονδίνου.
1860 105 2005 256 Εἶχε
2049 146 2147 222 τὸ

36 354 292 492 πνεῦμα
375 353 954 504 ἐρευνητικὸν,
1011 367 1812 539 ἀντιλαμβανομένη
1847 378 1975 470 τῶν
2000 361 2184 499 πάντων,

59 562 243 688 εἶχε
301 582 469 661 καὶ
545 564 817 672 πόθον
907 579 1510 724 ἀκατάσχετον
1554 592 1731 690 ὅπως
1772 613 2189 709 προσοικειωθῇ

48 736 216 884 ὅλων
278 743 477 860 ὅσων
536 744 917 888 ἐθεώρει
994 785 1403 941 ὠφελίμων,
1451 804 1489 875 ὁ
1550 792 1671 886 δὲ
1672 788 2172 925 ἀπεριόριστος

57 968 526 1138 θαυμασμός
593 983 723 1093 της
788 1019 982 1119 πρὸς
1050 995 1161 1083 τὸν
1231 980 1539 1121 Πατέρα
1552 1038 1776 1140 μας,
1828 968 2110 1090 οὗτινος

61 1225 142 1302 ἡ
178 1215 751 1360 συμπεριφορὰ
822 1199 975 1312 ἦτο
1005 1200 1479 1346 λεπτοτάτη,
1513 1222 1626 1309 δὲν
1691 1200 1881 1309 ἤθελε
1958 1174 2162 1275 κατ’

39 1399 224 1532 οὐδὲν
276 1458 370 1523 νὰ
407 1421 742 1560 ὑστερῇ
799 1423 1040 1537 αὐτῆς
1109 1452 1283 1527 καὶ
1332 1392 2017 1574 προσηρμόζετο
2053 1369 2182 1465 καθ’

35 1618 565 1770 ὁλοκληρίαν
653 1664 766 1744 εἰς
857 1642 1006 1740 τὰς
1066 1616 1286 1806 ἕξεις
1345 1634 1487 1740 του.
1534 1626 1751 1739 Παρὰ
1802 1612 1924 1707 τοῦ
1945 1593 2155 1698 Πατρός

53 1842 178 1944 της
219 1830 388 1971 εἶχε
420 1830 704 1970 λάβει
780 1840 1381 1983 φιλελευθέρους
1465 1832 1751 1946 ἰδέας,
1762 1817 1982 1917 διότι
2055 1813 2166 1898 ὁ

38 2068 462 2207 Νικόλαος
529 2037 1305 2225 Μαυροκορδάτος,
1358 2047 1459 2151 ἄν
1520 2063 1637 2138 καὶ
1692 2000 2175 2160 ἀριστοκράτης

28 2277 116 2386 τὸ
130 2276 402 2445 γένος,
458 2251 600 2385 ἦτο
663 2264 1200 2425 δημοκράτης
1285 2276 1377 2357 τὸ
1398 2233 1824 2394 φρόνημα
1898 2227 2110 2379 καὶ

43 2514 517 2628 ἐνέπνευσεν
606 2505 760 2634 εἰς
823 2508 958 2611 τὴν
1046 2497 1492 2656 θυγατέρα
1553 2485 1668 2584 του
1733 2447 2157 2592 αἰσθήματα

40 2742 413 2906 ἰσότητος,
454 2742 679 2877 τηρῶν
738 2781 782 2851 ὁ
836 2733 1057 2849 ἴδιος
1148 2736 1349 2825 κατ’
1349 2707 1861 2846 ἐπιφάνειαν
1938 2689 2089 2780 τὰς

43 2975 547 3145 ἐθιμοτυπίας
634 2977 813 3121 ὅλας
899 2957 1022 3073 τῶν
1075 2956 1597 3080 Φαναριωτῶν
1652 2937 2020 3048 αἵτινες
2047 2924 2179 3019 ἦσαν

64 3206 636 3348 πολύπλοκοι.
650 3198 1093 3330 Ἠρέσκετο
1193 3210 1260 3287 ἡ
1300 3184 1575 3306 Μήτηρ
1606 3220 1748 3318 μας
1786 3187 1895 3257 νὰ
1929 3153 2079 3248 τὰς
