2203 3421
80 231 375 359 Πόσον
458 231 868 372 θλίβομαι
954 222 1137 342 διότι
1207 230 1480 342 οὐδέποτε
1540 246 1614 319 ἐν
1668 224 1799 336 ὅσῳ
1848 210 2005 350 ἔζη
2075 208 2136 279 ἡ

47 501 337 639 Μήτηρ
356 547 519 647 μας
604 481 825 618 διῆλθε
886 484 988 571 τοῦ
1012 471 1194 563 νοός
1215 495 1395 591 μου
1458 481 1564 554 νὰ
1571 433 1846 589 γράψω
1899 456 2011 539 τὰ
2036 441 2172 515 τοῦ

63 793 195 901 βίου
242 770 404 888 της.
455 749 613 873 Εἶχε
685 741 1055 847 τοσαύτην
1132 736 1552 863 εὐχέρειαν
1595 726 1698 825 τοῦ
1730 714 2102 866 διηγῆσθαι

46 1008 228 1099 ὥστε
314 995 543 1132 ἁπλῶς
617 1012 683 1148 ἂν
769 950 1195 1118 ἠκολούθει
1282 991 1340 1056 ἡ
1344 954 1651 1104 γραφίς
1699 994 1840 1095 μου
1885 935 2007 1027 τὰς
2051 918 2155 1007 ἐκ

44 1229 151 1335 τοῦ
185 1218 532 1375 στόματός
598 1224 716 1316 της
746 1210 1038 1351 ῥεούσας
1113 1185 1625 1358 ἀναμνήσεις
1690 1187 1792 1277 θὰ
1830 1156 2157 1259 ἠδύνατό

34 1471 113 1578 τις
169 1504 244 1573 ν’
272 1465 553 1596 ἀνεύρῃ
646 1478 716 1558 ἐν
787 1461 1036 1556 αὐταῖς
1122 1432 1582 1551 ὡραιοτάτας
1639 1408 1935 1546 σελίδας
1995 1390 2115 1480 τῆς

36 1714 391 1835 ἱστορίας
416 1761 636 1865 μας,
691 1707 880 1840 ἀλλὰ
946 1677 1111 1793 τότε
1147 1678 1454 1787 οὐδέποτε
1563 1647 1972 1793 ἐσκέφθην
2010 1666 2191 1778 τοιοῦτόν

23 1951 96 2064 τι
172 1980 342 2066 καὶ
362 1958 674 2125 μόνον
727 1959 1234 2097 εὐχαρίστως
1299 1937 1449 2066 τὴν
1519 1935 1814 2047 ἤκουον
1878 1941 2190 2094 διηγουμένην

31 2219 234 2316 ποτέ
242 2257 458 2364 μεν
508 2220 675 2322 τοῦτο
727 2215 822 2314 τὸ
886 2195 1213 2365 συμβάν,
1271 2180 1505 2295 ποτέ
1527 2180 1597 2272 δε
1666 2177 1940 2334 ἐκεῖνο,
1976 2208 2188 2297 χωρὶς

34 2462 204 2604 ὅμως
256 2493 343 2562 νὰ
418 2455 587 2553 δίδω
652 2453 775 2553 τὴν
877 2402 1504 2559 ἀπαιτουμένην
1594 2398 2063 2527 προσοχὴν
2090 2405 2192 2524 ὅπως

55 2691 650 2823 ἀποτυπωθῶσι
712 2697 913 2791 ταῦτα
973 2709 1063 2784 ἐν
1120 2694 1225 2826 τῇ
1232 2677 1605 2818 μνήμῃ
1640 2695 1798 2792 μου
1847 2653 2043 2724 καὶ

31 2962 283 3059 δυνηθῶ
342 2984 424 3053 ν’
462 2940 954 3088 ἀναπολήσω
1043 2968 1213 3076 τώρα
1271 2957 1506 3087 πλέον
1577 2970 1788 3106 εἰμὴ
1832 2944 2137 3089 ἀμυδρῶς

47 3219 164 3304 ὅσα
231 3200 385 3304 τότε
453 3202 694 3306 ἤκουα.
816 3152 980 3301 Ἦτο
1022 3220 1089 3297 ἡ
1128 3189 1406 3326 Μήτηρ
1436 3240 1563 3334 μου
1631 3226 1726 3298 ἡ
1748 3176 2013 3315 τρίτη
