2251 3443
278 132 603 224 παιδείαν
695 123 865 197 καὶ
912 119 1105 191 κατὰ
1145 107 1243 186 τὴν
1315 107 1728 222 εὐφράδειαν
1784 133 1926 187 καὶ
1920 107 2233 228 ῥητορικὴν

67 358 230 435 καὶ
289 340 398 433 τὴν
439 308 904 458 λεπτότητα
941 320 1037 418 τῆς
1094 336 1630 471 συμπεριφορᾶς,
1685 340 2148 446 προσέθηκε
2147 335 2233 399 δὲ

64 558 175 640 ὅτι
247 525 361 639 ἦτο
431 557 596 637 καὶ
667 539 960 665 πλούσιος
1032 552 1198 634 καὶ
1245 542 1352 684 τῇ
1406 539 1755 659 ἐδήλωσεν
1786 539 1896 624 ὅτι
1949 536 2210 622 διακαής

59 760 136 848 του
214 736 436 851 πόθος
498 731 644 848 ἦτο
705 782 802 846 νὰ
849 756 1188 876 ἔβλεπεν
1242 760 1457 846 αὐτὸν
1492 737 1790 916 Σύζυγόν
1843 732 1983 864 της,
2023 748 2169 864 ἀλλ’

73 955 161 1058 ἡ
164 949 456 1100 Μήτηρ
496 1005 687 1124 μας
773 959 1020 1089 ἔχουσα
1111 965 1553 1134 ἀτομικὴν
1641 946 2156 1097 ἐλευθερίαν

64 1171 291 1281 ἰδεῶν
364 1195 477 1280 δὲν
560 1189 1116 1338 συνεμορφοῦτο
1155 1218 1330 1360 μὲ
1387 1210 1505 1301 τὰς
1576 1203 1655 1299 ἐν
1690 1190 2226 1293 Κωνσταντινουπόλει

66 1401 697 1545 παραδεδεγμένας
755 1420 1132 1521 συνηθείας
1190 1413 1303 1524 τῆς
1389 1412 1729 1513 ὑπακοῆς
1776 1404 1896 1485 τῶν
1908 1375 2223 1477 νεανίδων

55 1624 145 1758 εἰς
202 1629 313 1715 τὰς
374 1614 811 1746 ἀποφάσεις
835 1628 965 1729 τῶν
1037 1616 1384 1720 οἰκείων
1431 1627 1558 1719 των
1608 1639 1693 1713 ὡς
1743 1621 1927 1720 πρὸς
1988 1591 2131 1678 τὰ

58 1821 458 1989 ζητήματα
547 1842 665 1937 τῶν
730 1835 1294 1934 συνοικεσίων
1366 1836 1511 1930 καὶ
1561 1826 1978 1922 ἀπήντησεν
1991 1825 2085 1942 εἰς
2111 1809 2212 1887 τὸν

73 2034 427 2174 Ἀδελφόν
465 2041 561 2152 της
642 2077 739 2155 νὰ
801 2035 1300 2212 ἐγκαταλείψῃ
1366 2057 1621 2148 πᾶσαν
1704 2033 1993 2187 σκέψιν
2043 2034 2204 2121 περὶ

49 2285 515 2416 Τρικούπη
564 2207 712 2309 διότι
543 2268 896 2400 δυνατὸν
995 2321 1080 2393 ὁ
1091 2305 1310 2445 φίλος
1361 2296 1461 2386 του
1510 2274 1673 2383 οὗτος
1714 2293 1813 2363 νὰ
1854 2263 1990 2380 ἔχῃ
2028 2253 2172 2332 ὅσα

69 2539 152 2673 τῷ
213 2520 566 2626 ἀποδίδει
666 2504 1190 2661 προτερήματα
1279 2522 1434 2641 ἀλλ’
1459 2510 1572 2597 ὅτι
1643 2491 1820 2595 ταῦτα
1889 2482 2124 2600 οὐδόλως
2142 2475 2230 2561 τὴν

84 2751 353 2896 ἕλκυον
454 2768 607 2845 καὶ
683 2759 803 2850 δὲν
873 2743 1183 2841 ἐννόει
1263 2769 1376 2844 νὰ
1417 2743 1786 2918 συζευχθῇ
1807 2742 1987 2827 ποτὲ
1993 2723 2185 2820 ἄνδρα

85 3014 194 3111 τὸν
240 3006 495 3103 ὁποῖον
555 3024 639 3097 νὰ
648 3015 826 3162 μὴ
881 3002 1317 3159 συμπαθήσῃ
1387 2998 1541 3095 πρὸ
1578 2976 1740 3069 τοῦ
1769 2961 2106 3112 Γάμου.

111 3259 498 3421 Παραδόξως
567 3255 738 3426 ὅμως
781 3263 1014 3410 μόλις
1072 3224 1549 3398 μακρόθεν
1607 3192 2173 3313 συνηντήθησαν
