2258 3443
55 160 147 265 τὶ
181 143 509 296 ἐπεθύμει
569 162 661 231 νὰ
706 126 844 247 ἔχῃ
888 139 956 212 ἐκ
1022 115 1139 206 τῆς
1183 105 1572 218 πατρικῆς
1637 80 1899 169 οἰκίας
1980 67 2185 146 καὶ

63 342 357 446 ἐκείνη
419 316 809 430 ἀπάντησε
883 302 1555 465 συγκεκινημένη
1575 286 1754 371 "Τὴν
1792 277 1886 356 ἐν
1935 259 2204 375 τῷ

61 521 433 643 κοιτῶνι
434 579 563 687 μου
647 512 974 618 εἰκόνα
1036 509 1141 601 τῆς
1216 483 1616 655 Παναγίας".
1646 478 1797 590 Ἡ
1814 461 2103 566 εἰκὼν
2107 433 2230 557 αὕτη

58 760 172 855 δὲν
245 736 373 835 ἦτο
459 722 671 876 ἔργον
718 711 965 825 τέχνης
1034 710 1211 778 καὶ
1278 692 1373 765 ἐν
1417 662 1660 755 τούτοις
1728 623 2178 743 οὐδέποτε

59 939 637 1135 ἐγκατελείφθη
646 937 906 1070 αὕτη
988 937 1187 1031 παρὰ
1273 898 1416 995 τῆς
1474 875 1852 984 Μητρός
1863 883 2020 978 μου
2081 848 2220 918 καὶ

51 1207 140 1278 εἰς
196 1176 303 1276 τὰ
323 1168 623 1325 μᾶλλον
679 1117 1360 1302 μεμακρισμένα
1398 1088 1790 1265 ταξείδια.
1830 1046 2091 1165 εἶναι
2135 1045 2226 1124 δὲ

49 1367 761 1576 ἀξιοσημείωτον
833 1353 960 1452 ὅτι
1037 1333 1296 1483 αἰχμὴ
1297 1315 1617 1479 λόγχης
1673 1269 2153 1418 Τουρκικῆς
2156 1286 2228 1384 τὴν

34 1628 534 1744 διετρύπησεν
637 1591 805 1722 ἐνῷ
838 1576 977 1686 τὴν
1041 1567 1410 1687 ἐκράτει
1470 1552 1547 1632 ἐν
1593 1524 1705 1653 τῇ
1743 1491 2115 1665 ἀγκάλῃ
2120 1488 2214 1599 της

56 1876 152 1947 ἡ
165 1830 499 1969 Μήτηρ
493 1868 676 1998 μας
756 1828 827 1911 ἐν
899 1795 1011 1935 τῇ
1066 1771 1398 1899 κρύπτῃ
1448 1747 1612 1887 της,
1628 1735 1809 1824 καὶ
1860 1713 1971 1806 οὕτω
2021 1686 2233 1832 διέφυγε

46 2087 161 2199 τὴν
216 2073 571 2196 ἐκδορὰν
635 2068 872 2197 αὕτη,
936 2042 1044 2137 ἣν
1117 1999 1452 2119 ὑπέστη
1524 1998 1637 2078 ἡ
1662 1939 2007 2059 εἰκών.

1003 2222 1306 2340 Μένει
1363 2220 1470 2309 δὲ
1499 2224 1612 2293 ἡ
1632 2170 1871 2272 εἰκὼν
1902 2152 2065 2289 μὲ
2096 2152 2176 2219 τὰ

59 2482 666 2657 ἀποτελέσματα
738 2479 844 2575 τῆς
865 2476 1199 2618 λόγχης
1275 2439 1548 2557 χωρὶς
1612 2426 1834 2510 ποτὲ
1854 2396 2156 2515 χρωστὴρ

71 2738 182 2804 νὰ
232 2665 733 2804 ἐπιδιορθώσῃ
774 2673 1074 2763 ταῦτα.
1082 2651 1279 2755 Περὶ
1335 2638 1409 2731 τὸ
1422 2607 2015 2772 μεσονύκτιον
2066 2582 2169 2656 ἡ

71 2885 666 3028 προωρισμένη
725 2878 887 2980 πρὸς
928 2842 1414 3001 μεταφορὰν
1413 2841 1723 2971 λέμβος
1773 2783 2142 2900 εἰσῆλθεν
2151 2798 2215 2872 εἰς

59 3115 156 3198 τὸ
181 3085 311 3185 ὑπὸ
368 3088 498 3178 τὴν
551 3081 888 3172 οἰκίαν
946 3046 1218 3155 Leaves
1297 3015 1778 3156 ὑπόστεγον
1804 3000 1972 3075 καὶ
1988 2973 2238 3104 περιέμενεν

84 3258 366 3360 πλησίον
407 3245 511 3329 τῶν
567 3255 646 3322 ἐν
701 3235 798 3342 τῇ
829 3208 1272 3354 θαλάσσῃ
1310 3204 1775 3338 βαθμίδων.
1804 3168 1908 3282 Ἡ
1908 3168 2072 3359 νύξ
2107 3157 2199 3255 ἦτο
