2252 3443
46 103 416 248 ὑποδοχὴν
470 110 586 228 τῆς
663 100 1187 273 οἰκογενείας
1243 106 1340 209 τοῦ
1361 103 1992 217 Μαυροκορδάτου
2023 137 2157 207 καὶ

51 356 586 470 συνώδευσαν
648 350 862 444 αὐτὴν
925 357 1029 433 εἰς
1088 329 1227 424 τὴν
1279 317 1605 421 οἰκίαν
1637 320 1763 414 του.
1788 318 2104 471 Μεταξὺ
2093 337 2194 408 τοῦ

49 603 306 747 πλήθους
398 559 528 679 ἦτο
617 563 832 658 καὶ
880 577 945 645 ὁ
1007 529 1253 671 Πατήρ
1258 582 1443 694 μας
1519 522 1734 622 ὅστις
1788 517 2108 639 ἀπέφυγε
2121 541 2208 602 νὰ

44 798 458 963 πλησιάσῃ
533 779 645 880 τὰς
709 787 993 885 Κυρίας
1076 767 1273 866 διότι
1333 781 1399 854 ὁ
1444 696 2151 858 Μαυροκορδάτος

28 1035 123 1201 τοῦ
169 1016 310 1157 εἶχε
410 975 853 1123 προτείνει
909 970 1163 1121 γάμον
1190 957 1519 1112 μεταξὺ
1572 947 1780 1039 αὐτοῦ
1785 947 1928 1023 καὶ
1970 928 2094 1016 τῆς

33 1271 392 1425 Ἀδελφῆς
449 1263 524 1380 του
590 1218 1138 1364 Αἰκατερίνης
1176 1192 1469 1376 λέγων
1525 1177 1628 1271 ὅτι
1696 1142 1817 1245 ἦτο
1808 1128 2179 1296 μοναδικῆς

32 1518 451 1674 καλλονῆς,
530 1467 841 1628 εὐφυΐας
932 1518 1103 1569 καὶ
1196 1440 1655 1584 καλοσύνης,
1700 1403 1855 1548 ἀλλ’
1846 1389 1926 1511 ὁ
1945 1375 2155 1520 Πατήρ

17 1837 160 1935 μας
244 1763 684 1874 ἀπέκρουσε
811 1708 1309 1847 διαρρήδην
1368 1687 1501 1788 τὴν
1574 1635 2100 1760 τοιαύτην

45 2015 453 2157 πρότασιν
517 1959 789 2077 εἰπὼν
860 1941 1000 2048 ὅτι
1090 1918 1252 2032 οὗτος
1298 1908 1587 2070 μόνον
1648 1893 1755 1972 εἰς
1767 1827 2060 2025 γάμον
2108 1822 2209 1917 θὰ

53 2219 344 2366 ἤρχετο
465 2202 548 2296 ἄν
629 2178 839 2266 ποτε
937 2157 1387 2312 ἐλάμβανεν
1446 2110 1830 2258 αἴσθημα
1901 2071 2199 2214 ἰσχυρὸν

67 2456 245 2585 πρὸς
349 2439 545 2543 νέαν
612 2403 847 2516 τινά.
916 2388 1126 2483 Καὶ
1174 2375 1287 2450 εἰς
1369 2337 1532 2428 τὴν
1588 2294 1967 2435 Ἀδελφήν
2013 2273 2121 2366 του
2135 2281 2187 2349 ὁ

46 2645 756 2819 Μαυροκορδάτος
841 2636 1003 2754 εἶχε
1082 2615 1388 2765 γράψει
1453 2605 1607 2721 πρὸ
1643 2579 1975 2703 χρόνων
2009 2546 2128 2633 ὅτι

56 2925 190 3048 εἶχε
263 2918 496 3060 φίλον
579 2898 803 2992 νέον
861 2883 1059 2978 τινὰ
1135 2843 1599 2987 καλούμενον
1646 2791 2189 2933 Τρικούπην

56 3186 229 3283 ὅστις
315 3166 434 3261 ἦτο
539 3149 693 3272 πολὺ
744 3118 1139 3247 ἀνώτερός
1189 3123 1293 3217 του
1358 3115 1523 3197 καὶ
1590 3097 1803 3181 κατὰ
1853 3067 2022 3157 τὴν
