2275 3443
85 224 179 340 Εἷς
255 233 364 368 δέ,
417 202 662 338 οὗτινος
763 233 862 339 τὸ
903 249 1217 378 βιβλίον
1304 222 1703 356 ἐθεωρήθη
1772 234 2170 366 σπουδαῖον,
2184 241 2254 324 ἐν

45 496 390 649 Ἀγγλία,
444 521 657 672 ἔλεγε
728 514 911 622 περὶ
992 501 1100 613 τῆς
1172 483 1555 614 Μητρός
1560 518 1779 671 μας
1850 462 1957 567 ὅτι
1997 464 2252 652 "ἐξὅλων

74 757 266 861 ὅσων
324 738 479 841 εἶδε
552 752 959 884 καλλονῶν
1007 747 1097 843 ἐν
1144 726 1443 882 Ἑλλάδι
1482 758 1541 826 ἡ
1590 702 2043 830 ὡραιοτέρα
2064 692 2243 819 κατὰ

76 977 327 1103 πολὺ
403 945 526 1054 ἦτο
622 973 697 1047 ἡ
729 952 1033 1146 Σύζυγος
1097 978 1207 1081 τοῦ
1261 969 1776 1116 Τρικούπη
1829 955 1995 1041 καὶ
1990 927 2236 1076 Ἀδελφὴ

55 1192 163 1292 τοῦ
193 1172 855 1303 Μαυροκορδάτου".
923 1186 1074 1279 Ἐπὶ
1142 1191 1581 1314 Κυβερνήτου
1651 1205 1704 1275 ὁ
1742 1164 2233 1286 Καποδίστριας

57 1403 450 1563 ἐσύχναζεν
536 1435 634 1521 εἰς
696 1416 823 1506 τὴν
907 1407 1218 1499 οἰκίαν
1270 1392 1388 1512 της
1458 1427 1597 1495 καὶ
1596 1401 1983 1586 ἐξήρχετο
2023 1422 2242 1568 πολλάκις

69 1673 208 1750 καὶ
260 1664 356 1746 εἰς
420 1650 866 1771 περίπατον
877 1655 1131 1814 μετ’
1122 1647 1357 1783 αὐτῆς,
1406 1653 1542 1763 τὴν
1616 1631 2201 1761 συνεβούλευε
2204 1648 2248 1742 δὲ

67 1938 153 2012 νὰ
203 1897 575 2055 καταγίνει
656 1907 761 2050 εἰς
835 1879 940 1983 τὴν
1024 1851 1416 2032 Γαλλικὴν
1455 1885 1674 1980 διότι
1730 1863 2011 1971 ἕνεκεν
2070 1864 2205 1963 τῆς

71 2154 314 2260 θέσεως
407 2179 552 2261 καὶ
622 2156 738 2262 τῆς
817 2149 1221 2285 ὑπεροχῆς
1280 2140 1399 2255 τοῦ
1433 2123 1767 2319 Συζύγου
1805 2133 1929 2246 της
1996 2123 2129 2224 ἦτο

80 2379 538 2513 καταφανὲς
621 2377 730 2470 ὅτι
821 2367 944 2463 θὰ
940 2372 1498 2536 μετέβαινεν
1539 2387 1651 2530 εἰς
1706 2368 1840 2469 τὰς
1891 2355 2172 2486 Αὐλὰς

97 2631 200 2727 τῆς
267 2593 600 2718 Εὐρώπης
696 2603 852 2678 καὶ
919 2570 1052 2675 θὰ
1097 2591 1188 2720 τῇ
1249 2574 1389 2684 ἦτο
1474 2599 1969 2714 δυσάρεστον
2036 2612 2143 2687 νὰ

103 2851 536 2980 καθυστερῇ
598 2840 814 2933 κατὰ
873 2836 1091 2947 τοῦτο.
1170 2805 1347 2951 Οὗτος
1406 2857 1515 2941 δὲ
1553 2857 1837 3008 ἐπέμενε
1892 2881 1991 2957 νὰ
2026 2851 2193 2966 δίδῃ

106 3079 271 3159 καὶ
333 3064 1029 3195 συναναστροφὰς
1118 3072 1215 3164 ἂν
1280 3078 1438 3161 καὶ
1505 3083 1556 3158 ὁ
1605 3081 1676 3161 ἐν
1711 3071 2002 3229 Αἰγίνῃ
2040 3071 2225 3174 οἶκος
2202 3138 2243 3217 της

100 3290 191 3375 δὲν
278 3274 385 3382 ἦτο
475 3284 1009 3414 κατάλληλος
1095 3297 1295 3409 πρὸς
1349 3281 1675 3388 τοιαύτας
1760 3251 2157 3388 ὑποδοχὰς
2155 3301 2240 3376 καὶ
