2278 3443
95 114 310 240 περί
356 112 472 235 τοῦ
537 99 1058 229 Ἐπαναστάτου
1076 129 1245 289 υἱοῦ
1283 112 1391 211 της
1447 84 1885 295 Ἀλεξάνδρου
1931 99 2250 249 ἐγνώριζεν.

87 339 246 472 Ἀλλὰ
289 348 472 453 πρὶν
535 316 853 463 ἀπέλθῃ
901 307 1015 420 τῆς
1082 307 1369 409 οἰκίας
1452 324 1527 395 ὁ
1536 279 1810 397 Leaves
1864 267 2238 389 κατέφθασεν

94 567 168 646 ἡ
187 534 439 660 Μήτηρ
531 541 670 644 ἥτις
676 548 929 707 μετὰ
993 507 1322 622 δακρύων
1402 483 1959 655 εὐγνωμοσύνης
1990 458 2249 628 ἐδιηγήθη

82 780 232 911 πῶς,
277 759 432 885 ἐνῷ
462 736 627 842 ἦσαν
680 732 781 850 τὰ
826 718 1039 826 πάντα
1135 702 1412 885 ἕτοιμα
1491 711 1663 812 ὅπως
1718 687 1891 795 διὰ
1916 693 2044 782 τῶν
2067 659 2268 762 συνήθων

84 938 439 1063 βασάνων
497 937 654 1058 δηλ:
725 929 856 1020 τῶν
923 906 1644 1062 πεπυρακτωμένων
1669 866 2089 1031 λαβίδων,
2126 894 2252 959 καὶ

80 1197 189 1298 τῶν
230 1188 825 1393 ἐξαγριωμένων
874 1158 1164 1308 Γαλῶν
1214 1158 1366 1258 τὴν
1423 1098 1952 1237 ἐκβιάσωσιν
2020 1093 2166 1177 εἰς

73 1443 576 1602 μαρτυρίαν,
636 1444 931 1569 Τοῦρκος
996 1413 1312 1580 γείτων
1369 1411 1555 1524 πρὸς
1605 1398 1711 1491 ὃν
1757 1356 2064 1491 τυχαίως
2113 1344 2197 1435 εἰς

79 1640 554 1791 περίστασίν
616 1653 775 1750 τινα
862 1634 1168 1784 ἐφάνη
1226 1596 1800 1768 εὐεργετική,
1884 1547 2261 1696 προσέδραμε

86 1885 254 1973 καὶ
311 1854 826 1958 διεβεβαίωσε
884 1833 995 1933 τὰς
1055 1831 1472 1973 Τουρκικὰς
1579 1801 1806 1931 ἀρχὰς
1858 1799 2004 1883 ὅτι
2050 1789 2154 1861 ἡ
2141 1767 2271 1849 ἐκεῖ

97 2053 700 2211 εὑρισκομένη
769 2048 1027 2147 Κυρία
1088 2043 1234 2118 δὲν
1309 2025 1452 2113 ἦτο
1547 2048 1614 2113 ἡ
1649 1992 1966 2111 Μήτηρ
2036 1963 2163 2065 τοῦ

90 2243 797 2399 Μαυροκορδάτου,
858 2239 1082 2339 διότι
1158 2201 1338 2327 οὗτος
1411 2214 1493 2302 ὡς
1519 2176 1821 2366 γείτων
1884 2137 2219 2318 ἐκείνης,

80 2478 455 2579 κατοικῶν
509 2449 1007 2570 παραπλεύρως
1061 2430 1351 2580 αὐτῆς,
1366 2414 1495 2510 τὴν
1553 2401 1914 2562 ἐγνώριζε
1958 2382 2178 2493 καλῶς

77 2703 239 2778 καὶ
306 2665 436 2756 ἦτο
514 2650 672 2775 ὅλως
752 2641 1102 2771 διάφορος
1176 2622 1275 2720 τῆς
1362 2615 1525 2703 ὑπὸ
1586 2561 2054 2755 ἐξέτασιν
2073 2547 2262 2714 Κυρίας,

334 2832 445 2949 οὕτω
532 2836 802 2937 ἐσώθη
869 2823 1061 2917 αὕτη
1146 2832 1251 2907 ἐκ
1312 2796 1672 2936 φοβερᾶς
1739 2765 2209 2889 δοκιμασίας

114 3075 262 3145 καὶ
334 3046 618 3138 βεβαίου
686 3017 1121 3121 θανάτου.
1170 2983 1502 3129 Ἡμέραι
1544 2994 1626 3063 ἐν
1674 2964 1939 3058 τούτοις
1976 2935 2263 3052 παρήρχοντο

105 3240 257 3319 καὶ
338 3239 389 3308 ὁ
446 3200 738 3350 εὐγενὴς
842 3197 1141 3331 Ἄγγλος
1199 3179 1469 3282 Ἱερεὺς
1515 3181 1712 3315 μεθ’
1738 3170 1869 3286 ὅλας
1918 3174 2027 3251 του
2068 3156 2169 3242 τὰς
