2252 3443
60 207 145 310 τὰ
180 219 534 379 βλέμματά
565 218 697 319 των
773 208 989 290 κατὰ
1046 192 1164 282 τὴν
1233 167 1425 286 ὥραν
1498 158 1616 261 τῆς
1663 146 2046 272 ὑποδοχῆς

55 458 459 626 ἐγεννήθη
528 446 1079 584 ἑκατέρωθεν
1131 439 1494 590 αἴσθημα
1573 396 2121 526 ἀκαριαῖον

50 702 481 837 διαρκέσαν
500 709 771 860 μέχρι
823 696 1080 827 τέλους
1160 670 1282 769 τῆς
1293 659 1569 839 ζωῆς
1608 644 1798 746 των.
1816 617 1966 723 Ἡ
1919 607 2204 734 ὡραιότης

43 959 140 1053 τῆς
211 920 563 1063 Μητρός
607 992 796 1092 μας
845 929 1215 1037 τοσαύτην
1305 894 1802 1007 ἐνεποίησεν
1843 852 2218 965 ἐντύπωσιν

44 1197 121 1280 ἐν
217 1172 568 1310 Ναυπλίῳ
648 1171 821 1268 ὥστε
916 1143 1468 1310 καθημερινῶς
1518 1135 1687 1225 καὶ
1724 1106 1859 1208 νέα
1885 1078 2216 1209 αὐτοσχέδια

45 1392 427 1545 ποιήματα
536 1387 925 1565 ἐψάλλοντο
1016 1413 1079 1495 ἐν
1152 1397 1325 1491 τοῖς
1399 1377 1599 1475 ὁδοῖς
1668 1386 1839 1487 περὶ
1889 1349 2159 1442 αὐτῆς.

56 1667 103 1758 Ὁ
153 1650 371 1802 Γάμος
436 1658 552 1753 τῶν
624 1635 910 1748 Γονέων
929 1696 1115 1801 μας
1188 1649 1319 1747 δὲν
1353 1622 1750 1753 ἐβράδυνε
1824 1638 1929 1713 νὰ
1921 1618 2172 1768 γίνῃ,

51 1875 226 2016 ἀλλὰ
277 1880 465 1994 πρὸς
526 1878 928 2022 ἀποφυγὴν
1015 1850 1633 2024 συγκεντρώσεως
1707 1853 1939 1939 κατὰ
1970 1840 2111 1929 τὴν

50 2123 332 2268 τέλεσιν
397 2123 498 2231 τοῦ
539 2135 979 2277 μυστηρίου
1049 2130 1155 2277 εἰς
1222 2097 1452 2223 οὐδένα
1565 2086 2013 2201 ἐποίησαν
1979 2091 2212 2242 λόγον

406 2264 538 2361 δηλ:
569 2266 650 2344 τῆς
681 2287 765 2358 7ης
788 2253 1084 2342 Ἰανουαρίου
1103 2254 1200 2341 τοῦ
1210 2263 1410 2351 1826,
1453 2259 1534 2340 τοῦ
1529 2229 1689 2370 Ἁγίου
1729 2232 1950 2313 Ἰωάννου

76 2382 237 2484 περὶ
290 2363 392 2456 τῆς
460 2343 1127 2467 ἀποφασισθείσης
1212 2375 1560 2483 ἡμέρας
1638 2336 1819 2420 καὶ
1877 2304 2046 2425 ἐνῷ

60 2585 582 2750 ἐσυνεδρίαζεν
660 2600 732 2683 ἡ
760 2584 1239 2720 Κυβέρνησις
1304 2586 1372 2664 ὁ
1413 2564 1679 2682 Πατήρ
1699 2592 1899 2699 μας
1920 2526 2209 2638 ἀπεσύρθη

68 2803 341 2954 ἡσύχως
415 2819 650 2955 αὐτῆς,
676 2832 923 2968 μετὰ
960 2809 1383 2936 βραχύτατον
1439 2827 1719 2930 χρόνον
1745 2810 1842 2910 τὸν
1878 2776 2221 2919 ἠκολούθησεν

71 3072 118 3148 ὁ
147 3056 329 3154 θεῖός
339 3094 547 3199 μας.
722 3029 1490 3167 Παρατηρήσαντα
1526 3051 1628 3148 τὰ
1660 3050 1811 3180 ἄλλα
1837 3004 2128 3167 μέλη
2133 3026 2228 3109 τὴν

66 3271 351 3374 ἀπουσίαν
401 3275 529 3374 των
594 3277 867 3401 ταύτην,
911 3222 1444 3367 ὑποπτεύθησαν
1513 3271 1627 3351 ὅτι
1685 3258 1993 3373 τελεῖται
2018 3270 2091 3343 ὁ
2078 3232 2227 3409 Γάμος
