2275 3443
223 116 402 185 καὶ
463 123 855 210 ἔσπευσαν
882 162 993 291 εἰς
1073 145 1195 242 τὴν
1242 118 1748 304 ἐκκλησίαν
1769 165 1891 262 ὅπου
1920 161 2248 325 πράγματι

77 320 528 457 εὑρέθησαν
600 362 757 463 πρὸ
827 353 942 448 τοῦ
966 351 1167 478 τέλους
1233 366 1356 463 τῆς
1426 364 2006 525 ἱεροτελεστίας
2067 405 2198 481 καὶ

68 549 585 663 συνώδευσαν
638 583 756 682 τοὺς
827 598 1251 749 νεονύμφους
1297 643 1393 722 εἰς
1458 620 1585 716 τὴν
1665 593 1954 697 οἰκίαν
1983 579 2189 679 των.

40 758 142 883 Ἐκ
193 793 305 888 τῆς
365 808 565 912 ὥρας
629 796 986 917 ἐκείνης
1048 810 1406 959 ἤρχισεν
1455 822 1582 922 διὰ
1629 818 1744 907 τὴν
1811 789 2162 913 Μητέρα
2113 846 2228 940 μας

62 1047 153 1122 ἡ
183 1027 668 1113 κοινωνική
693 1023 803 1115 της
854 1015 1125 1160 δρᾶσις,
1183 1029 1370 1133 διότι
1412 1053 1471 1128 ὁ
1517 1021 1786 1127 οἶκος
1813 1010 1928 1121 τοῦ
1954 1002 2218 1128 Πατρός

43 1310 211 1409 μας
278 1253 640 1379 ἀπετέλεσε
722 1267 1070 1372 κέντρον
1141 1241 1354 1355 εὐθὺς
1384 1261 1506 1421 ἐξ
1564 1246 1796 1388 ἀρχῆς
1846 1230 2237 1370 καθημερινῶν

68 1476 642 1602 συναθροίσεων
711 1497 1097 1624 πολιτικῶν
1157 1487 1391 1622 φίλων,
1434 1495 1740 1597 Κυριῶν,
1792 1485 1947 1559 καὶ
1980 1456 2225 1588 ἄλλων,

79 1717 241 1804 ὥστε
319 1725 405 1812 ἐκ
481 1714 583 1810 τῆς
667 1704 1220 1868 ἐρημητικῆς
1254 1719 1461 1896 ζωῆς
1516 1697 1626 1809 τοῦ
1671 1630 2224 1815 Ἀρναουτκοΐ

70 1923 365 2058 εὑρέθη
440 1971 501 2037 ἡ
553 1912 880 2061 Μήτηρ
908 1978 1093 2092 μας,
1098 1938 1371 2092 μετὰ
1414 1921 1555 2020 τὸν
1567 1910 1904 2083 γάμον
1951 1880 2120 1990 της,

79 2163 675 2337 ἠναγκασμένη
760 2194 872 2275 νὰ
919 2141 1499 2288 περιποιῆται
1565 2131 1757 2280 ὅλον
1807 2108 1914 2202 τὸν
1986 2089 2171 2185 τοῦ

68 2422 424 2563 Ναυπλίου
520 2422 992 2592 πληθυσμὸν
1068 2409 1179 2515 τὸν
1253 2366 1937 2534 προσερχόμενον
1991 2346 2196 2441 πρὸς

67 2696 310 2819 αὐτήν,
379 2699 554 2785 καὶ
604 2702 711 2782 νὰ
776 2654 1222 2797 ὑποδέχεται
1293 2644 1411 2747 τοὺς
1474 2627 1743 2738 πάντας
1812 2590 2235 2744 προσηνῶς

76 2927 252 3014 εἴτε
314 2896 505 3010 ἦσαν
572 2938 677 3066 εἰς
757 2914 996 3016 αὐτὴν
1028 2921 1429 3083 γνωστοί,
1505 2917 1667 3012 εἴτε
1743 2890 2181 3061 ἄγνωστοι.

90 3177 267 3284 Καὶ
269 3147 569 3351 ξένοι
648 3158 1184 3331 περιηγηταὶ
1252 3140 1377 3255 τὴν
1443 3143 2178 3245 ἐπεσκέπτοντο.
