2256 3443
74 81 579 243 προσπαθείας
647 94 762 189 δὲν
812 76 1065 173 ἠδύνατο
1142 94 1243 171 νὰ
1286 77 1565 193 ἐπιτύχῃ
1636 87 1801 178 πρὸς
1859 59 2166 182 ἀπόπλουν

76 261 309 412 πλοῖον
373 248 605 362 οὕτινος
674 269 734 350 ὁ
778 243 1163 386 Πλοίαρχος
1172 282 1245 341 νὰ
1232 212 1773 400 συγκατετίθετο
1823 250 1920 322 νὰ
1924 200 2214 346 προσλάβῃ

84 453 551 610 πρόσφυγας.
591 467 725 545 Οἱ
771 431 1015 539 πάντες
1084 429 1414 554 διετέλουν
1463 416 1606 506 ὑπὸ
1645 395 1738 497 τὸ
1800 399 2067 514 κράτος
2079 387 2217 516 φόβου

114 659 218 770 τῆς
268 651 374 745 τῶν
420 640 877 775 Τουρκικῶν
940 629 1216 769 Ἀρχῶν
1290 599 1615 755 ἐρεύνης
1678 599 1821 694 ἥτις
1881 565 2015 667 ἦτο
2065 567 2153 642 εἰς

71 873 332 998 ἄκρον
404 815 821 953 αὐστηρά.
863 831 942 907 Ὁ
959 820 1070 903 δὲ
1111 782 1441 893 συνήθης
1496 765 1770 891 τρόπος
1835 746 1950 844 τῆς
1990 715 2217 843 ἐρεύνης

67 1079 220 1196 πρὸς
281 1047 803 1220 ἀποκάλυψιν
877 1015 1245 1124 ἐπιβατῶν
1338 1007 1437 1086 εἰς
1492 980 1619 1071 τὰ
1634 918 2086 1043 σιτοφόρα
2090 869 2206 984 ἦτο

66 1321 176 1395 ἡ
181 1277 320 1390 διὰ
394 1253 869 1454 βυθιζομένων
866 1231 1216 1408 λογχῶν
1277 1206 1494 1314 ἐντὸς
1560 1174 1706 1279 τῶν
1736 1115 2113 1299 φορτίων
2147 1105 2215 1195 τοῦ

85 1537 290 1667 πλοίου
357 1532 494 1621 ὅπου
523 1503 808 1663 μόνον
873 1488 1005 1574 ἦτο
1084 1427 1401 1564 δυνατὸν
1478 1424 1582 1511 νὰ
1636 1376 2058 1506 κρυβῶσιν
2096 1348 2213 1432 οἱ

83 1748 585 1885 ἀναχωροῦντες
669 1678 1210 1856 χριστιανοί,
1253 1678 1425 1765 καὶ
1482 1646 1614 1742 διὰ
1653 1625 1768 1720 τοῦ
1758 1604 2003 1757 μέσου
2043 1574 2221 1674 τούτου

84 2042 198 2109 ἡ
216 1986 635 2145 ἀποκάλυψις
722 1968 857 2070 ἦτο
929 1951 1314 2080 εὐχερής.
1385 1934 1520 2024 Ἐπὶ
1589 1917 1781 2040 τέλους
1863 1831 2142 1991 πρωΐαν
2151 1841 2222 1996 τινα,

60 2268 150 2359 ὁ
135 2246 368 2358 Leaves
459 2235 905 2344 περιχαρὴς
986 2188 1433 2344 ἀνήγγειλεν
1495 2157 1645 2247 ὅτι
1680 2128 1763 2224 τὸ
1805 2073 2216 2220 ποθούμενον

54 2456 485 2636 ἐπετεύχθη,
556 2474 716 2561 καὶ
717 2472 781 2548 ὅτι
787 2450 921 2549 τὴν
972 2409 1235 2542 νύκτα
1297 2425 1408 2515 θὰ
1454 2390 2077 2544 παρελάμβανε
2101 2367 2197 2457 τὰς

67 2709 603 2867 φιλοξενουμένας
674 2689 795 2825 του,
855 2686 1042 2772 καὶ
1109 2662 1236 2762 τὴν
1298 2639 1698 2754 Μητέρα
1735 2632 1876 2720 των
1940 2591 2050 2700 ἣν
2104 2593 2220 2676 θὰ

74 2915 412 3027 ἔσπευδε
492 2923 594 2995 νὰ
647 2913 905 3033 φέρῃ
996 2868 1376 3013 πλησίον
1430 2859 1581 2956 των
1646 2856 1822 2928 καὶ
1867 2831 1981 2917 διὰ
1978 2835 2212 2966 λέμβου

71 3123 176 3224 τῆς
249 3092 805 3271 ἐμπιστοσύνης
869 3095 945 3188 του
1005 3105 1099 3185 θὰ
1145 3080 1550 3227 ἐπιβίβαζεν
1630 3078 1766 3165 ἐπὶ
1802 3062 2215 3170 ἀναχωροῦντος

77 3294 361 3397 αὐθωρεὶ
418 3288 633 3404 πλοίου
678 3279 799 3366 δι’
822 3269 1102 3392 Ἑλλάδα.
1144 3277 1466 3376 ἠρώτησε
1497 3271 1609 3357 δὲ
1637 3266 1772 3353 τὴν
1805 3236 2114 3360 Μητέρα
2073 3285 2214 3386 μας
