2274 3443
182 102 551 275 ἀσέληνος,
601 124 1027 232 ἐπεκράτει
1109 107 1221 208 δὲ
1252 129 1589 270 νηνεμία
1639 112 1843 220 ἄκρα
1884 112 1993 202 ὅτε
2066 112 2155 191 ἐν

65 402 287 561 σιγῇ
340 402 521 482 καὶ
611 332 1030 542 ἀγωνιώδει
1090 341 1312 485 φόβῳ
1366 363 1505 435 αἱ
1506 290 2172 452 καταδιωκόμεναι

46 631 470 761 ἐπέβησαν
557 614 680 723 τῆς
677 618 1000 767 λέμβου
1069 576 1227 682 ἥτις
1304 561 1575 677 ἀπῆρε
1654 543 2182 693 πορευομένη

48 880 225 1005 πρὸς
299 853 389 965 τὸ
452 854 712 1001 πλοῖον,
778 852 897 949 τοῦ
950 844 1226 961 διάπλου
1314 787 1893 959 παρουσιάζοντος
1894 745 2180 939 μεγάλους

54 1108 456 1275 κινδύνους,
509 1102 735 1199 διότι
835 1081 963 1170 αἱ
1046 1051 1255 1155 καθ’
1270 1037 1449 1136 ὁδόν
1522 992 2028 1112 συναντήσεις
2065 991 2198 1088 ἦσαν

53 1379 568 1502 ἀδιάκοποι
654 1356 838 1446 καὶ
903 1316 1228 1449 συνεχεῖς,
1320 1304 1472 1393 οἱ
1483 1226 2159 1380 διασταυρούμενοι

32 1638 359 1806 μεταξὺ
405 1631 521 1714 τοῦ
520 1593 934 1758 λεμβούχου
1018 1564 1204 1643 καὶ
1261 1532 1407 1621 τῶν
1471 1444 2009 1650 πληρωμάτων
2065 1432 2191 1516 τῶν

73 1886 316 2024 ἄλλων
344 1862 678 2012 λέμβων
766 1780 1216 1955 διάλογοι.
1268 1779 1345 1848 ἡ
1385 1714 1776 1860 διδομένη
1851 1683 2085 1830 ὅμως

59 2118 397 2243 διαρκῶς
506 2095 1090 2245 πληροφορία
1158 2052 1306 2162 ὅτι
1378 2041 1491 2118 ἡ
1459 1999 1784 2150 λέμβος
1834 1942 2180 2063 ἀνῆκεν

63 2406 157 2488 εἰς
239 2356 688 2504 Πρεσβείαν
791 2314 1374 2482 ἀπεμάκρυνε
1471 2287 1736 2390 πᾶσαν
1786 2208 2213 2358 ἐπισκόπησιν.

49 2615 320 2753 Μετὰ
372 2618 499 2723 τὴν
578 2599 725 2697 ἐπὶ
775 2577 881 2677 τοῦ
941 2571 1176 2714 πλοίου
1258 2555 1470 2646 ἄνευ
1539 2466 2127 2608 ἀπευκταίου

61 2866 662 3012 ἀποτελέσματος
772 2846 1115 2969 ἔρευναν
1178 2811 1312 2912 τῶν
1369 2770 1823 2908 Τουρκικῶν
1863 2731 2162 2847 Ἀρχῶν

64 3104 482 3235 ἀνεχώρησε
554 3091 712 3184 τοῦτο
802 3080 934 3156 εἰς
1011 3043 1472 3168 Ναύπλιον
1535 3043 1685 3133 ὅπου
1729 3030 1947 3108 κατὰ
1994 3006 2143 3092 τὴν

85 3308 379 3434 ἄφιξίν
447 3307 539 3399 του
627 3290 1095 3411 συνέρευσεν
1159 3314 1274 3395 ἡ
1292 3303 1520 3413 πόλις
1591 3277 1739 3397 ὅλη
1773 3266 2034 3368 πρὸς
