2229 3408
36 108 793 273 Louis-Philippe
874 104 1043 190 καὶ
1085 88 1206 183 τῶν
1259 64 1530 168 Γονέων
1537 111 1718 226 μας
1765 80 2015 182 ἕνεκεν
2081 94 2183 181 τῶν

52 339 464 466 ἑσπερινῶν
510 298 759 436 τούτων
802 339 873 424 ἐν
939 311 1082 417 τοῖς
1158 288 1670 430 Ἀνακτόροις
1721 275 2194 410 συναντήσεων,

38 543 203 654 ὥστε
271 555 435 637 καὶ
516 534 738 619 κατὰ
786 511 912 604 τὴν
988 506 1409 637 τελευταίαν
1463 460 1929 586 δωδεκαετὴ
1947 452 2200 605 πρεσβευτικὴν

34 763 385 936 διαμονὴν
432 763 545 861 τῶν
585 762 861 864 Γονέων
874 796 1053 896 μας
1126 742 1210 822 ἐν
1254 706 1542 855 Ἀγγλίᾳ
1608 691 1718 787 οἱ
1744 665 2121 832 ἐξόριστοι

46 1005 547 1164 Πρίγκηπες
626 967 1117 1132 ἐσύχναζον
1188 966 1305 1047 εἰς
1376 930 1524 1036 τὴν
1574 847 2135 1044 Ἐλληνικὴν

66 1227 559 1384 Πρεσβείαν
635 1248 819 1323 καὶ
868 1231 940 1335 ὁ
992 1163 1179 1365 Δούξ
1237 1201 1369 1302 d’
1368 1176 1800 1302 Aumale
1828 1141 2133 1259 ἔστελλε

42 1454 682 1606 προσκλήσεις
775 1445 1162 1552 ἀπαύστως
1221 1444 1336 1528 εἰς
1404 1407 1536 1511 τὴν
1573 1393 1923 1550 πλησίον
1966 1377 2103 1468 τοῦ
2077 1388 2208 1532 Λονδίνου

41 1674 334 1806 ὡραίαν
424 1654 772 1794 ἔπαυλίν
789 1653 873 1745 του
943 1645 1113 1790 ὅπου,
1158 1650 1359 1735 κατ’
1397 1634 1578 1736 ἔτος
1632 1644 1742 1718 εἰς
1784 1585 2203 1739 ὡρισμένην

69 1882 430 2042 ἡμέραν
483 1864 829 1993 ἤρχοντο
908 1792 1433 1961 πανταχόθεν
1494 1832 1593 1922 τὰ
1578 1835 1833 1978 μέλη
1886 1807 2098 1912 τῆς

47 2071 561 2257 οἰκογενείας
644 2079 963 2197 Orléans
1046 2054 1213 2160 ὅπως
1251 2034 1619 2181 λάβωσιν
1621 2042 1901 2155 μέρος
1937 2012 2041 2093 εἰς
2080 1996 2199 2076 τὴν

47 2349 133 2439 ἐν
197 2332 298 2459 τῷ
359 2316 577 2428 κήπῳ
651 2280 731 2372 του
733 2267 1080 2421 Foire
1133 2266 1300 2362 ἥτις
1364 2246 1619 2349 ἐδίδετο
1695 2263 1782 2337 εἰς
1808 2225 2210 2385 ἀνάμνησιν

54 2538 167 2651 τῶν
223 2522 472 2629 Foires
544 2526 665 2616 τοῦ
679 2486 815 2604 St.
796 2496 1111 2635 Cloud.
1158 2452 1220 2562 Ὁ
1251 2444 1422 2653 δούξ
1474 2453 1588 2542 d’
1592 2441 1997 2542 Aumale
2040 2388 2161 2488 ἦτο

60 2761 140 2843 ὁ
149 2741 427 2903 μόνος
529 2712 880 2849 πλούσιος
960 2673 1081 2784 τῆς
1164 2636 1851 2820 οἰκογενείας.
1868 2633 2080 2717 Κατὰ
2088 2623 2186 2702 τὸν

52 2945 399 3050 θάνατον
410 2945 471 3024 δὲ
460 2928 570 3038 τῆς
632 2943 1058 3038 δουκίσσης
1127 2935 1244 3027 d’
1261 2920 1585 3016 Orléans
1639 2911 1755 2994 ὁ
1688 2889 1985 3040 μόνος
1999 2885 2208 2995 κληθεὶς

86 3152 401 3263 Πρέσβυς
460 3151 548 3261 εἰς
620 3133 735 3220 τὴν
811 3096 1183 3206 κηδείαν
1231 3080 1368 3187 ἦτο
1424 3109 1478 3181 ὁ
1517 3081 1741 3209 Πατήρ
1734 3143 1927 3238 μας,
1958 3116 2103 3178 καὶ
2120 3115 2190 3187 ἡ
2121 3156 2213 3251 μόνη

117 3297 645 3401 διπλωματικὴ
717 3280 907 3399 ἅμαξα
991 3298 1061 3366 ἡ
1084 3268 1766 3379 παρακολουθήσασα
1809 3266 1966 3338 κατὰ
1987 3242 2207 3375 διαταγὴν
