2217 3419
46 159 139 243 εἰς
226 144 338 239 τὴν
396 144 893 279 Βασιλικὴν
927 129 1280 255 Αἴθουσαν
1330 140 1501 262 εὗρε
1569 151 1691 246 τὴν
1726 124 2168 254 Βασίλισσαν

25 381 466 531 καθημένην
527 387 625 467 εἰς
672 368 786 474 τὸ
803 382 1024 466 βάθος
1069 363 1298 503 αὐτῆς,
1318 342 1724 499 πλησίον
1773 301 2166 467 στρογγύλης

23 589 353 743 μεγάλης
408 575 771 749 τραπέζης,
756 575 1116 699 ἔχουσαν
1130 553 1354 711 πέριξ
1407 506 1629 628 της
1657 523 1749 623 τὰς
1792 506 2179 678 Πριγκηπίσσας

25 818 186 958 ὅλας
259 794 637 933 κρατούσας
705 748 1032 878 ἑκάστης
1094 769 1252 862 ἀνὰ
1291 745 1571 892 χεῖρας
1624 706 2080 921 ἐργόχειρόν
2087 723 2157 796 τι

26 1056 192 1142 ὅπως
249 1047 418 1132 καὶ
473 1000 694 1111 αὐτὴ
714 988 959 1094 αὕτη
1020 997 1151 1070 ἡ
1143 948 1709 1090 Βασίλισσα
1748 929 2018 1054 ἔφερον
2036 901 2154 995 δὲ

15 1245 308 1351 ἅπασαι
373 1182 880 1371 ἁπλουστάτην
950 1153 1414 1296 περιβολήν.
1445 1136 1620 1269 Ὅλαι
1680 1087 2154 1275 ἠγέρθησαν

22 1472 169 1622 ἅμα
246 1442 348 1581 τῇ
389 1409 828 1586 ἐμφανίσει
879 1395 997 1487 τῆς
1052 1346 1396 1473 Μητρός
1403 1374 1621 1503 μας,
1670 1300 1908 1421 ἐκτὸς
1915 1271 2182 1428 μόνον

26 1684 122 1788 τῆς
167 1640 436 1787 Α.Μ.
475 1645 638 1751 ἥτις
714 1629 996 1785 ἔμεινε
1062 1570 1487 1718 καθημένη
1552 1539 1705 1633 καὶ
1759 1509 1928 1608 ἥτις
1915 1481 2189 1634 μειδιάσασα

18 1891 110 2046 τῇ
151 1891 377 1984 ἔνευσε
453 1854 570 1962 διὰ
654 1851 959 1978 κλίσεως
1026 1808 1134 1906 τῆς
1205 1750 1581 1930 κεφαλῆς,
1622 1764 1769 1851 διὰ
1798 1740 1907 1834 τοῦ
1911 1708 2193 1887 βλέμματος

36 2124 178 2207 καὶ
242 2093 350 2195 τῆς
398 2058 697 2213 χειρὸς
761 2064 882 2162 νὰ
898 2034 1153 2182 λάβη
1212 2013 1457 2115 θέσιν
1518 1960 2105 2098 παραπλεύρως

5 2338 190 2486 της,
205 2327 381 2419 καὶ
439 2280 1010 2403 ἀσπασθεῖσα
1073 2260 1309 2356 αὐτὴν
1388 2190 2047 2333 ἐπαρουσίασεν
2048 2173 2181 2271 εὐθὺς

31 2580 243 2663 κατὰ
296 2549 601 2667 πρῶτον
655 2514 784 2617 τὴν
837 2501 1220 2667 Νύμφην
1266 2477 1385 2584 της
1432 2452 1965 2582 Δούκισσαν
1995 2413 2134 2522 τοῦ

46 2758 359 2874 Orléans
451 2768 620 2847 καὶ
640 2743 885 2897 μετ’
912 2725 1149 2822 αὐτὴν
1240 2691 1734 2854 ὀνομαστὶ
1763 2656 1882 2762 τὰς
1928 2644 2189 2792 θυγατέρας

46 2962 138 3065 της
192 2970 335 3057 καὶ
402 2940 699 3059 ἤρχισε
754 2964 859 3044 νὰ
897 2926 1161 3049 ἐρωτᾶ
1207 2946 1425 3056 πολλὰ
1498 2931 1687 3027 περὶ
1738 2891 2032 3028 Ἑλλάδος.
2016 2932 2180 3021 Μετ’

51 3170 288 3311 ὀλίγον
352 3156 781 3311 ἐγενικεύθη
842 3177 981 3243 ἡ
962 3134 1265 3303 ὁμιλία
1303 3125 1451 3225 ὅτε
1472 3107 1741 3249 μία
1780 3093 1935 3196 τῶν
1941 3088 2200 3323 Πριγκηπισσῶν
