2276 3443
278 111 424 209 ἦτο
505 108 654 209 ἤδη
715 99 1059 231 κάτοχος
1130 122 1240 217 τῆς
1305 86 1685 247 Γαλλικῆς
1736 107 1926 202 ὥστε
1918 86 2176 261 μόλις

74 354 520 495 ἀφιχθεῖσα
584 363 766 463 ἐκεῖ
819 384 972 458 καὶ
1013 345 1608 501 εἰδοποιηθεῖσα
1661 339 1783 433 ὅτι
1832 332 1933 428 θὰ
1920 320 2191 490 ἐγίνετο

72 573 354 761 ἀμέσως
443 572 685 678 δεκτὴ
692 582 787 705 εἰς
865 575 997 670 τὴν
1040 560 1314 702 Αὐλὴν
1384 565 1570 656 ἄνευ
1636 561 1775 655 τῶν
1811 513 2167 634 συνήθων

49 798 124 937 εἰς
200 780 313 899 τὰς
380 754 893 890 παρουσιάσεις
972 742 1506 895 διατυπώσεων,
1578 712 2004 847 προσῆλθεν
2039 684 2227 778 ἐνώπιον

61 1010 173 1117 τῆς
235 992 740 1125 Βασιλίσσης
819 979 966 1065 καὶ
1013 966 1246 1078 ἔτυχε
1298 911 2091 1115 φιλοφρονεστάτης

69 1190 481 1342 ὑποδοχῆς,
517 1207 690 1334 πρὶν
750 1167 876 1290 δὲ
925 1159 1453 1289 ἀποχωρήσῃ
1540 1147 1642 1278 τῇ
1632 1130 1846 1290 εἶπεν
1893 1124 1985 1195 ἡ
1967 1068 2210 1194 Amélie

48 1434 156 1532 ὅτι
208 1410 405 1510 κατὰ
473 1401 616 1500 τὴν
668 1402 772 1486 ἐν
834 1365 1236 1486 Παρισίοις
1321 1329 1686 1488 διαμονήν
1732 1309 1847 1412 της
1876 1298 1951 1387 θὰ
2000 1271 2145 1371 τὴν

44 1633 361 1789 ἔβλεπεν
447 1588 919 1742 εὐχαρίστως
1005 1594 1109 1684 εἰς
1191 1578 1289 1668 τ’
1268 1546 1707 1661 Ἀνάκτορα
1770 1480 1963 1598 καθ’
1951 1470 2208 1572 ἑκάστην

50 1832 405 1964 ἑσπέραν
469 1830 644 1924 ὅπου
697 1804 1093 1913 τακτικῶς
1164 1762 1521 1869 διένυον
1571 1727 1695 1833 τὰς
1743 1712 1920 1827 ὥρας
1963 1676 2186 1782 ταύτας

44 2028 399 2194 πλησίον
435 2017 610 2136 Της
672 2036 792 2116 αἱ
839 1991 1263 2172 θυγατέρες
1329 1978 1507 2064 καὶ
1571 1956 1651 2039 ἡ
1678 1917 1956 2084 Νύμφη
2019 1899 2148 2011 της

40 2255 403 2417 Orléans
467 2260 695 2409 μετὰ
714 2245 851 2342 τῶν
904 2196 1378 2374 ἐργοχείρων
1431 2179 1597 2312 των,
1631 2172 1809 2259 καὶ
1866 2143 2013 2236 ὅτι
2039 2153 2147 2221 αἱ

56 2465 690 2649 Πριγκήπισσαι
756 2477 854 2566 θὰ
888 2414 1592 2579 ἐπροθυμοποιοῦντο
1649 2398 1763 2493 νὰ
1796 2370 1951 2469 τὴν
1970 2344 2218 2518 διαφωτίσωσιν

40 2701 106 2855 εἰς
173 2692 428 2803 πᾶσαν
491 2660 695 2793 τυχὸν
770 2636 1158 2763 ἀπορίαν
1211 2618 1368 2752 της,
1389 2610 1570 2704 καὶ
1609 2586 1735 2682 τὴν
1805 2538 2205 2709 ὀδηγήσωσι
2133 2573 2214 2631 καὶ

34 2943 188 3028 ὡς
188 2920 370 3028 πρὸς
440 2897 539 2999 τὰ
591 2872 1083 2981 καθέκαστα
1156 2834 1277 2948 τῆς
1342 2807 1836 2965 πολυπλόκου
1886 2748 2195 2918 ἐπισήμου

14 3144 468 3309 ἐνδυμασίας
505 3120 695 3242 κατὰ
765 3119 889 3215 τὴν
965 3086 1400 3220 ὑποδοχὴν
1460 3064 1583 3172 τῆς
1650 3049 1890 3181 Αὐλῆς
1941 3036 2070 3132 τοῦ
2067 3021 2207 3167 Ἁγίου

28 3321 439 3423 Ἰακώβου.
463 3294 669 3398 Ὅταν
737 3288 835 3384 τὸ
882 3291 1198 3404 ἑσπέρας
1275 3304 1374 3368 ἡ
1380 3255 1687 3380 Μήτηρ
1727 3295 1877 3398 μας
1884 3248 2213 3397 εἰσῆλθεν
