2276 3443
248 125 408 211 καί
483 119 577 255 τῇ
626 120 895 283 ἔλεγεν,
942 133 1096 223 ὅπως
1159 135 1278 212 τὴν
1331 122 1721 285 ἐνθαρρύνῃ,
1784 131 1884 224 ὅτι
1932 122 2101 204 ὅσον

76 336 542 494 μεγαλύτερος
595 359 646 453 ὁ
702 326 1204 487 συνωστισμὸς
1273 339 1484 435 τόσον
1532 300 1877 422 ἐθεωρεῖτο
1924 305 2013 385 εἰς
2059 286 2190 366 τὴν

95 545 443 669 Εὐρώπην
514 535 1080 685 ἐπιτυχεστέρα
1174 562 1257 635 ἡ
1285 523 1856 638 συναναστροφὴ
1900 517 2070 593 καὶ
2104 497 2219 578 τοῦτο

87 779 351 923 ἔλεγεν
416 787 593 878 ὅπως
670 778 1119 893 ἀποσβέσῃ
1180 747 1293 839 τοὺς
1370 711 1850 851 ἐνδοιασμούς
1895 717 1996 803 της
2041 702 2122 776 ὡς
2139 707 2230 786 πρὸς

78 989 168 1090 τὴν
242 983 631 1091 παρουσίαν
700 975 807 1067 τῶν
786 969 1091 1143 ξένων
1153 944 1572 1083 Ναυάρχων
1630 944 1786 1032 καὶ
1797 895 2246 1087 ἀξιωματικῶν.

64 1228 239 1332 Καὶ
311 1228 534 1333 περὶ
574 1209 983 1345 πολιτικῶν
1037 1176 1512 1351 πραγμάτων
1581 1158 1926 1270 συνεχῶς
1998 1127 2131 1244 τῇ
2115 1116 2249 1250 ὡμίλει

65 1459 159 1539 ὁ
166 1425 741 1562 Καποδίστριας,
794 1418 913 1521 δὲν
979 1421 1381 1551 παρέλειπε
1451 1400 1558 1498 δὲ
1599 1389 1818 1488 ποτὲ
1853 1392 1939 1453 ἡ
1945 1340 2204 1455 Μήτηρ

45 1710 192 1803 μας
258 1643 664 1756 εὐκαιρίαν
729 1637 894 1732 ὅπως
981 1596 1557 1734 ἀποδοκιμάσῃ
1621 1586 1728 1673 τὴν
1783 1543 2236 1706 συμπεριφοράν

54 1884 126 1985 του
185 1867 360 1988 πρὸς
420 1856 530 1960 τοὺς
618 1844 875 1976 ἄνδρας
966 1844 1074 1942 τοῦ
1135 1833 1432 1976 Ἀγῶνος
1500 1810 1661 1899 καὶ
1705 1784 1812 1871 τὸ
1843 1748 2166 1850 τοιοῦτον

62 2073 412 2189 τοσοῦτον
456 2065 570 2161 τὸν
659 2044 1204 2158 δυσηρέστη
1267 2016 1456 2106 ὥστε
1538 1967 1859 2124 ἡμέραν
1918 1912 2153 2033 τινὰ

78 2267 630 2401 παρασυρθεὶς
720 2282 798 2355 ἐκ
881 2255 987 2349 τῆς
1065 2236 1504 2404 συζητήσεως
1569 2216 1665 2350 τῇ
1698 2194 1944 2295 εἶπεν
1994 2157 2161 2260 "Ἂν

112 2519 480 2678 ἠδυνάμην
572 2530 671 2617 θὰ
712 2490 1252 2691 ἐξαλείφοντο
1271 2502 1430 2641 ὅλοι
1506 2501 1604 2579 οἱ
1648 2465 1787 2552 ἄνω
1864 2430 1996 2513 τῶν
2025 2418 2166 2539 40

125 2779 275 2877 ἐτῶν
320 2737 706 2907 Ἕλληνες".
848 2742 1056 2863 "Ἄρα
1137 2752 1309 2822 καὶ
1369 2742 1427 2814 ὁ
1437 2676 1759 2870 σύζυγός
1781 2720 1971 2820 μου
2031 2651 2190 2738 καὶ
2183 2657 2238 2723 ὁ

70 2997 403 3120 ἀδελφός
422 2993 673 3134 μου",
711 2951 1295 3087 παρετήρησεν
1352 2953 1425 3020 ἡ
1470 2885 1751 3010 Μήτηρ
1783 2920 1934 3014 μας
1998 2851 2171 2945 καὶ
2178 2867 2236 2941 ὁ

90 3214 508 3322 Κυβερνήτης
596 3195 1019 3291 ἀπάντησε
1050 3171 1283 3268 "Πᾶς
1337 3144 1574 3251 κανὼν
1612 3161 1754 3264 ἔχει
1807 3134 1962 3207 καὶ
2007 3111 2147 3197 τὰς
