2276 3443
218 90 564 231 ἔτρεφον
613 84 1179 210 ἀπεριόριστον
1224 104 1631 227 ἐκτίμησιν
1692 106 1843 201 πρὸς
1891 95 1996 171 τὸν
2034 97 2242 188 Πατέρα

68 332 209 427 μας
282 316 443 384 καὶ
490 317 597 382 ὡς
634 305 727 387 ἐκ
772 295 955 429 τούτου,
1001 324 1080 398 ὁ
1073 319 1377 465 λάζαρος
1448 300 1912 409 Κουντουριώτης
1969 273 2155 361 ὅστις

75 498 372 627 οὐδέποτε
469 482 856 613 εἰσήρχετο
934 505 1029 575 εἰς
1089 498 1279 604 ἄλλου
1341 468 1668 568 οἰκίαν
1714 457 2130 567 ἐπεσκέφθη

62 688 514 889 ἐξαιρετικῶς
596 695 719 787 τὴν
775 667 1139 791 Μητέρα
1149 720 1310 826 μας
1388 677 1561 752 καὶ
1578 655 1831 789 ἔμεινε
1873 617 2236 765 συνδιαλεγόμενος

48 895 230 1025 μετ’
245 871 447 967 αὐτῆς
534 874 661 963 ἐπὶ
728 893 913 1000 πολὺ
977 877 1158 979 πρὸς
1212 847 1646 995 κατάπληξιν
1702 848 1816 935 τῶν
1849 825 2219 951 συμπολιτῶν

54 1066 201 1148 του.
222 1039 364 1139 Ἡ
351 1040 662 1167 Μήτηρ
683 1079 841 1175 μας
892 1037 1268 1173 ἐθαύμασε
1338 1043 1451 1124 τὸν
1516 1034 1772 1146 πλοῦτον
1800 1025 1901 1115 τῆς
1917 1005 2209 1149 οἰκογενείας

61 1231 544 1340 Κουντουριώτη
541 1215 848 1382 λέγουσα
890 1246 1003 1329 ὅτι
1069 1225 1655 1378 διαμερίσματα
1675 1217 1935 1349 μεγάλα
1965 1212 2050 1304 τῆς
2064 1210 2224 1303 οἰκίας

65 1426 177 1512 των
237 1411 441 1503 ἦσαν
495 1417 769 1534 πλήρη
854 1424 1004 1561 ἄλλο
1032 1460 1197 1560 μὲν
1273 1421 1583 1563 ἀργυρῶν
1657 1411 1969 1505 σκευῶν,
1992 1399 2141 1506 ἄλλο

54 1602 348 1731 χαλκῶν,
421 1618 575 1746 ἄλλο
625 1588 1076 1728 βαρυτίμων
1129 1583 1574 1734 ὑφασμάτων
1642 1592 1806 1669 καὶ
1841 1569 1966 1665 οὕτω
2003 1570 2082 1682 ἐφ’
2084 1569 2236 1715 ἑξῆς.

51 1804 198 1916 Αἱ
247 1764 953 1887 οἰκοδέσποιναι
1014 1777 1131 1877 τῆς
1194 1753 1404 1875 Ὕδρας
1473 1728 1649 1876 εἶχον
1693 1753 1816 1844 τὴν
1874 1726 2242 1836 συνήθειαν

58 2040 166 2114 νὰ
212 2004 658 2126 διέρχωνται
735 1995 934 2115 ὥρας
1004 1987 1280 2113 πολλὰς
1342 2001 1526 2067 καὶ
1569 1999 1681 2065 νὰ
1721 1963 2067 2070 δέχωνται
2105 1967 2196 2037 εἰς

59 2220 145 2306 τὰ
157 2182 628 2359 μαγειρεῖά
676 2200 850 2287 των.
872 2197 1085 2289 Ταῦτα
1155 2184 1368 2272 ἦσαν
1372 2157 1954 2336 μεγαλοπρεπῆ
1993 2154 2165 2226 καὶ

39 2405 407 2537 λάμποντα
474 2430 564 2501 ἐκ
621 2391 1173 2526 καθαριότητος,
1220 2392 1489 2513 ἔχοντα
1548 2408 1647 2485 εἰς
1688 2384 1783 2468 τὸ
1806 2355 2015 2464 βάθος
2045 2350 2210 2437 αὐτῶν

74 2577 533 2712 ἀνάκλιντρα
609 2583 793 2676 ὅπως
834 2606 940 2675 αἱ
990 2550 1400 2703 Αἴθουσαι,
1441 2609 1556 2677 καὶ
1616 2604 1703 2672 ἡ
1672 2579 1873 2741 λέξις
1906 2554 2233 2707 Μαγειρεῖα

78 2742 428 2871 ἐφαίνετο
516 2758 598 2841 ὡς
668 2793 1136 2874 παραφωνία.
1266 2768 1476 2852 Κατὰ
1497 2762 1599 2852 τὴν
1642 2741 2210 2873 Ἀντιβασιλείαν

76 2960 170 3032 ἡ
212 2928 788 3133 Armansberg
875 2925 1183 3068 ἠθέλησε
1256 2965 1365 3035 νὰ
1369 2963 1601 3069 λάβῃ
1649 2926 1958 3034 στάσιν
1978 2929 2229 3049 Βασιλίσσης

69 3126 212 3237 ἀλλ’
236 3116 667 3251 ἀντιλήφθη
735 3126 950 3233 ταχέως
1024 3135 1134 3216 ὅτι
1185 3134 1277 3224 τὸ
1317 3139 1610 3222 τοιοῦτον
1663 3129 2031 3222 ἀπέναντι

82 3314 170 3397 τῆς
229 3302 576 3409 Μητρός
602 3342 738 3429 μας
802 3319 896 3394 θὰ
939 3296 1049 3387 ἦτο
1096 3297 1710 3430 ματαιοπονία
1757 3326 1915 3389 καὶ
1928 3304 2175 3433 ἤλλαξε
