2229 3408
55 182 198 268 καὶ
276 182 342 254 ἡ
389 127 888 312 περιέργεια
909 117 1018 234 ἦτο
1057 114 1371 289 μεγάλη
1443 116 1634 233 διότι
1705 127 1789 219 τὸ
1819 132 2072 225 πρῶτον
2102 129 2191 217 θὰ

30 372 527 556 ἐνεφανίζετο
624 385 937 520 Ἑλληνὶς
1019 399 1079 480 ἐν
1136 379 1261 512 τῷ
1273 367 1813 514 Διπλωματικῷ
1843 346 2172 503 σώματι

16 616 116 720 τοῦ
136 609 470 721 Λονδίνου.
496 589 1023 722 Ἀστειότητες
1125 604 1654 716 διεσταυροῦντο
1738 605 1855 703 εἰς
1880 595 2086 707 βάρος
2090 605 2173 717 της

46 832 215 918 καὶ
278 822 363 907 ἡ
413 787 767 958 εὐθυμία
841 773 974 889 ἦτο
996 788 1363 961 γενικὴ
1388 779 1720 988 μεταξὺ
1747 776 1874 888 τῶν
1914 777 2194 910 Κυριῶν,

49 1009 417 1181 ἠρώτουν
425 1041 500 1116 ἡ
484 1023 669 1187 μία
728 1019 840 1124 τὴν
881 1017 1129 1161 ἄλλην
1201 1013 1291 1104 ἂν
1358 1013 1482 1112 θὰ
1510 1024 1764 1151 ἔφερε
1748 994 2188 1163 πασσούμια

27 1258 107 1357 ἤ
148 1265 246 1364 θὰ
304 1241 601 1351 ἠδύνατο
701 1259 797 1336 νὰ
857 1234 1193 1379 βαδίσῃ
1252 1222 1382 1322 ἐπὶ
1434 1222 1545 1318 τοῦ
1592 1201 2019 1343 στίλβοντος
2043 1190 2186 1382 δαπέδου.

22 1505 116 1582 ἂν
156 1484 268 1577 θὰ
339 1458 735 1602 ἐφαίνοντο
770 1442 1279 1625 μακρόθεν
1326 1451 1427 1543 τὰ
1478 1430 1588 1534 τῆς
1644 1397 2081 1551 ἀνατολῆς

9 1661 368 1857 ψιμύθια
423 1734 576 1810 κτλ.
608 1721 783 1804 κτλ.
842 1645 949 1755 Ὅτε
1966 1605 2190 1713 σπανίας
1049 1604 1653 1771 παρετηρήσασαι
1654 1604 1936 1718 Κυρίαν

35 1919 376 2071 καλλονῆς,
417 1906 1123 2090 μεγαλοπρεπείας
1206 1900 1358 1987 καὶ
1386 1873 1726 2009 χάριτος
1759 1848 2194 2004 εἰσερχομένην

39 2188 129 2263 εἰς
209 2161 326 2262 τὴν
405 2150 782 2251 αἴθουσαν
868 2127 1043 2219 καὶ
1112 2105 1592 2259 ἐνδεδυμένην
1630 2092 2066 2240 πολυτελῶς
2100 2120 2186 2185 καὶ

34 2368 437 2520 ἀμέμπτως,
492 2345 1097 2493 συνοδευομένην
1170 2350 1372 2465 παρὰ
1406 2337 1637 2454 Κυρίου
1671 2321 2098 2464 φέροντος

25 2582 322 2733 στολὴν
424 2570 968 2723 παρεμφερῆ
1017 2561 1144 2694 τῆς
1194 2570 1297 2669 τοῦ
1339 2548 1734 2696 Πρέσβεως
1778 2548 1900 2662 τῆς
1906 2547 2176 2652 Βαβαρίας

47 2809 590 2963 ἐστράφησαν
615 2841 880 2998 μετὰ
951 2831 1433 2975 περιεργείας
1492 2808 1688 2925 πρὸς
1733 2797 1834 2883 τὸν
1871 2780 1985 2867 ἐπὶ
2026 2766 2138 2848 τῶν

53 3064 430 3184 ὑποδοχῶν
505 3061 945 3195 τελετάρχην
1004 3064 1194 3184 ὅστις
1270 3057 1665 3197 ἐχαιρέτα
1715 3048 2112 3197 ἐδαφιαίως

54 3277 189 3356 τοὺς
265 3253 787 3392 εἰσερχομένους
863 3275 1336 3398 ἀναμένουσαι
1403 3301 1492 3372 ν’
1502 3281 1885 3377 ἀκούσωσι
1943 3283 2144 3369 ποῖοι
