2292 3461
56 133 462 240 τακτικὴν
531 136 1132 244 προσπαθήσασα
1179 157 1285 227 νὰ
1327 137 1446 216 τὴν
1494 106 1710 235 φέρῃ
1730 117 1829 242 εἰς
1875 105 2212 190 διάστασιν

43 354 260 484 μετὰ
319 317 419 417 τῶν
496 329 789 426 Κυριῶν
846 312 948 409 τοῦ
976 310 1345 430 Ναυπλίου
1395 299 1884 393 ἀπευθύνουσα
1967 300 2110 394 πρὸς
2132 294 2235 389 αὐτὴν

77 508 446 627 ἐρωτήσεις
516 512 710 608 περὶ
770 494 873 587 τῆς
924 478 1323 584 ποιότητος
1357 504 1544 630 μιᾶς
1607 474 1904 567 ἑκάστης
1957 454 2206 573 τούτων,

75 712 226 825 ἀλλ’
279 676 661 811 ἀπέτυχεν
751 681 1098 806 οἰκτρῶς
1178 677 1402 771 διότι
1467 659 1797 805 οὐδεμίαν
1858 614 2239 753 διαφώτισιν

86 886 552 1034 ἐλάμβανεν
626 880 816 964 ὥστε
879 888 984 964 νὰ
1030 853 1331 952 δύναται
1388 875 1478 943 νὰ
1525 852 1866 955 ποιήσῃ
1905 817 2222 936 χρῆσιν

77 1102 328 1269 αὐτῆς,
389 1082 565 1222 ἐνῷ
592 1089 791 1220 ἄλλαι
857 1082 1111 1192 Κυρίαι
1183 1065 1590 1166 ὑπέπεσαν
1655 1075 1749 1161 εἰς
1815 1031 1929 1135 τὴν
1972 1012 2201 1156 παγίδα

78 1323 344 1426 ταύτην
393 1305 991 1422 προκαλέσασαι
1088 1277 1356 1384 πικρὰ
1421 1278 1652 1374 παρὰ
1708 1252 1958 1381 πολλῶν
1979 1242 2226 1370 παράπονα.

59 1510 274 1614 Κατὰ
304 1504 399 1593 τὸ
424 1508 603 1591 1831
655 1469 1260 1633 ἀναγινώσκουσα
1332 1484 1431 1553 ἡ
1444 1451 1726 1580 Μήτηρ
1742 1503 1908 1586 μας
1968 1447 2106 1530 τὴν

67 1705 462 1841 ἱστορίαν
522 1697 654 1805 τῆς
716 1672 1012 1822 Ἑλλάδος
1084 1672 1297 1766 εἶπεν
1345 1688 1457 1811 εἰς
1511 1662 1625 1756 τὸν
1694 1645 1965 1748 Πατέρα
1982 1670 2151 1753 μας

91 1950 210 2054 "Ἄν
259 1943 351 2029 τὸ
396 1919 693 2025 τέκνον
733 1974 902 2063 μας
929 1909 1137 2077 εἶναι
1164 1915 1315 2051 υἱὸς
1397 1921 1509 2003 θὰ
1551 1910 1676 2000 τὸν
1729 1865 2157 2017 ὀνομάσωμεν

115 2158 577 2293 Χαρίλαον
639 2161 841 2256 διότι
931 2157 1139 2250 ὅπως
1197 2158 1266 2235 ὁ
1294 2142 1394 2234 τῆς
1446 2127 1838 2249 ἱστορίας
1891 2127 2185 2242 Χαρίλαος

123 2375 326 2486 ἦτο"
317 2410 422 2479 ‘ἡ
433 2404 681 2502 χαρὰ
738 2381 845 2473 τοῦ
840 2375 1095 2496 λαοῦ"
1163 2392 1222 2466 ὁ
1224 2369 1398 2528 υἱός
1397 2408 1600 2520 μας
1654 2354 1770 2452 θὰ
1800 2346 2118 2437 εἶναι

147 2648 275 2715 "ἡ
288 2630 526 2736 χαρὰ
609 2644 696 2714 ἡ
725 2609 1066 2710 ἰδική
1040 2603 1365 2744 μας".
1401 2582 1562 2684 Καὶ
1587 2598 1647 2668 ὁ
1683 2574 2075 2692 Ναύαρχος

60 2833 422 2937 Μιαούλης
484 2814 857 2955 πράγματι
906 2725 1106 2831 μετ’
902 2802 1300 2909 ὀλίγον
1047 2757 1223 2818 ἐβάπτισε
1362 2800 1479 2898 τὸν
1523 2798 1774 2915 ἀδελφόν
1774 2840 1893 2921 μου
1943 2799 2230 2913 Χαρίλαον.

87 3049 226 3150 Ὅτε
299 3056 881 3161 ἀνεχώρησεν
952 3069 1015 3134 ἡ
1057 3039 1369 3156 Μήτηρ
1387 3078 1555 3166 μας
1606 3068 1697 3132 εἰς
1754 3042 2136 3209 Παρισίους,

87 3300 195 3371 τοῦ
250 3273 528 3377 Πατρός
562 3316 726 3411 μας
792 3262 1338 3380 διορισθέντος
1390 3266 1743 3389 πρεσβευτοῦ
1772 3299 1863 3370 εἰς
1898 3274 2190 3438 Ἀγγλίαν,
