2216 3420
263 102 678 262 ἠρώτησεν
752 106 834 197 ἄν
928 101 1307 257 πράγματι
1357 115 1434 200 ἐν
1474 112 1772 252 Ἑλλάδι
1798 120 2130 242 ὑπῆρχεν

41 364 522 550 ἰδιόρρυθμόν
578 375 653 469 τι
690 349 1247 518 χρωματιστὸν
1248 382 1564 494 λεπτὸν
1599 357 2093 519 ἐργόχειρον

28 628 422 819 ἄγνωστον
514 620 598 701 ἐν
668 592 1012 718 Εὐρώπῃ.
1053 600 1222 717 Ὅλαι
1269 584 1387 674 δὲ
1422 607 1578 682 καὶ
1606 580 1808 672 αὐτὴ
1823 598 1903 662 ἡ
1889 579 2191 708 Βασίλισσα

37 843 516 1021 ἐξέφρασεν
592 817 998 991 ἐπιθυμίαν
1079 820 1254 924 ὅπως
1305 812 1501 915 ἴδωσι
1543 818 1661 914 πῶς
1700 787 2175 956 κατασκευάζεται

31 1073 229 1203 τοῦτο,
266 1070 438 1152 καὶ
510 1074 578 1143 ἡ
624 1030 893 1163 Μήτηρ
881 1070 1069 1190 μας
1139 1019 1259 1125 τὴν
1327 1008 1702 1133 ἐπαύριον
1743 1001 1958 1138 ἔλαβε
1974 986 2182 1124 μεθ’

26 1267 285 1378 ἑαυτῆς
379 1251 478 1350 τὰ
504 1240 869 1375 χρειώδη
934 1256 1106 1362 πρὸς
1188 1232 1311 1328 τὴν
1374 1214 1758 1373 ἐργασίαν
1823 1171 2098 1305 ταύτην,
2090 1170 2205 1296 ἀλλ’

40 1496 273 1644 ἔφερε
362 1504 560 1619 πρὸς
629 1480 925 1590 τούτοις
1006 1463 1166 1545 καὶ
1228 1435 1552 1570 διάφορα
1553 1419 1861 1588 μικρὰ
1892 1367 2205 1552 ἀντικείμενα,

43 1720 198 1887 ἔργα
265 1732 377 1826 τῶν
425 1719 715 1844 χειρῶν
783 1695 945 1833 της,
990 1683 1165 1771 καὶ
1213 1671 1324 1759 τὰ
1352 1668 1806 1780 προσέφερεν
1839 1646 1941 1725 εἰς
1977 1618 2102 1708 τὰς

30 1942 742 2106 παρευρισκομένας
839 1947 1015 2080 πρὸς
1035 1927 1456 2106 μέγιστον
1539 1849 2080 2021 ἐνθουσιασμόν
2092 1849 2201 1997 των,

55 2194 202 2327 ἀλλ’
266 2178 554 2280 ἐπειδὴ
610 2186 723 2254 αἱ
747 2141 1244 2285 Μπιμπίλαι
1298 2121 1434 2215 δὲν
1502 2094 1729 2200 ἦσαν
1773 2082 1972 2190 ὅσαι
2011 2082 2169 2157 καὶ

36 2458 138 2528 αἱ
235 2390 945 2582 Πριγκήπισσαι,
974 2391 1159 2474 καὶ
1213 2357 1517 2508 οὐδεμία
1575 2327 1807 2429 τούτων
1837 2306 2165 2430 παρεδέχετο

45 2677 148 2764 νὰ
192 2622 712 2774 ὑποχωρήσῃ
782 2628 989 2750 πρὸς
1032 2612 1291 2761 ἄλλην,
1357 2560 1997 2721 αὐτοστιγμεὶ

69 2865 590 3014 ἀπεφασίσθη
653 2871 773 2964 νὰ
815 2850 1210 2954 τεθῶσιν
1264 2851 1403 2932 εἰς
1482 2836 1815 2960 κλῆρον
1871 2803 2039 2890 καὶ
2017 2795 2189 2940 ἐγένετο

39 3112 138 3184 ἡ
175 3060 598 3221 κλήρωσις
701 3112 784 3178 ἐν
843 3088 1125 3225 πλήρει
1178 3074 1698 3220 ἱλαρότητι.
1706 3055 2083 3159 Τοσοῦτον
2104 3061 2179 3144 δὲ

63 3254 626 3417 ἐγεννήθησαν
694 3294 962 3371 στεναὶ
998 3303 1114 3363 αἱ
1128 3281 1378 3399 σχέσεις
1455 3277 1566 3376 τῆς
1616 3269 2048 3408 οἰκογενείας
2086 3283 2192 3369 τοῦ
