2277 3443
40 251 507 428 ἐξαιρέσεις
567 224 741 349 του".
802 219 1013 332 Ὅταν
1086 205 1197 312 δὲ
1212 217 1282 323 ὁ
1344 184 1567 315 Πατήρ
1595 232 1763 333 μας
1818 173 2198 292 διεφώνησεν

19 509 262 658 μετὰ
305 497 416 600 τοῦ
458 473 1011 592 Καποδιστρίου
1060 473 1231 551 καὶ
1285 430 1463 545 οὗτος
1524 433 1644 520 τὸν
1701 402 2052 521 ἔστειλεν
2074 402 2180 482 εἰς

66 737 420 922 ἐξορίαν,
476 764 541 833 ὁ
577 717 811 843 Πατήρ
846 758 1015 864 μας
1096 700 1218 802 ἐπὶ
1296 660 1739 810 προφάσει
1776 648 1903 743 τῆς
1943 622 2195 763 ὑγείας

45 990 160 1091 τῆς
217 949 735 1147 οἰκογενείας
799 957 890 1050 του
956 918 1468 1071 παρεκάλεσε
1548 922 1639 998 νὰ
1648 891 1815 1031 μὴ
1861 862 2115 979 σταλῇ
2134 862 2218 935 εἰς

66 1150 293 1307 Ὕδραν
367 1166 528 1270 ὅπου
599 1174 722 1255 οἱ
749 1155 983 1305 ἄλλοι
1028 1147 1537 1321 ἐξόριστοι,
1565 1136 1740 1226 καὶ
1767 1103 2006 1213 τοῦτο
2055 1085 2227 1177 διότι

62 1370 658 1577 ἀποτροπιάζετο
723 1392 848 1494 τὰς
920 1359 1436 1517 συνωμοσίας
1517 1359 1682 1437 καὶ
1725 1333 1826 1432 τὰ
1861 1335 2162 1462 ἔκρυθμα

30 1646 306 1803 μέτρα,
356 1639 520 1718 καὶ
539 1626 691 1758 ἐνῷ
712 1636 909 1786 μὲν
975 1623 1094 1758 τῷ
1142 1568 1407 1699 ἐδόθη
1483 1586 1583 1661 ἡ
1598 1549 2013 1673 ὑπόσχεσις
2054 1533 2156 1613 ὅτι

50 1898 143 1987 θὰ
163 1871 702 2036 μετέβαινεν
771 1857 1154 2019 ἀλλαχοῦ,
1216 1843 1394 2006 ἅμα
1450 1825 1558 1931 τὸ
1586 1812 1892 1956 πλοῖον
1914 1801 2028 1890 τὸ
2015 1791 2241 1908 φέρον

61 2133 255 2236 αὐτὸν
276 2145 533 2293 μετὰ
586 2112 695 2229 τῆς
786 2085 1320 2267 οἰκογενείας
1329 2078 1395 2202 του
1392 2040 1757 2253 ἐξῆλθον
1794 2056 1906 2161 τοῦ
1884 2066 2213 2222 λιμένος,

60 2392 127 2484 ὁ
185 2365 585 2516 πλοίαρχος
668 2364 1048 2495 ἐστράφη
1133 2373 1312 2493 πρὸς
1382 2358 1510 2452 τὴν
1569 2306 1817 2463 Ὕδραν
1881 2337 2092 2423 καὶ

75 2633 687 2740 παρατηρήσεως
752 2629 1220 2786 γενομένης
1313 2596 1761 2710 ἀπήντησεν
1813 2597 1921 2689 ὅτι
1965 2572 2155 2673 αὕτη
2160 2556 2228 2662 ἦτο

79 2877 169 2955 ἡ
207 2867 455 2985 ῥητὴ
525 2859 874 3011 διαταγὴ
900 2851 1031 2951 τοῦ
1066 2828 1678 2953 Καποδιστρίου!
1701 2850 1863 2921 Καὶ
1872 2828 2088 2954 μεθ’
2064 2813 2209 2930 ὅλας

89 3110 193 3211 τὰς
276 3104 722 3216 προτροπὰς
797 3100 917 3196 τοῦ
979 3091 1272 3215 Πατρός
1288 3151 1443 3240 μου
1486 3076 1788 3221 ἐπέμενε
1845 3098 1955 3167 νὰ
1985 3072 2109 3153 τοὺς

90 3307 568 3423 μεταφέρῃ
611 3303 872 3387 αὐτοῦ.
915 3282 1099 3374 Οἱ
1088 3261 1364 3392 Ὑδραῖοι
1422 3272 1654 3373 εἶναι
1673 3270 2080 3418 γνωστὸν
2095 3280 2197 3360 ὅτι
