2228 3408
239 98 387 235 τὴν
468 126 789 255 ἐκφορὰν
852 109 966 224 ἦτο
1046 139 1120 215 ἡ
1177 121 1289 218 τῆς
1338 99 1720 271 Ἑλληνικῆς
1779 98 2147 285 Πρεσβείας,

713 349 887 468 πρὸς
910 343 1295 517 μεγίστην
1332 368 1677 480 δυσφορίαν
1722 370 1850 473 τοῦ
1815 384 2163 510 λοιποῦ

39 519 603 701 Διπλωματικοῦ
634 539 1078 701 Σώματος.
1195 576 1302 657 Εἰς
1362 550 1457 650 τὸ
1480 548 1821 652 Λονδῖνον
1866 579 1950 652 ἡ
1942 539 2150 692 Μήτηρ

17 803 194 908 μας
254 748 606 877 ἀφίκετο
693 749 997 910 ἡμέρας
1058 764 1256 877 τινὰς
1333 790 1495 883 πρὸ
1532 759 1648 872 τῆς
1640 764 2025 924 μεγάλης
2050 751 2164 848 τῶν

41 925 538 1076 Ἀνακτόρων
602 950 1039 1129 δεξιώσεως
1117 970 1223 1081 τῆς
1295 948 1865 1146 ὀνομαζομένης
1897 993 1965 1070 ἐν
1994 964 2200 1122 Ἀγγλίᾳ

866 1209 1018 1288 καὶ
1095 1169 1266 1281 ἥτις
1313 1192 1670 1359 γίνεται
1697 1198 1925 1329 μετὰ
1892 1177 2189 1339 μεγίστης
7 1178 390 1369 "Drawing
449 1177 814 1297 Room"
391 1259 438 1294 -

38 1379 649 1555 ἐπισημότητος.
681 1387 850 1506 Ἡ
827 1377 1108 1534 Μήτηρ
1132 1436 1309 1553 μας
1402 1394 1500 1495 θὰ
1542 1390 2023 1562 ἐπαρουσιάζετο
2016 1405 2139 1537 εἰς

22 1619 132 1729 τὴν
205 1620 505 1762 τελετὴν
563 1626 851 1742 ταύτην
909 1663 1100 1776 πρὸς
1165 1645 1297 1743 τὸν
1361 1605 1792 1779 Γουλλιέλμον
1818 1636 2018 1779 IV,
2014 1622 2121 1711 τοῦ

52 1828 366 1984 Πατρός
323 1910 439 2019 μας
441 1832 923 1970 ἐπιδώσαντος
975 1859 1083 1965 τὰ
1115 1843 1791 1965 διαπιστευτήριά
1818 1853 1901 1947 του
1948 1833 2108 1926 τὴν

52 2064 654 2253 προηγουμένην
725 2066 1093 2253 ἡμέραν.
1159 2052 1393 2176 Οὐδεὶς
1453 2062 1572 2158 τῆς
1645 2031 2126 2197 Ἀγγλικῆς

60 2303 526 2416 κοινωνίας
608 2297 865 2430 εἶχεν
932 2294 1230 2391 εἰσέτι
1317 2295 1488 2390 ἴδει
1537 2286 1672 2393 τὴν
1718 2269 2095 2385 Μητέρα
2051 2326 2183 2421 μας

45 2525 239 2615 ὥστε
316 2504 547 2615 ἰδέαν
621 2513 748 2610 δὲν
812 2514 1034 2636 εἶχον
1119 2512 1230 2603 οἱ
1300 2513 1389 2592 ἐν
1457 2507 1867 2658 ἀναμονῇ
1894 2500 2204 2661 εὑρισκόμενοι

28 2758 98 2844 ἐν
162 2745 267 2890 τῷ
304 2741 555 2865 εὑρεῖ
586 2752 1049 2912 προθαλάμῳ
1135 2742 1268 2858 τῆς
1346 2717 1714 2843 Αἰθούσης
1784 2714 1894 2813 τῆς
1933 2706 2148 2837 Αὐλῆς

28 2941 166 3065 τοῦ
149 2950 356 3113 "Ἁγίου
406 2941 813 3067 Ἰακώβου"
843 2962 1385 3129 Διπλωμᾶται,
1447 2947 1763 3098 Ὑπουργοὶ
1826 2949 1991 3034 καὶ
2003 2933 2180 3037 Δοῦκες

12 3175 227 3302 μετὰ
286 3168 411 3270 τῶν
482 3164 761 3278 Κυριῶν
810 3165 939 3260 των
992 3185 1177 3288 περὶ
1228 3167 1446 3265 αὐτῆς
1504 3181 1637 3288 πρὸ
1680 3163 1778 3268 τῆς
1826 3172 2079 3298 τελετῆς
2078 3196 2195 3331 ταύτης
