2264 3408
242 119 373 243 Τὸ
427 138 1022 307 Διπλωματικὸν
1075 141 1291 304 Σώμα
1367 168 1454 254 ἐν
1513 128 1827 316 Ἀγγλίᾳ
1890 135 2210 239 συνέκειτο

80 387 273 462 κατὰ
346 378 451 462 τὴν
526 362 797 502 ἐποχὴν
866 386 1207 481 ἐκείνην
1274 400 1351 482 ἐκ
1420 391 1945 532 διακεκριμένων
1981 388 2235 495 προσώπων

77 630 162 709 ὡς
209 612 308 707 τοῦ
349 594 918 777 Talleyrand,
963 604 1088 711 τοῦ
1132 615 1526 794 Esterhazy
1550 604 1845 728 (οὕτινος
1893 622 2013 692 ἡ
1972 583 2220 728 ἐπίσημος

68 841 295 977 στολὴ
363 825 737 988 ἐθάμβωνε
812 844 901 922 ἐκ
961 834 1089 922 τῶν
1170 828 1572 974 πολυτίμων
1572 820 1870 1000 λίθων)
1925 816 2045 901 τῆς
2058 796 2221 936 πριγκ

38 1073 313 1213 Lieven
375 1104 533 1178 καὶ
595 1077 695 1178 τοῦ
737 1052 1013 1228 Συζύγου
1066 1059 1168 1168 της
1177 1059 1375 1213 (λέγω
1423 1048 1547 1164 τῆς
1574 1017 2197 1204 Πριγκηπίσσης

54 1323 228 1413 διότι
306 1306 490 1398 αὕτη
537 1293 893 1416 ἐθεωρεῖτο
951 1302 1050 1391 τὸ
1087 1293 1345 1402 κύριον
1391 1281 1522 1388 τῆς
1576 1263 2136 1373 Ρωσσικῆς

62 1544 419 1677 Πρεσβείας
487 1515 925 1691 πρόσωπον)
932 1561 1009 1646 ὁ
1047 1530 1484 1687 Miraflores
1549 1524 1792 1623 κτλ.
1765 1514 1977 1652 μετ’
2008 1471 2073 1590 οὐ,
2035 1492 2218 1631 ὅμως,

78 1792 251 1907 πολύ
319 1770 439 1862 τὸν
491 1743 793 1864 Lieven
875 1750 1230 1883 διεδέχθη
1306 1766 1380 1830 ὁ
1404 1726 1617 1848 Pozzo
1638 1769 1747 1834 di'-
1770 1735 2004 1893 Borgo
2056 1743 2195 1811 καὶ

70 2001 176 2102 τὸν
223 2003 747 2177 Talleyrand
833 2018 897 2093 ὁ
955 1974 1462 2099 Maréchal
1489 1960 2045 2084 Sebastiani
2090 1968 2241 2069 οὕτινος

79 2283 127 2329 ἡ
107 2164 589 2391 θυγάτηρ
77 2133 409 2221 μονογενὴς
631 2247 709 2320 ἡ
754 2219 1198 2327 Δούκισσα
1258 2229 1341 2334 τοῦ
1393 2225 1810 2336 Praslin,
1815 2209 2042 2335 εἶχεν
2067 2212 2249 2335 ἀναλάβει

74 2486 177 2575 τὰς
235 2473 435 2612 τιμὰς
506 2468 619 2563 τοῦ
668 2472 871 2561 οἴκου
908 2457 1046 2555 του.
1079 2462 1203 2556 Ἡ
1237 2437 1633 2592 Ἑλληνικὴ
1682 2444 2063 2575 Πρεσβεία
2086 2467 2244 2553 ἔκειτο

100 2728 576 2838 παραπλεύρως
651 2706 764 2802 τῆς
832 2681 1193 2835 Γαλλικῆς
1280 2722 1435 2788 καὶ
1495 2706 1715 2786 κατὰ
1759 2689 1898 2774 τὰς
1915 2718 2255 2820 χειμερινὰς

100 2954 410 3068 ἑσπέρας
475 2954 694 3057 ὁπότε
781 2969 878 3061 δὲν
942 2967 1255 3085 ὑπῆρχον
1334 2954 1575 3083 ἄλλαι
1622 2930 2217 3069 συναναστροφαὶ

112 3185 174 3263 ἢ
234 3182 343 3269 δὲν
370 3185 835 3328 μετέβαινεν
907 3212 993 3281 ἡ
1042 3173 1351 3313 Μήτηρ
1390 3227 1555 3328 μας
1622 3202 1726 3278 εἰς
1794 3169 2095 3282 θέατρόν
2130 3172 2226 3260 τι
