2275 3408
90 141 462 285 διήρχετο
555 135 772 247 αὐτὰς
865 127 1258 276 πλησίον
1307 129 1429 244 τῆς
1492 126 1925 238 Δουκίσσης
1957 123 2239 275 ἐργαζομένων

91 394 258 478 καὶ
316 379 451 474 τῶν
516 376 643 473 δύο
731 391 839 468 εἰς
919 355 1432 537 ἐργόχειρόν
1456 370 1597 497 τι,
1627 365 1794 442 καὶ
1835 349 1965 438 οὕτω
2007 342 2229 506 συνεδέθησαν

69 597 194 696 διὰ
256 599 545 694 στενῆς
577 593 878 745 φιλίας,
924 608 1079 689 καὶ
1143 587 1277 687 ὅτε
1311 603 1574 739 μετὰ
1625 572 1943 700 πάροδον
1996 569 2200 671 ἐτῶν

67 838 121 921 ὁ
183 798 358 982 Δούξ
436 826 990 959 ἐδολοφόνησε
1080 813 1474 917 τοσοῦτον
1529 798 1940 954 τραγικῶς
2030 783 2171 859 τὴν

65 1040 504 1193 θαυμασίαν
565 1048 804 1131 κατὰ
867 1026 1077 1122 πάντα
1130 1003 1481 1206 Σύζυγόν
1521 1026 1605 1131 του
1673 1048 1746 1124 ἡ
1767 1015 2079 1143 Μήτηρ
2057 1061 2211 1159 μας

69 1239 202 1356 ἦτο
292 1244 1007 1419 ἀπαρηγόρητος.
1045 1242 1367 1374 Θεωρεῖα
1463 1260 1593 1349 τῶν
1618 1234 2106 1358 διαφόρων

73 1480 411 1617 θεάτρων
489 1500 1071 1627 παρεχωροῦντο
1169 1479 1564 1591 ἀπαύστως
1629 1505 1746 1576 εἰς
1799 1473 1906 1562 τοὺς
1947 1447 2170 1545 Γονεῖς

58 1772 228 1870 μας
318 1734 451 1859 ἀλλ’
531 1747 607 1812 ἡ
654 1711 973 1855 Μήτηρ
965 1770 1195 1896 μας
1256 1707 1432 1828 εἶχε
1483 1685 2136 1829 προτίμησιν
2138 1670 2230 1740 διὰ

63 1960 164 2063 τὰς
233 1966 629 2135 τραγῳδίας
709 1954 1168 2067 κατέχουσα
1236 1942 1374 2035 ἤδη
1462 1917 1902 2057 ἀρκούντως
1976 1883 2159 1984 τὴν

55 2218 480 2356 Ἀγγλικὴν
559 2220 749 2307 ὥστε
814 2226 936 2295 νὰ
971 2183 1329 2293 δύναται
1387 2198 1507 2265 νὰ
1546 2127 2111 2265 παρακολουθῇ

82 2448 410 2605 εὐχερῶς
476 2449 579 2563 τὰ
645 2442 790 2537 ἐπὶ
862 2427 991 2534 τῆς
1074 2399 1401 2521 σκηνῆς
1469 2400 1664 2533 ἀλλὰ
1684 2391 1882 2477 καὶ
1924 2361 2091 2462 τὰ

48 2671 695 2859 μελοδράματα
695 2710 865 2841 μὲ
903 2694 1026 2793 τὴν
1051 2696 1314 2846 Grizi
1347 2681 1467 2771 εἰς
1536 2658 1661 2754 τὴν
1721 2630 1998 2779 ἀκμήν
2045 2629 2182 2762 της,

75 2940 239 3005 καὶ
291 2915 407 3009 τὴν
474 2898 1017 3052 Malibran,
1075 2911 1207 3007 τὴν
1279 2886 1592 3058 ἔθελγον.
1609 2886 1769 3012 Πρὸ
1795 2883 2089 2987 πάντων
2079 2870 2227 2998 ὅμως

74 3131 318 3247 ἐκεῖνο
387 3143 471 3243 τὸ
530 3133 816 3244 ὁποῖον
865 3138 980 3226 τὴν
1038 3136 1580 3269 κατέπλησσεν
1636 3120 1801 3240 ἦτο
1860 3161 1961 3229 ἡ
1970 3153 2055 3229 εἰς
2093 3142 2190 3231 τὰς
