2228 3408
250 156 388 242 οἱ
326 138 629 338 ξένοι
699 112 866 240 οὗτοι
949 135 1062 230 ὅτε
1140 107 1508 217 ἤκουσαν
1575 113 1787 210 αὐτὸν
1801 107 2173 269 λέγοντα

28 359 631 537 μεγαλοφώνως,
616 329 717 435 "Ὁ
779 324 1223 457 Πρεσβευτὴς
1304 323 1410 440 τῆς
1442 317 1749 468 Ἑλλάδος
1813 339 1981 408 καὶ
2041 322 2200 393 ἡ

35 615 270 727 Κυρία
296 575 842 727 Τρικούπη".
875 574 1050 679 Ἡ
1066 562 1502 721 ἐνδυμασία
1567 550 1692 652 τῆς
1736 522 2100 652 Μητρός
2041 559 2192 656 μας

29 842 240 949 χάρις
305 844 399 921 εἰς
471 821 598 927 τὰς
658 821 1012 970 συμβουλὰς
1102 822 1281 901 καὶ
1334 797 1466 894 τὰς
1521 776 1842 932 ὁδηγίας
1904 753 2114 853 τῶν

25 1050 333 1222 Γαλλίδων
409 1044 1032 1220 Πριγκηπισσῶν
1102 992 1228 1104 ἦτο
1291 1006 1430 1129 ὄχι
1427 989 1710 1145 μόνον
1767 937 2196 1084 ἀνεπίληπτος,

48 1303 211 1450 ἀλλὰ
299 1300 460 1390 καὶ
514 1266 838 1419 πλουσία
891 1263 1060 1340 καὶ
1106 1206 1581 1347 ὡραιοτάτη,
1613 1206 1697 1289 ἡ
1706 1177 1828 1276 δὲ
1821 1164 2166 1280 ὑπόκλισίς

40 1554 158 1672 της
221 1562 403 1667 πρὸς
466 1536 574 1641 τὰς
644 1502 1241 1660 παρισταμένας
1302 1424 1604 1609 τελεία,
1627 1422 1819 1529 ὅπως
1886 1406 2048 1486 καὶ
2078 1395 2150 1457 ἡ

57 1794 241 1897 πρὸ
275 1781 375 1875 τοῦ
421 1733 823 1884 Βασιλέως
928 1742 1088 1845 ἥτις
1145 1700 1555 1854 παρουσίαζε
1641 1648 2125 1799 δυσχερείας

70 2044 229 2130 καὶ
279 2033 406 2114 εἰς
468 2002 584 2095 τὰς
647 1988 996 2157 μᾶλλον
1049 1964 1648 2111 πεπειραμένας
1730 1898 2041 2038 ἕνεκεν
2063 1908 2195 1998 τοῦ

44 2265 355 2404 μακροῦ
368 2224 700 2393 μανδύα
794 2215 996 2298 ὅστις
1094 2166 1439 2318 εὐκόλως
1552 2111 2050 2267 παρεκώλυε
2082 2095 2195 2186 τὰς

52 2438 474 2558 κινήσεις
565 2418 679 2538 τῆς
727 2416 1131 2561 φερούσης
1223 2384 1485 2514 αὐτόν,
1545 2378 1731 2516 ἀλλὰ
1806 2342 2011 2438 καὶ
2015 2317 2214 2414 ταύτην

78 2666 245 2801 εἶχε
322 2647 699 2769 διδαχθῆ
765 2609 1441 2759 ἐπανειλημμένως
1522 2587 1741 2687 παρὰ
1799 2555 1909 2636 τῶν
1938 2530 2215 2675 Πριγκηπισσῶν

73 2877 232 2973 ὥστε
311 2847 679 3016 οὐδεμίαν
766 2837 1330 2971 στενοχωρίαν
1403 2796 1800 2911 ἠσθάνθη
1860 2820 2054 2895 κατὰ
2066 2807 2196 2885 τὴν

81 3082 524 3227 κρίσιμον
599 3065 936 3224 στιγμὴν
1015 3072 1136 3164 τῆς
1226 3046 1802 3165 παρουσιάσεως
1838 3065 1935 3134 ὁ
1949 3046 2060 3130 δὲ
2037 3048 2214 3190 Βασιλεὺς

58 3262 371 3362 τοσοῦτον
456 3263 780 3382 ἐθέλχθη
836 3255 983 3345 ἐπὶ
1046 3247 1148 3367 τῇ
1191 3243 1323 3328 θέᾳ
1369 3235 1482 3330 της
1539 3230 1701 3322 ὥστε
1780 3224 1957 3302 καὶ
1987 3216 2089 3337 τῇ
