2239 3408
420 107 1066 250 προσεκλήθησαν
1128 135 1260 225 δὲ
1290 140 1512 217 παρὰ
1546 120 1720 208 τοῦ
1759 123 2206 265 Παλμερστῶνος

50 368 200 472 διὰ
275 352 584 483 πρώτην
619 364 913 484 φορὰν
988 364 1188 447 καὶ
1231 380 1365 446 αἱ
1381 365 1668 459 Κυρίαι
1709 351 1853 447 τῶν
1869 342 2218 455 Πρέσβεων

57 568 235 734 δηλ:
276 600 376 677 ἡ
430 558 813 674 Δούκισσα
878 551 987 652 τοῦ
1045 555 1296 683 Dino,
1350 576 1453 649 ἡ
1454 542 2063 706 Πριγκήπισσα
2078 542 2187 630 τοῦ

44 842 340 935 Lieven
411 838 601 903 καὶ
637 827 819 940 ὅλαι
880 821 1013 891 αἱ
1032 799 1227 931 ἄλλαι
1267 786 1533 874 καθὼς
1584 784 1767 858 καὶ
1786 779 1873 841 ἡ
1872 750 2146 858 Μήτηρ

39 1084 282 1207 μας.
326 1018 481 1111 Τὴν
552 1006 1003 1117 ἐπαύριον
1094 1001 1217 1088 δὲ
1251 969 1741 1127 κατέκλυζον
1789 962 1919 1062 τὴν
1929 942 2216 1078 Ἑλληνικὴν

71 1239 567 1381 Πρεσβείαν
615 1219 715 1324 τὰ
773 1185 1390 1307 ἐπισκεπτήρια
1451 1197 1623 1288 καὶ
1649 1208 1764 1276 αἱ
1772 1172 2178 1295 προσκλήσεις.

37 1481 176 1596 Ἡ
196 1463 614 1583 παρουσία
670 1440 799 1561 τῆς
864 1434 1238 1579 Μητρός
1214 1489 1411 1604 μας
1488 1422 1767 1523 ἔκτοτε
1825 1379 2186 1514 ἐθεωρήθη

42 1679 595 1820 ἀπαραίτητος
629 1693 770 1832 εἰς
848 1674 991 1779 τὰς
1070 1650 1575 1750 κοινωνικὰς
1629 1615 1758 1721 τῆς
1817 1594 2128 1742 Ἀγγλίας

39 1904 575 2028 συναθροίσεις
640 1913 817 1988 καὶ
841 1876 1214 1980 ἐπειδὴ
1228 1893 1314 1989 ὁ
1344 1857 1597 1991 Πατήρ
1596 1906 1796 2015 μας
1833 1854 2023 1958 πρὸ
2052 1828 2172 1919 τῆς

39 2134 583 2266 Ἐπαναστάσεως
669 2115 1015 2263 διήρχετο
1110 2116 1265 2217 ἐπὶ
1347 2107 1488 2208 ἔτη
1544 2101 1668 2207 τὰς
1722 2082 2127 2194 διακοπὰς

22 2390 156 2496 τῶν
163 2366 712 2546 μαθημάτων
766 2356 901 2452 τῶν
966 2332 1700 2479 Πανεπιστημίων
1781 2281 2062 2458 Πίζης
2072 2336 2195 2390 καὶ

47 2623 368 2723 κατόπιν
437 2593 857 2720 Παρισίων
936 2593 1047 2694 εἰς
1100 2584 1237 2686 τὴν
1307 2573 1637 2703 ἔπαυλιν
1705 2535 1812 2637 τοῦ
1845 2511 2145 2619 λόρδου

43 2829 415 2966 Γυλφόρδου,
486 2838 618 2954 ὄχι
647 2825 1048 2984 μακρὰν
1126 2810 1229 2909 τοῦ
1245 2794 1611 2899 Λονδίνου
1667 2774 1825 2865 ὅπου
1860 2758 2171 2892 ἐσύχναζον

67 3084 253 3207 πολλὰ
284 3067 514 3208 μέλη
555 3064 667 3162 τῆς
741 3058 1114 3199 Ἀγγλικῆς
1174 3036 1778 3162 ἀριστοκρατίας,
1816 3038 2227 3199 ἐπροθυμοποιήθησαν

60 3292 203 3375 ταῦτα
267 3299 427 3377 ὅπως
480 3290 846 3393 ἐπιδείξωσι
901 3284 1062 3377 πρὸς
1117 3281 1312 3362 αὐτὸν
1377 3262 1825 3398 ἐκτίμησιν
1881 3307 2002 3357 καὶ
2028 3273 2138 3358 τὸν
