2275 3408
244 151 622 308 διαφόρους
717 155 1036 314 ἐπαύλεις
1125 157 1240 274 τῆς
1300 156 1904 291 Ἀριστοκρατίας
1951 157 2231 307 διαμονή

70 411 195 547 της,
253 420 445 515 διότι
506 409 599 510 τὸ
644 380 928 542 ἀληθὲς
972 427 1436 598 μεγαλεῖον
1470 377 1581 491 τῆς
1573 388 1787 542 ζωῆς
1802 367 1929 470 τῶν
1963 327 2234 517 Ἄγγλων

58 680 129 768 ἐν
183 647 467 768 Αὐταῖς
540 630 1194 773 καταφαίνεται.
1215 619 1351 731 Τὸ
1348 615 1721 804 μέγεθος
1748 608 1869 709 τῶν
1842 575 2240 767 λεγομένων

52 862 455 1023 Ἐπαύλεων,
504 893 648 1039 ἀλλ’
698 871 976 1042 ἀληθῶς
1051 859 1561 984 Ἀνακτόρων.
1615 843 1750 955 τὰ
1774 832 2239 982 εὑρισκόμενα

60 1140 541 1262 ἁπανταχοῦ
628 1121 906 1221 αὐτῶν
996 1071 1502 1273 ἐσπαρμένα
1672 1054 2165 1229 ἀπειράριθμα

63 1344 777 1509 ἀριστουργήματα
840 1336 1111 1473 τέχνης
1220 1343 1394 1428 καὶ
1436 1322 1716 1468 πλούτου.
1724 1320 1869 1426 Αἱ
1873 1313 2243 1416 πινακοθῆκαι

39 1578 200 1691 των·
235 1574 417 1679 Aἱ
433 1547 1014 1713 Βιβλιοθῆκαί
1095 1561 1285 1674 των·
1301 1563 1440 1671 Tὰ
1480 1551 1920 1739 ἀγάλματα·
1968 1554 2110 1634 οἱ
2086 1534 2240 1619 κῆποι

30 1828 159 1945 Tὰ
213 1810 618 1949 ἀπέραντα
712 1799 1401 1981 θερμοκήπια·
1462 1825 1585 1903 οἱ
1630 1770 2156 1949 θαυμάσιοι

67 2060 389 2219 σταῦλοι
412 2086 676 2258 μετὰ
753 2064 889 2169 τῶν
979 2042 1465 2207 πολυπληθῶν
1548 2022 1797 2124 ἵππων
1829 2020 2000 2117 των·
2019 2023 2164 2096 καὶ
2149 2013 2226 2089 τὰ

51 2292 655 2490 ἁμαξοστάσια
737 2306 1019 2447 πλήρη
1085 2303 1388 2476 ἁμαξῶν
1448 2292 1747 2395 πάσης
1792 2291 2118 2421 φύσεως
2136 2258 2237 2376 ἦσαν

54 2561 319 2665 ἱκανὰ
389 2573 488 2661 νὰ
557 2550 937 2655 κινήσουν
1007 2543 1127 2641 τὸν
1197 2530 1679 2700 θαυμασμὸν
1779 2518 1921 2653 ὄχι
1930 2518 2211 2669 μόνον

71 2781 172 2893 τῆς
260 2743 606 2885 Μητρός
621 2807 814 2944 μας
891 2752 1060 2859 ἥτις
1133 2757 1236 2853 ἐκ
1284 2745 1391 2849 τῆς
1453 2726 1570 2842 ἐν
1573 2724 2170 2868 "Ἀρναουτκιοή"

64 3017 357 3123 οἰκίας
408 3007 519 3114 της
621 2995 1056 3129 εὑρίσκετο
1065 2991 1618 3165 ξενιζομένη
1682 2993 1762 3068 ἐν
1803 2969 2065 3106 αὐταῖς,
2070 2990 2227 3119 ἀλλὰ

52 3224 191 3313 καὶ
231 3212 408 3301 πάσης
466 3206 653 3349 ἄλλης
680 3211 898 3331 Κυρίας
957 3226 1453 3371 προερχομένης
1481 3227 1568 3309 ἐκ
1600 3214 1978 3324 πρωτευούσης
2005 3206 2229 3377 Εὐρωπαϊκῆς
