2251 3408
75 108 454 230 ἑκάστην
491 107 885 220 τοιαύτην
941 123 1292 279 ἔνδειξιν
1357 93 1664 212 εὐνοίας
1672 109 1818 204 Της
1866 111 1972 199 διὰ
2007 100 2124 188 τοῦ

46 347 452 496 τελετάρχου
485 348 628 508 της,
670 359 851 449 εἴτε
936 317 1333 501 ἐγγράφως
1405 326 1569 421 εἴτε
1627 292 2157 419 προφορικῶς,

59 580 173 713 ὅτι
239 605 411 700 αὕτη
466 578 797 779 ἐγίνετο
880 581 1433 694 προσωπικῶς
1495 569 1661 682 πρὸς
1701 543 1818 638 τὸν
1865 502 2171 629 Κύριον

49 841 214 921 καὶ
244 819 379 925 τὴν
442 814 743 923 Κυρίαν
790 787 1361 928 Τρικούπη.
1400 765 1573 877 Καὶ
1620 744 1738 846 τὸν
1789 731 2186 864 Χαρίλαον

56 1026 543 1198 Γραμματέα
600 1035 769 1137 ὄντα
819 1022 953 1129 τῆς
1002 1006 1402 1150 Ἑλληνικῆς
1472 975 1881 1118 Πρεσβείας
1927 972 2225 1104 προσεκάλει

63 1303 157 1389 εἰς
227 1278 666 1409 Βασιλικὰ
738 1233 1094 1424 Γεύματα,
1159 1262 1333 1398 ἐνῷ
1377 1234 1584 1355 οὐδεὶς
1660 1200 2147 1379 Γραμματεὺς

56 1507 481 1642 Πρεσβείας
568 1503 915 1609 οὐδέποτε
1002 1468 1549 1607 παρεκάθισεν
1567 1485 1687 1560 εἰς
1749 1436 2166 1546 τοιαύτην

63 1756 172 1863 τῆς
250 1736 675 1891 Ἀγγλικῆς
760 1709 1034 1862 Αὐλῆς
1103 1707 1632 1818 Ἑστίασιν.
1663 1690 1910 1796 Κατὰ
1946 1673 2093 1767 τὰς
2118 1718 2222 1802 πρώτας

59 1995 338 2160 ἡμέρας
399 1986 543 2095 τῆς
625 1973 1040 2123 διαμονῆς
1083 1945 1214 2045 τῆς
1275 1920 1647 2055 Μητρός
1656 1959 1877 2076 μας
1934 1909 2057 1993 ἐν
2056 1904 2222 2051 Λονδίνῳ

70 2213 461 2342 παρέστη
463 2230 599 2318 αὕτη
582 2216 793 2297 καὶ
881 2195 986 2285 εἰς
1068 2169 1214 2276 δύο
1234 2115 2144 2338 μεγαλοπρεπεστάτας

48 2442 400 2595 τελετάς:
408 2434 586 2552 Τὴν
660 2429 790 2537 τῆς
879 2408 1191 2588 ἐκλογῆς
1257 2405 1362 2495 τοῦ
1409 2380 1673 2483 Δουκὸς
1711 2357 1817 2458 τοῦ
1832 2324 2224 2476 Wellington

53 2700 138 2787 ὡς
181 2684 680 2818 Chancellor
758 2647 878 2771 τοῦ
914 2657 1533 2796 Πανεπιστημίου
1588 2606 1709 2710 τοῦ
1729 2583 2123 2727 Oxford
2107 2605 2221 2659 καὶ

50 2946 188 3052 τὴν
260 2934 371 3030 τῆς
454 2888 902 3024 "Musical
960 2876 1453 2984 Festival"
1453 2899 1557 2969 εἰς
1594 2858 1707 2953 τὴν
1761 2831 2190 2979 Ἐκκλησίαν

50 3166 144 3254 τοῦ
191 3153 699 3252 Westminster
775 3127 925 3233 ἥτις
949 3127 1406 3269 ἐλάμβανεν
1413 3117 1671 3235 χώραν
1707 3129 1847 3215 τότε
1909 3120 2104 3192 καθ’

89 3292 379 3377 ἑκάστην
470 3289 1418 3389 πεντηκονταετηρίδα.
1420 3286 1508 3377 Τὸ
1518 3264 1742 3390 θέαμα
1766 3273 1868 3366 ἦτο
1880 3263 2194 3390 λαμπρόν.
