2229 3408
35 98 364 252 ὡμίλησεν
414 124 545 209 ἐπί
587 127 718 206 τινα
755 130 999 225 λεπτὰ
1041 111 1153 198 τῆς
1197 102 1393 280 ὥρας,
1436 95 1688 227 πρᾶγμα
1723 96 1865 216 ὅλως
1902 95 2186 215 ἀσύνηθες

38 349 147 441 εἰς
194 324 301 428 τὰς
351 315 655 429 τοιαύτας
703 305 1101 429 τελετάς.
1125 297 1301 422 Περὶ
1377 307 1488 403 τοῦ
1549 309 2173 457 Drawing-room

47 543 231 702 τούτου,
279 548 395 641 τοῦ
412 533 783 672 λαβόντος
848 506 1100 660 χώραν
1143 538 1406 664 χάριν
1459 516 1584 623 τῆς
1648 514 1936 637 ἑορτῆς
1977 503 2137 599 τοῦ

29 765 460 919 Βασιλέως,
469 771 805 935 γράφει
881 781 952 875 ἔν
991 779 1156 874 τινι
1279 744 1916 920 δημοσιευθείσῃ
1949 731 2193 866 ἐπιστολῇ

24 1010 138 1104 τῆς
180 1010 394 1126 29ης
434 971 675 1105 Μαΐου
748 998 866 1105 τοῦ
914 1018 1145 1106 1834
1230 994 1324 1082 ἡ
1330 978 1779 1080 Δούκισσα
1832 962 1958 1056 τοῦ
1987 948 2187 1096 Dino,

36 1227 113 1301 ἡ
160 1183 565 1320 ἐκτελοῦσα
620 1217 860 1316 χρέη
965 1195 1649 1310 οἰκοδεσποίνης
1720 1211 1817 1293 εἰς
1904 1170 2069 1269 τὴν

37 1412 452 1554 Γαλλικὴν
553 1389 1073 1525 Πρεσβείαν
1161 1418 1245 1499 ὡς
1316 1394 1666 1578 Ἀνεψιὰ
1696 1401 1802 1497 τοῦ
1829 1382 2195 1520 Τalleyrand

25 1660 222 1757 ὅστις
299 1653 498 1746 κατὰ
566 1653 692 1751 τὴν
772 1633 1087 1776 ἐποχὴν
1174 1633 1529 1745 ἐκείνην
1617 1609 2208 1749 ἀντιπροσώπευε

31 1864 150 1967 τὴν
223 1839 550 1993 Γαλλίαν
631 1880 718 1960 ἐν
772 1857 1145 1993 Λονδίνῳ,
1213 1857 1335 1957 ὅτι
1402 1832 1785 1981 "διήρκεσε
1859 1874 1938 1961 3
1969 1861 2141 1982 ὅλας

25 2058 232 2258 ὥρας
285 2086 743 2254 διελθόντων
824 2120 969 2218 πρὸ
1048 2080 1152 2187 τῆς
1223 2076 1721 2212 Βασιλικῆς
1774 2049 2168 2235 οἰκογενείας

25 2338 247 2459 πλέον
300 2338 429 2444 τῶν
479 2344 789 2471 χιλίων
861 2313 1447 2433 ὀκτακοσίων
1505 2311 1810 2475 ἀτόμων
1883 2335 2043 2404 καὶ
2071 2306 2178 2392 ὅτι

22 2558 435 2714 ἀπέκαμον
514 2546 602 2645 ἐκ
680 2540 797 2640 τῆς
894 2530 1270 2626 κοπώσεως
1366 2527 1535 2666 ὅλαι
1591 2556 1693 2622 αἱ
1707 2527 1814 2629 τοῦ
1825 2539 2191 2652 Διπλωματικοῦ

19 2770 328 2914 Σώματος
417 2791 731 2936 Κυρίαι,
790 2781 1029 2891 ἐκτὸς
1056 2807 1349 2948 μόνον
1412 2795 1547 2894 τῆς
1616 2796 1899 2921 ὡραίας
1911 2808 2148 2958 Συζύγου

25 3028 123 3117 τοῦ
171 3000 740 3143 νεοαφιχθέντος
813 3021 1258 3153 Πρεσβευτοῦ
1306 3037 1426 3133 τῆς
1453 3025 1775 3188 Ἑλλάδος
1832 3054 2001 3152 ἥτις
2024 3058 2181 3191 ἄνθεξε

8 3233 336 3364 λαμπρὰ
406 3245 575 3313 καὶ
639 3244 739 3323 ὡς
789 3236 854 3326 ἐκ
922 3235 1026 3334 τῆς
1080 3239 1278 3378 ἕξεως
1337 3256 1438 3357 τῆς
1476 3241 2028 3368 ὀρθοστασίας
2058 3273 2161 3353 τῶν
