2239 3420
61 101 691 300 μεγαλουπόλεως.
713 123 837 278 Τῷ
878 128 1224 269 καιρῷ
1266 116 1573 263 ἐκείνῳ
1640 138 1745 238 δὲν
1809 137 2129 266 ὑπῆρχον
2141 168 2209 237 τὰ

45 376 602 548 σημερινὰ
591 365 1095 541 λεγόμενα
1135 333 1664 519 "Week-ends",
1662 357 1882 469 Tότε
1918 350 2176 470 ἐκαλοῦντο

38 632 160 717 εἰς
222 598 337 702 τὰς
406 584 685 772 ἐξοχὰς
751 590 978 698 ταύτας
1045 588 1193 689 ἐπὶ
1242 585 1659 745 διαμονῇ
1723 562 1951 673 πέντε
1981 562 2051 652 ἤ
2028 540 2158 721 ἓξ

30 817 379 999 ἡμερῶν,
437 835 591 911 καὶ
647 795 1031 977 πολλάκις
1086 812 1253 893 καὶ
1305 779 1692 931 ἑβδομάδος
1737 761 2114 909 ὁλοκλήρου,

55 1019 608 1232 ἐφιλοξενοῦντο
688 1063 811 1149 δὲ
848 1065 942 1143 ἐν
992 1041 1248 1189 ταυτῷ,
1298 1049 1376 1125 ὡς
1435 1022 1577 1122 ἐπὶ
1630 1020 1740 1116 τὸ
1776 983 1991 1132 πολύ,
1989 1011 2126 1096 50
2113 1000 2192 1069 ἢ

44 1325 152 1401 60
213 1284 489 1434 ἄτομα
551 1296 706 1375 καὶ
791 1272 1095 1371 ἐνίοτε
1114 1273 1429 1414 μέχρι
1500 1262 1646 1356 τῶν
1695 1263 1887 1367 70.
1922 1219 2191 1343 Ἐδίδοντο

60 1502 585 1653 παραστάσεις,
608 1503 909 1657 χοροὶ
975 1521 1126 1603 καὶ
1195 1477 1641 1602 ὑπαίθριοι
1696 1446 2169 1591 διασκεδάσεις

42 1764 554 1950 ἐξερχόμενοι
672 1759 771 1845 δέ
824 1771 932 1880 ἐφ’
980 1739 1294 1910 ἁμαξῶν
1360 1717 1592 1839 τινὲς
1663 1720 1804 1811 τῶν
1813 1699 2088 1838 μὴ

35 1984 484 2113 ἱππευόντων
538 1967 988 2166 διέσχιζον
1087 1967 1234 2070 ἐπὶ
1303 1949 1521 2090 ὥρας,
1565 1947 1764 2034 κατ’
1758 1905 2103 2025 εὐθεῖαν

64 2242 491 2400 γραμμήν,
543 2224 652 2324 τὸ
702 2204 1006 2355 κτῆμα
1066 2185 1592 2325 διερχόμενοι
1651 2150 1870 2291 δάση,
1903 2148 2127 2303 ἀγρούς,

32 2468 359 2596 χωρία
422 2470 519 2565 τὰ
591 2455 822 2561 πάντα
926 2437 1308 2551 ἀνήκοντα
1392 2464 1493 2546 εἰς
1548 2438 1667 2537 τοὺς
1656 2406 2123 2587 ξενίζοντας

29 2711 293 2856 αὐτούς,
317 2732 469 2803 καὶ
537 2722 609 2812 ἐν
653 2718 948 2815 τούτοις
1020 2701 1141 2805 δὲν
1194 2702 1699 2814 παρετηρεῖτο
1770 2712 1883 2795 εἰς
1933 2692 2058 2776 τοὺς

48 2911 577 3032 οἰκοδεσπότας
662 2918 772 3024 οὔτε
853 2914 1041 3044 ἴχνος
1100 2944 1685 3051 αὐταρεσκείας
1728 2969 1803 3042 ἢ
1817 2955 2197 3076 ὑπερηφανείας

49 3154 228 3294 ἀλλὰ
260 3147 558 3299 μόνον
636 3147 1088 3270 προσπάθεια
1134 3195 1223 3257 νὰ
1263 3185 1813 3298 καταστήσωσιν
1820 3186 2154 3294 εὐάρεστον

70 3330 177 3395 τὴν
249 3302 628 3411 διαμονήν
686 3330 814 3395 των
876 3337 962 3400 εἰς
1030 3316 1128 3393 τοὺς
1148 3294 1841 3413 ξενιζομένους.
