2240 3408
304 143 911 261 θρησκευτικῶν
958 141 1269 271 τελετῶν
1311 133 1452 268 της,
1516 189 1652 235 καὶ
1685 124 1847 226 τῆς
1858 138 2184 234 κατεχούσης

52 381 272 481 αὐτὴν
322 379 761 524 περιεργείας
836 388 993 461 καὶ
1030 364 1351 476 ἀπορίας
1406 380 1485 460 ἐκ
1523 359 1630 456 τοῦ
1641 346 2169 488 ἐκτυλισσομένου

41 584 217 715 πρὸ
271 585 498 686 αὐτῆς
612 560 1034 713 θεάματος,
1074 547 1575 653 ἀπευθύνουσα
1630 557 1834 657 πρός
1818 559 2012 682 με
2001 550 2185 637 ἐνίοτε

96 821 263 899 καὶ
313 796 616 939 σκέψεις
678 780 801 866 της
853 779 1020 846 καὶ
1088 744 1763 843 διασκεδαστικὰς
1805 734 2186 885 παρεξηγήσεις,

1562 853 1908 945 Chancelier)
1387 871 1543 964 (Lord

75 1031 158 1117 ὡς
177 1002 386 1144 λόγου
442 991 721 1116 χάριν
803 982 932 1070 ὅτε
999 965 1169 1061 εἶδε
1247 965 1373 1072 τὸν
1391 965 1923 1103 Chancelier
1987 945 2113 1026 νὰ

92 1216 435 1337 διέρχεται
504 1178 877 1322 φέροντα
946 1168 1076 1259 τὸν
1089 1157 1728 1330 μεγαλοπρεπὴ
1733 1110 2180 1233 Μανδύαν

74 1433 157 1541 του
198 1437 362 1522 καὶ
418 1401 556 1497 τὴν
572 1397 920 1521 λευκὴν
942 1377 1347 1535 μακρὰν
1388 1355 1758 1465 Φενάκην
1817 1350 1968 1416 καὶ
1993 1338 2200 1443 κρατοῦντα

117 1646 260 1739 ἀνὰ
314 1613 638 1744 χεῖρας
690 1589 827 1705 τὸν
870 1569 1552 1720 χρυσοκέντητον
1591 1521 1977 1655 Σάκκον,
2024 1524 2154 1616 τὸν

87 1839 537 1975 περιέχοντα
582 1816 699 1932 τὰς
747 1806 1202 1978 Σφραγίδας
1260 1772 1383 1887 τοῦ
1404 1770 1725 1921 Κράτους,
1792 1728 1954 1854 τὸν
1909 1722 2187 1889 ἐξέλαβε

115 2099 191 2188 δι’
230 2047 1022 2194 Ἀρχιεπίσκοπον
1094 2000 1491 2127 κρατοῦντα
1548 2000 1652 2096 τὸ
1698 1939 2181 2138 Εὐαγγέλιον,

142 2281 531 2378 καθίστα
603 2274 718 2358 δὲ
769 2264 873 2352 τὴν
906 2209 1471 2400 παρεξήγησιν
1476 2207 1729 2315 ταύτην
1743 2207 1851 2291 ἔτι
1837 2174 2141 2338 μᾶλλον

116 2471 807 2589 διασκεδαστικὴν
879 2470 958 2541 ὡς
1024 2424 1715 2597 ἐφαρμοζομένης
1780 2404 1894 2499 τῆς
1926 2385 2182 2497 ἰδιότητος

118 2681 225 2760 τοῦ
288 2649 681 2795 κληρικοῦ
732 2675 853 2742 εἰς
963 2650 1083 2740 τὸν
1124 2621 1428 2730 λόρδον
1494 2592 2149 2754 Βrougham".

39 2909 186 3009 Τὴν
268 2890 591 2995 ἑσπέραν
665 2891 783 2995 τῆς
858 2892 1069 2994 αὐτῆς
1142 2876 1422 3024 ἡμέρας
1480 2846 1678 2967 ἐδόθη
1709 2865 1904 2996 μέγα
1903 2854 2195 3003 Διπλωματικὸν

24 3135 254 3294 γεῦμα
314 3162 412 3232 εἰς
474 3130 569 3222 τὸ
597 3108 961 3279 Ὑπουργεῖον
999 3147 1281 3264 χάριν
1317 3136 1435 3237 τῆς
1489 3137 1735 3254 ἑορτῆς
1755 3130 1868 3234 τοῦ
1858 3129 2192 3260 Βασιλέως.
