2240 3408
171 125 748 265 ἐπεσκέφθησαν
825 152 1124 261 πρῶτοι
1201 172 1406 266 παρὰ
1455 149 1567 239 τὴν
1633 143 2225 281 παραδεδεγμένην

82 371 548 533 ἐθιμοτυπίαν,
751 387 1019 486 πρώτης
1088 362 1547 519 ἐπισκέψεως
1610 358 2189 520 προερχομένης
575 385 683 481 τῆς

69 598 161 689 ἐκ
224 598 334 690 τῶν
391 592 974 738 ἀφικνουμένων
1058 583 1513 709 Πρεσβευτῶν
1566 602 1745 699 πρὸς
1781 580 1887 664 τὰς
1901 569 1996 659 τοῦ
2017 564 2173 645 τόπου

59 792 585 955 οἰκογενείας.
611 788 874 916 Μετὰ
918 806 1031 903 τὰς
1090 804 1398 906 τυπικὰς
1462 810 1823 976 δεξιώσεις
1856 799 1982 908 τῶν
1997 778 2213 898 Γονέων

36 1060 185 1179 μου
227 1050 417 1144 παρὰ
483 1018 601 1110 τῶν
655 1005 1078 1124 διαφόρων
1094 1049 1340 1164 μελῶν
1401 1019 1523 1115 τῆς
1576 992 2068 1132 Βασιλικῆς

74 1234 641 1393 Οἰκογενείας,
713 1247 793 1320 ἡ
837 1219 1269 1321 Δούκισσα
1315 1208 1413 1304 τοῦ
1440 1216 1666 1323 Kent,
1705 1183 1996 1304 Μήτηρ
2055 1178 2181 1268 τῆς

46 1471 300 1581 15ετοῦς
393 1467 580 1624 Πριγ
625 1453 1207 1587 Βικτωρίας,
1238 1453 1381 1523 καὶ
1388 1423 1812 1587 μελλούσης
1867 1421 2216 1530 Βασιλίσσης

53 1679 578 1812 προσεκάλει
652 1677 872 1772 αὐτοὺς
962 1685 1223 1792 συνεχῶς
1309 1696 1416 1765 εἰς
1447 1680 1790 1824 μικρὰς
1830 1653 2193 1758 ἑσπερίδας

67 1913 268 2000 κατὰ
314 1913 435 1992 τὰς
489 1881 761 1984 ὁποίας
843 1912 920 1984 ἡ
952 1900 1211 2001 νεαρὰ
1279 1862 1655 2046 Ἡγεμονὶς
1720 1871 2191 1991 προσεπάθει

64 2165 158 2234 νὰ
218 2133 358 2265 ἔχῃ
424 2128 754 2238 διαρκῶς
815 2124 1183 2261 πλησίον
1239 2126 1373 2220 της
1408 2122 1542 2200 τὴν
1593 2079 1999 2195 Μητέρα
1994 2123 2187 2215 μας,

69 2340 404 2475 ἐκδηλοῦσα
455 2358 631 2461 πρὸς
671 2345 903 2438 αὐτὴν
981 2326 1398 2499 ἰδιάζουσαν
1472 2319 1976 2471 συμπάθειαν,
2041 2319 2145 2412 ἣν

72 2593 222 2665 καὶ
277 2559 745 2674 διετήρησε
809 2562 954 2641 καὶ
960 2563 1192 2687 μετὰ
1267 2524 1397 2631 τὴν
1467 2550 1574 2621 εἰς
1629 2525 1744 2612 τὸν
1805 2498 2191 2618 θρόνον

86 2787 394 2893 ἄνοδόν
452 2769 593 2908 της,
668 2799 956 2917 πολλὰς
1029 2789 1147 2879 δὲ
1174 2772 1755 2918 ἐπιδαψίλευεν
1795 2785 1900 2852 εἰς
1984 2740 2167 2825 τὴν

81 3020 291 3139 ὅλην
358 2986 933 3151 οἰκογένειάν
948 3035 1162 3143 μας,
1194 3016 1292 3085 ὡς
1336 2984 1822 3104 Βασίλισσα,
1845 2969 2194 3124 ἐξαιρετικὰς

93 3225 670 3356 περιποιήσεις,
672 3250 839 3389 μὴ
896 3248 1333 3365 παραλείπουσα
1380 3265 1482 3334 νὰ
1522 3240 1917 3380 διαμηνύῃ
1985 3236 2109 3318 εἰς
