2251 3420
71 264 520 451 ἐμπαθείας.
630 249 830 395 Οὐδὲν
898 282 1022 389 τὴν
1100 268 1550 458 ἐκλόνιζεν
1604 293 1745 393 τῶν
1804 296 2205 431 πεποιθήσεών

52 524 147 648 της.
252 560 838 727 Συνεμερίζετο
928 562 1263 675 πάντοτε
1354 568 1475 673 τὰς
1498 546 1899 743 γνώμας
1969 569 2103 674 τοῦ

63 745 369 892 Πατρός
384 829 580 956 μας
642 780 1426 981 ἀποτροπιαζομένη
1490 800 1604 908 τὰς
1666 799 2135 951 συνωμοσίας

52 1033 223 1110 καὶ
308 1007 419 1111 τὰ
496 1003 855 1173 ἔκρυθμα
979 1007 1412 1173 κινήματα.
1444 999 1707 1104 Ἔδιδε
1724 1016 2015 1170 λόγον
2004 977 2144 1076 καὶ
2048 1018 2157 1103 τῶν

71 1248 791 1408 παραμικροτέρων
872 1254 1231 1423 πράξεών
1289 1272 1405 1363 της
1482 1286 1585 1362 εἰς
1662 1261 1778 1352 τὸν
1854 1226 2141 1352 Πατέρα

19 1540 170 1660 μας
214 1499 494 1660 μέχρι
570 1488 745 1637 τέλους
807 1489 915 1602 τῆς
899 1485 1165 1676 ζωῆς
1211 1461 1444 1581 της.
1474 1444 1655 1566 Ἡ
1620 1423 2005 1609 ὁμόνοιά
2035 1432 2149 1520 των

55 1744 194 1844 ἦτο
300 1745 476 1844 κάτι
551 1714 1008 1842 θεσπέσιον,
1042 1709 1462 1886 ἄγνωστον
1529 1673 1852 1801 δυστυχῶς
1873 1680 1985 1814 εἰς
2032 1651 2140 1742 τὰς

36 1959 296 2072 σχέσεις
371 1948 484 2037 τών
533 1935 1003 2092 σημερινῶν
1083 1885 1725 2079 οἰκογενειῶν.
1744 1868 2142 2005 Σεβασμὸς

34 2160 486 2309 ἑκατέρωθεν
594 2182 772 2267 καὶ
840 2152 1086 2349 ἀγάπη
1194 2122 1754 2258 ἐκυριάρχει
1763 2078 2072 2260 μεταξύ
2094 2092 2214 2199 των.

29 2404 788 2544 Διαπληκτισμοί,
788 2395 1367 2569 λογομαχίαι
1416 2379 1591 2465 καὶ
1647 2325 2122 2483 διαφωνίαι

46 2635 137 2735 ἐν
194 2634 307 2768 τῷ
343 2610 541 2766 οἴκῳ
546 2662 745 2776 μας
797 2597 1004 2705 ἦσαν
1079 2581 1523 2750 ἄγνωστα.
1576 2584 1747 2665 Καὶ
1766 2575 1876 2656 εἰς
1925 2545 2087 2641 τὰς

31 2800 369 2979 μεγάλας
470 2798 1025 2955 καταδρομὰς
1140 2788 1259 2887 τῆς
1340 2772 1562 2914 τύχης
1646 2770 1847 2877 αὕτη
1917 2770 2067 2856 ἡ

49 3039 480 3224 σύμπνοια
557 3028 684 3134 ἦτο
760 3054 851 3135 ἡ
878 3004 1446 3166 ἀνακούφισις
1490 3018 1689 3105 καὶ
1714 3010 2159 3164 παρηγορία

77 3259 287 3376 ὅλων
355 3227 689 3402 ἡμῶν.
