2215 3420
246 285 430 463 Τῆς
503 282 893 460 Μητρός
880 372 1112 509 μας
1169 300 1276 425 τὸ
1314 280 1791 455 πρόσωπον
1847 296 1988 418 ἦτο

91 613 642 746 ὡραιότερον
707 608 838 732 τοῦ
917 611 1181 759 ἁπλῶς
1264 606 1613 729 ὡραίου,
1652 576 1827 685 ἦτο
1874 573 2194 704 πρόσωπον

79 848 480 963 ἀποδίδον
553 869 975 1007 ψυχικὴν
1063 885 1248 965 καὶ
1329 873 1947 1009 πνευματικὴν

48 1091 577 1244 καλλονήν,
631 1071 754 1188 ἦτο
814 1091 1290 1218 πρόσωπον
1381 1075 1960 1257 κατοπτρίζον
2001 1098 2147 1222 ὅλα

78 1358 161 1456 τὰ
211 1339 671 1503 αἰσθήματα
778 1338 1303 1516 εὐγενεστάτης
1358 1329 1760 1494 καρδίας,
1842 1358 2001 1422 καὶ

68 1574 569 1699 ἀκτινοβόλου
634 1580 1022 1709 διανοίας,
1083 1568 1676 1736 συνδεομένων
1695 1585 1998 1723 μετὰ

67 1781 736 1903 κανονικότητος
816 1808 1667 1926 χαρακτηριστικῶν
1742 1791 1988 1870 καὶ

65 2033 644 2171 ἀπαραμίλλου
696 2021 1255 2164 λεπτότητος
1338 2007 1780 2135 χροιᾶς.
1796 1970 2147 2129 Ἀγάλματα

46 2264 141 2367 τῆς
201 2258 700 2391 ἀρχαιότητος
777 2256 906 2354 δὲν
973 2237 1230 2346 ἦσαν
1287 2250 1782 2378 τελειότερα
1853 2246 2108 2331 κατὰ
2107 2243 2196 2324 τὰς

50 2497 429 2673 γραμμὰς
506 2534 662 2602 καὶ
704 2509 1124 2641 χρωστὴρ
1156 2502 1524 2671 μεγάλων
1530 2508 2001 2681 ζωγράφων
2057 2519 2164 2600 δὲν

63 2742 491 2866 ἀπέδωσεν
504 2773 869 2932 μᾶλλον
957 2781 1366 2926 θαυμασίους
1431 2770 2033 2908 χρωματισμούς,
2048 2787 2201 2890 ἀλλὰ

49 2992 151 3088 τὸ
207 2987 664 3115 κυριαρχοῦν
727 3008 1009 3128 κάλλος
1080 3001 1208 3093 ἦτο
1289 3022 1402 3088 ἡ
1398 3003 1707 3123 πλήρης
1696 3008 2172 3171 γλυκύτητος

78 3201 243 3286 καὶ
324 3232 768 3326 καλοσύνης
805 3231 1084 3369 λάμψις
1175 3234 1318 3329 τῆς
1365 3237 2096 3358 ἐκφράσεως.
