2251 3420
53 166 295 315 Ἰδίως
400 200 494 318 τὸ
517 202 994 389 μειδίαμά
1060 220 1182 324 της
1255 213 1394 318 ἦτο
1467 203 1589 341 ὅ,τι
1657 186 2097 323 ὡραῖον!
2073 223 2150 290 Ἡ

70 482 531 606 καλοσύνη
612 480 962 595 διεχέετο
1056 473 1205 575 δι’
1217 480 1456 587 αὐτοῦ
1520 510 1597 584 ἐκ
1667 494 1799 578 τῶν
1855 483 2161 625 ὀφθαλμῶν,

60 701 145 785 ἐκ
200 707 342 797 τῶν
413 732 848 856 παρειῶν,
914 747 1002 832 ἐκ
1060 741 1177 839 τοῦ
1181 755 1562 903 μετώπου
1612 737 1725 860 της
1799 773 2232 967 προσλαμβάνοντος

62 934 669 1086 ἀκαταμάχητον
756 962 1207 1137 θέλγητρον
1269 985 1420 1075 ἐπὶ
1463 971 1588 1073 τῶν
1602 964 1959 1115 χειλέων
1998 964 2187 1076 της.

42 1128 405 1341 Οὐδεμίαν
490 1193 886 1296 οἰκιακὴν
980 1214 1385 1373 ἐργασίαν
1452 1193 1809 1346 ἐθεώρει
1860 1222 2197 1352 κατωτέραν

31 1424 140 1532 τῆς
208 1436 644 1602 ἐπιβλέψεώς
708 1456 846 1579 της,
902 1462 1070 1548 καὶ
1143 1445 1268 1541 τὴν
1350 1425 1802 1611 ἐπίβλεψιν
1891 1448 2162 1549 ταύτην

43 1651 405 1845 διεξῆγεν
488 1678 1119 1812 καθημερινῶς
1189 1665 1353 1798 ὄχι
1376 1708 1693 1815 μόνον
1756 1668 2147 1774 ἕνεκεν

37 1889 576 2042 καθήκοντος,
615 1893 824 2038 ἀλλὰ
890 1886 1066 1969 καὶ
1083 1885 1338 2028 μετ’
1370 1825 2137 2008 εὐχαριστήσεως,

58 2139 460 2268 διετήρει
546 2153 656 2245 δὲ
720 2141 939 2235 καὶ
980 2157 1083 2237 ἐν
1155 2133 1395 2275 ταύτῃ
1470 2124 1586 2224 τὴν
1656 2100 2173 2265 ἐπιβλητικὴν

50 2369 345 2473 στάσιν
436 2352 517 2456 ἢν
619 2348 801 2495 εἶχε
908 2345 1633 2513 προσερχομένη
1664 2390 1791 2534 εἰς
1871 2366 2054 2465 τὰς

20 2592 648 2755 Ἀνακτορικὰς
727 2617 841 2726 τῆς
912 2607 1299 2787 Ἀγγλίας
1389 2589 1926 2781 δεξιώσεις.
1955 2572 2092 2687 Ἂν

36 2883 179 2981 καὶ
256 2859 888 3017 ἀφοσιωμένη
965 2894 1084 2969 εἰς
1149 2860 1273 2980 τὰς
1365 2836 2002 2993 θρησκευτικάς
2046 2816 2141 2922 της

44 3066 564 3239 παραδόσεις,
600 3082 1268 3214 παρακολουθοῦσα
1346 3109 1519 3176 καὶ
1592 3060 2070 3234 ἐμπράκτως
