2240 3420
273 123 721 287 Μασσαλίας
859 193 964 262 εἰς
1026 162 1264 318 Τουλὼν
1346 191 1496 292 ὅπως
1488 205 1681 344 μὴ
1696 201 2206 334 ταλαιπωρηθῇ

72 379 270 488 πολὺ
330 384 398 452 ἡ
436 357 752 496 Μήτηρ
784 418 959 515 μας
1015 406 1162 472 καὶ
1190 381 1272 481 τὸ
1294 407 1570 538 βρέφος
1634 422 1829 498 κατὰ
1827 416 1918 500 τὸ
1940 400 2209 568 ταξείδιον.

53 592 154 674 Εἰς
218 557 517 674 Ἀθήνας
575 581 691 657 οἱ
705 557 936 683 Γονεῖς
965 633 1136 734 μας
1180 591 1837 747 ἐγκαταστάθησαν
1834 615 1958 739 εἰς
2026 583 2165 674 τὴν

42 821 119 911 ἐν
191 795 593 903 Πατησίοις
667 790 1014 883 οικίαν
1059 790 1190 922 των,
1229 800 1343 891 τοῦ
1371 798 1648 921 Πατρὸς
1642 809 1825 963 μὴ
1859 784 2231 906 ἀποδεχθέντος

32 1021 139 1120 τὸν
179 1035 262 1105 ἐν
335 1005 1113 1126 Κωνσταντινουπόλει
1161 1015 1566 1185 διορισμόν
1609 1034 1684 1122 του
1740 1036 1818 1115 ὡς
1852 1007 2212 1143 Πρεσβευτοῦ,

41 1226 233 1334 πρὸς
258 1200 699 1363 μεγίστην
766 1191 1284 1348 ἀγανάκτησιν
1344 1216 1458 1313 τοῦ
1484 1217 1876 1358 Βασιλέως,
1944 1219 2142 1314 ὅστις

15 1432 405 1572 χολωθεὶς
493 1422 633 1523 διὰ
680 1442 1082 1538 παντοίων
1106 1437 1427 1596 μέσων
1465 1441 1793 1612 ἐξεδήλου
1860 1432 1978 1524 τὴν
2012 1395 2181 1531 πρὸς

33 1661 225 1758 αὐτὸν
307 1655 806 1800 δυσμένειάν
868 1649 951 1790 του,
1024 1682 1160 1803 ἀλλ’
1225 1683 1323 1747 ἡ
1363 1655 1819 1789 Βασίλισσα
1889 1657 2077 1744 εἴτε
2115 1649 2224 1745 διότι

44 1866 429 2063 πράγματι
526 1876 801 2056 ἠγάπα
876 1881 975 1979 τὰ
1010 1887 1241 2001 ἄνθη,
1252 1885 1367 1981 τὰ
1403 1883 1669 2000 δένδρα
1749 1893 1930 1968 καὶ
1982 1858 2131 1942 τὴν

55 2136 349 2248 πλουσίαν
412 2113 754 2238 φυτείαν,
804 2123 962 2219 εἴτε
1030 2117 1228 2209 διότι
1295 2113 1403 2211 δὲν
1476 2107 1853 2223 ἐνέκρινε
1945 2067 2119 2172 τὴν

47 2352 620 2505 συμπεριφορὰν
713 2332 823 2432 τοῦ
858 2324 1152 2419 Ὄθωνος
1197 2313 1365 2427 πρὸς
1434 2311 1542 2408 τὸν
1606 2297 1884 2416 Πατέρα
1895 2323 2118 2428 μας,

37 2552 517 2660 ἐπεσκέπτετο
610 2546 953 2670 συνεχῶς
1006 2541 1117 2651 τὸν
1197 2528 1489 2636 κῆπόν
1501 2567 1665 2662 μας,
1707 2497 2225 2630 συνδιαλεγομένη

30 2789 265 2936 μετὰ
336 2754 443 2856 τῆς
522 2736 881 2852 Μητρός
891 2771 1072 2879 μας
1151 2720 1315 2856 ἐνῷ
1373 2720 1843 2839 ἐπεριπάτει
1903 2726 1974 2803 ἐν
2017 2708 2191 2823 αὐτῷ

59 2960 587 3138 ἀποθαυμάζουσα
648 2967 750 3070 τὰ
811 2969 893 3054 ἐν
962 2957 1162 3098 αὐτῷ,
1213 2966 1494 3098 λέγουσα
1580 2921 1695 3044 ὅτι
1739 2958 1836 3039 τὸν
1860 2919 2222 3085 ἐζηλοτύπει

76 3216 198 3306 διὰ
246 3209 349 3306 τὴν
419 3186 863 3307 ὡραιότητά
905 3200 1043 3285 του.
1057 3212 1439 3356 μείνασα
1494 3186 1820 3336 ἡμέραν
1836 3198 2001 3281 τινὰ
2001 3214 2202 3315 μετὰ
