2275 3420
51 116 156 219 τὴν
209 121 419 222 δύσιν
468 125 556 227 τοῦ
584 132 775 264 ἡλίου
848 141 1151 258 αἴφνης
1215 142 1454 234 ἤκουσε
1509 149 1855 265 κελάδημα
1901 125 2232 235 ἀηδόνων

42 345 215 416 καὶ
270 339 335 424 ἐν
408 322 705 441 ἀπορίᾳ
789 315 1148 437 ἠρώτησε
1231 358 1357 440 πῶς
1423 355 1850 451 συνέβαινε
1888 356 2029 439 τοῦτο
2079 357 2207 451 ἀφοῦ

62 554 154 630 εἰς
215 528 342 625 τὸν
382 521 905 654 Βασιλικὸν
958 523 1271 618 κῆπον
1315 522 1673 633 Ἀηδόνες
1709 551 1826 635 δὲν
1856 537 2218 657 ὑπῆρχον

47 752 206 824 καὶ
264 755 339 817 ἡ
367 714 650 836 Μήτηρ
663 762 838 861 μας
903 720 1388 819 ἀπήντησεν
1449 733 1567 822 ὅτι
1612 735 1951 847 ἐπιθυμοῦσα
1890 660 2211 784 τοιαύτας
2009 774 2092 825 νὰ
2101 776 2214 853 ἔχῃ

48 910 325 1042 ἔστειλε
362 955 462 1075 εἰς
536 949 632 1035 τὰ
675 945 1004 1079 κτήματά
1008 998 1194 1089 μας
1241 952 1621 1081 Κηφισιᾶς,
1663 954 2111 1088 Ἀμαρουσίου
2141 1011 2216 1065 καὶ

46 1138 582 1230 Κουκουβαούνων
657 1136 1072 1255 κάνιστρα
1119 1182 1361 1301 μετὰ
1324 1165 1659 1312 μαύρων
1713 1163 2153 1296 ὑφασμάτων

46 1352 189 1425 καὶ
248 1339 324 1413 ἐν
380 1327 494 1439 ὥρᾳ
577 1340 836 1422 νυκτὸς
855 1354 1338 1477 μετέφερεν
1401 1369 1712 1456 ἐκεῖθεν
1759 1367 2021 1480 φωλεὰς
2074 1379 2156 1462 ἃς

51 1517 591 1624 ἐτοποθέτησεν
639 1539 877 1680 ὑψηλὰ
942 1547 1084 1629 ἐπὶ
1119 1546 1246 1631 τῶν
1289 1557 1552 1679 κλάδων
1591 1556 1718 1645 τῶν
1721 1559 2087 1694 μεγάλων
2087 1560 2243 1653 λευκῶν

33 1744 150 1841 τῶν
200 1752 541 1867 ἐχουσῶν
556 1755 677 1837 τὰς
727 1750 935 1896 ῥίζας
976 1754 1113 1846 των
1165 1758 1309 1836 ὑπὸ
1366 1751 1485 1830 τὸ
1486 1752 1923 1873 νυχθημερὸν
1942 1736 2127 1844 ῥέον

59 1935 246 2066 ὕδωρ
364 1945 451 2041 τὸ
509 1914 960 2065 τροφοδοτοῦν
1112 1929 1270 2012 καὶ
1306 1916 1414 2006 τὸν
1450 1910 1825 2069 ἡμέτερον,
1879 1919 2018 1996 καὶ
2043 1881 2182 2008 ὅλους

40 2162 155 2259 τοὺς
208 2133 464 2280 ἄλλους,
505 2138 628 2225 τῶν
691 2120 1153 2225 Πατησίων
1202 2108 1512 2197 κήπους.
1560 2109 1697 2200 Δὶς
1751 2117 1855 2195 τῆς
1881 2080 2205 2223 ἑβδομάδος

75 2350 293 2468 εἶχον
341 2345 446 2423 οἱ
481 2316 706 2418 Γονεῖς
723 2364 882 2471 μας
907 2322 1296 2475 γενικὴν
1352 2300 1722 2425 ὑποδοχὴν.
1737 2309 1878 2402 Τὸ
1848 2319 2018 2438 μὲν
2057 2289 2214 2396 θέρος

63 2564 162 2636 εἰς
235 2542 335 2633 τὸν
407 2531 678 2640 κῆπον,
732 2527 839 2612 τὸν
890 2509 996 2597 δὲ
998 2495 1340 2665 χειμῶνα
1406 2493 1603 2582 ἐντὸς
1639 2483 1755 2572 τῆς
1819 2461 2092 2559 οἰκίας
2101 2473 2216 2581 ἀλλ’

48 2748 188 2823 αἱ
219 2706 674 2873 ἐπισκέψεις
764 2728 1081 2857 ἤρχοντο
1150 2733 1346 2836 πρὸς
1401 2710 1623 2801 αὐτοὺς
1660 2684 2194 2823 καθημερινῶς,

62 2950 276 3078 ὥστε,
312 2953 412 3037 ἂν
448 2963 597 3028 καὶ
597 2956 969 3087 μακρὰν
1029 2956 1145 3040 τῆς
1195 2934 1376 3034 τότε
1446 2922 1933 3053 πρωτευούσης,
1963 2940 2047 3021 τὰ
2048 2930 2224 3022 Πατήσια

35 3109 497 3284 ἐθεωροῦντο
534 3156 842 3311 ἐξοχή,
896 3148 1317 3278 εὑρίσκοντο
1383 3140 1622 3242 πάντοτε
1664 3174 1733 3239 ἐν
1716 3167 1912 3283 μέσῳ
1939 3143 2167 3259 φίλων.
