2240 3420
209 99 371 250 Ἡ
371 125 707 253 ὡραιότης
772 116 892 235 τῆς
940 113 1307 254 Μητρός
1310 178 1518 291 μας
1563 137 2096 315 ἐπροξένησε

9 390 363 507 τοιαύτην
453 377 904 480 ἐντύπωσιν
964 392 1072 474 ἐν
1095 388 1436 522 Λονδίνῳ
1529 400 1735 493 ὥστε
1810 400 1945 509 ὄχι
1951 400 2177 528 μόνον

9 635 262 766 Κύριοι
293 642 444 727 καὶ
506 623 776 725 Κυρίαι
835 608 1285 723 ἐπεδίωκον
1337 629 1461 723 τὴν
1456 624 1945 779 γνωριμίαν
1993 624 2106 755 της,

14 894 183 1030 ἀλλὰ
235 901 399 977 καὶ
434 888 960 1017 προσήρχοντο
1140 867 1472 996 πολλάκις
1487 873 1614 1016 εἰς
1653 868 2166 957 συναναστροφὰς
413 841 600 927 ὅταν

18 1148 198 1242 καθ’
231 1128 337 1217 ἥν
396 1118 613 1238 ὥραν
691 1081 1170 1199 συνέπιπτε
1250 1110 1347 1188 ν’
1342 1084 1777 1208 ἀναχωροῦν
1837 1056 2089 1201 τινές,

11 1343 382 1496 βλέποντες
462 1349 702 1450 αὐτὴν
769 1313 1410 1464 εἰσερχομένην,
1456 1299 2008 1437 ἐπανήρχοντο,

14 1583 458 1700 ἀπεκδύοντο
537 1604 671 1692 τῶν
723 1574 1095 1687 ἐπενδυτῶν
1166 1574 1291 1670 των
1363 1578 1514 1648 καὶ
1564 1536 1988 1654 ἀνήρχοντο
2043 1528 2152 1607 ἐκ

23 1822 161 1911 νέου
224 1800 422 1898 ὅπως
486 1791 625 1897 τὴν
748 1806 1082 1889 ἴδωσι.
1114 1782 1290 1883 Τοῦτο
1361 1794 1476 1872 δὲ
1509 1781 1785 1861 ἤκουσα
1839 1759 2100 1852 παρὰ

14 2006 371 2168 πλείστων
449 2009 665 2103 ὅσων
746 2013 885 2110 ὅτε
962 1995 1316 2126 εὑρέθην
1380 2027 1550 2101 καὶ
1571 1998 1742 2151 ἐγὼ
1772 1996 1853 2069 ἐν
1888 1968 2154 2108 Ἀγγλίᾳ

17 2249 235 2341 κατὰ
273 2227 379 2323 τὴν
440 2213 908 2342 τελευταῖαν
964 2206 1065 2304 τοῦ
1104 2210 1375 2326 Πατρός
1382 2254 1571 2355 μας
1616 2169 2172 2285 δωδεκαετῆ

20 2457 535 2591 πρέσβευσιν.
578 2457 962 2586 Ποιήματα
1039 2445 1420 2608 ἐγράφοντο
1481 2455 1665 2554 περὶ
1705 2427 1932 2537 αὐτῆς,
1965 2429 2043 2499 ὡς
2074 2433 2160 2492 καὶ

15 2728 207 2817 νέαι
279 2704 391 2811 τῆς
462 2700 1084 2816 Ἀριστοκρατίας
1125 2698 1256 2872 τῇ
1284 2684 1623 2814 ἔστελλον
1682 2662 2080 2770 στίχους

37 2974 623 3135 θαυμαστικούς,
624 2960 955 3108 μεταξὺ
996 2957 1209 3096 ἄλλων
1274 2960 1443 3037 καὶ
1489 2960 1591 3031 ἡ
1623 2908 2101 3055 εὐφυεστάτη

28 3223 348 3386 θυγάτηρ
428 3202 533 3301 τοῦ
581 3193 866 3297 λόρδου
929 3175 1353 3291 Sherborne
1402 3203 1476 3276 ἡ
1446 3195 1629 3321 μετ'
1611 3173 1857 3266 ἔπειτα
1891 3134 2083 3280 Lady
