2252 3420
45 185 217 358 ὅλας
293 205 402 304 τὰς
486 217 703 331 παρὰ
778 195 893 297 τῆς
998 177 1436 351 ἐκκλησίας
1453 247 1637 362 μας
1629 197 2172 389 παραγγελίας,

54 433 183 556 ἦτο
266 426 930 654 ἀνεξίθρησκος
1001 463 1106 553 εἰς
1177 451 1284 550 τὸ
1348 439 1644 559 ἄκρον
1700 417 2157 595 σεβομένη

53 696 170 814 τὰς
221 696 741 839 θρησκείας
821 700 963 814 τῶν
1026 699 1408 859 ἄλλων.
1456 672 2104 812 Αὐστηροτάτης

91 931 438 1052 ἠθικῆς
521 966 615 1045 ἡ
665 927 902 1081 ἰδία,
960 923 1100 1036 ἦτο
1191 904 1694 1094 οἰκτήρμων
1749 954 1872 1030 εἰς
1958 915 2094 1013 τὰς

97 1144 741 1324 παραπαιούσας,
801 1182 958 1263 καὶ
1031 1171 1153 1273 ὅτε
1216 1176 1522 1304 τυχέως
1607 1115 2082 1323 ἐμάνθανε

76 1387 189 1494 ὅτι
272 1376 663 1520 δυστυχὴς
761 1395 1082 1511 κόρη
1150 1373 1603 1505 εὑρίσκετο
1698 1371 1780 1470 ἐν
1830 1361 2228 1532 ἀπογνώσει

82 1605 391 1720 ἕνεκεν
481 1602 1257 1780 παραμαρτήματος
1347 1631 1649 1771 ἔστελλε
1747 1654 1926 1757 πρὸς
1962 1630 2172 1757 αὐτὴν

48 1833 517 2003 βοηθήματα
610 1866 795 1940 καὶ
865 1833 1561 1985 ἐνθαρρυντικὰς
1652 1845 2168 1992 παραινέσεις

63 2036 730 2162 προστατεύουσα
815 2058 1024 2165 αὐτὴν
1108 2086 1212 2169 τὸ
1285 2092 1518 2177 κατὰ
1564 2057 1965 2226 δύναμιν
2020 2072 2136 2162 ἐν

22 2278 117 2370 τῇ
160 2262 601 2428 ἀπελπισίᾳ
650 2274 900 2384 της.
921 2257 1106 2398 Τοὺς
1146 2296 1461 2412 πένητας
1541 2287 1787 2406 ἰδίαις
1841 2278 2157 2415 χερσὶ

45 2507 107 2604 ἐν
184 2482 693 2606 ἀσθενείαις
803 2518 1352 2646 περιποιεῖτο
1443 2530 1660 2624 καὶ
1675 2503 2185 2640 ἐνοσήλευε,

60 2687 303 2808 πάντα
397 2714 496 2808 δὲ
561 2707 805 2813 ταῦτα
902 2702 1222 2852 ἔπραττε
1332 2710 1637 2874 ἀφελῶς
1740 2699 1975 2815 ὡσὰν
2044 2717 2150 2792 νὰ

59 2929 439 3128 ἐξετέλει
521 2958 937 3059 καθῆκον
1022 2953 1405 3089 ἱερόν.
1438 2920 1731 3104 Ἠγάπα
1819 2907 2033 3019 τὴν

63 3122 612 3291 πολιτικὴν
687 3171 858 3249 καὶ
932 3140 1070 3242 τὰς
1141 3149 1554 3311 συζητήσεις
1609 3144 1786 3291 ἀλλ’
1816 3134 2058 3232 ἄνευ
