2239 3420
103 42 210 154 Ὅτε
277 61 378 160 δὲ
410 72 690 226 ἐγένετο
733 113 1109 228 γνωστὸν
1165 122 1388 202 κατὰ
1424 113 1537 202 τὰ
1537 125 1769 214 1838
1808 110 1933 198 ὅτι
1975 115 2060 191 ὁ
2073 95 2223 190 Ὄθων

64 310 442 436 ἀνεκάλει
490 297 613 403 τὸν
674 300 989 437 Πατέρα
968 381 1187 483 μας,
1242 362 1324 435 ἡ
1281 360 1474 496 μὲν
1526 358 1933 458 Βικτωρία
1974 357 2230 467 ἐδώρησεν

48 574 145 649 εἰς
190 560 304 649 τὴν
357 547 717 677 Μητέρα
726 616 911 715 μας
985 544 1666 716 ἀδαμαντοκόλλητον
1684 554 2012 710 μικρὰν
2029 552 2211 677 πόρπην,

59 806 124 887 ὁ
140 776 249 879 δὲ
275 759 468 873 θεῖός
505 757 655 907 της,
702 755 861 943 Δοὺξ
908 769 1009 867 τοῦ
1035 767 1390 925 Sussex,
1427 762 1823 925 Εὐαγγέλιον
1840 780 1946 909 εἰς
2005 767 2198 844 ὀκτὼ

51 1003 458 1146 διαλέκτους
502 1034 655 1155 μὲ
710 1018 1214 1154 ἀφιέρωσιν
1238 966 1678 1129 κολακευτικὴν
1660 982 2220 1159 ἰδιοχείρως

16 1238 714 1443 γεγραμμένην.
736 1253 798 1341 Ὁ
848 1240 999 1418 Δοὺξ
1029 1230 1189 1338 οὗτος
1260 1225 1596 1349 ἐδώρησε
1641 1250 1780 1323 καὶ
1820 1242 1925 1310 εἰς
1980 1206 2129 1289 τὸν

45 1479 349 1585 Πατέρα
370 1524 553 1619 μας
616 1450 1178 1589 ὡραιοτάτην
1251 1442 1826 1579 Miniature
1886 1438 1996 1522 τοῦ
1999 1431 2176 1521 λόρδου

29 1685 437 1807 Βύρωνος,
443 1687 557 1786 τοῦ
552 1696 908 1842 Isabey,
883 1689 1132 1839 -λέγων
1196 1688 1382 1798 πρὸς
1427 1658 1636 1751 αὐτὸν
1709 1646 1808 1740 ὅτι
1872 1662 1961 1728 ἡ
1962 1634 2168 1724 εἰκὼν

47 1925 217 2021 αὕτη
300 1886 588 2068 ἥρμοζε
619 1929 964 2069 μᾶλλον
1024 1927 1144 2014 νὰ
1193 1900 1602 2036 κατέχεται
1621 1917 1817 2011 παρ’
1809 1880 2032 2002 αὐτοῦ,
2095 1859 2161 1933 ἢ
2154 1861 2225 1953 τοῦ

31 2174 196 2311 ἰδίου,
253 2166 398 2282 ἀφοῦ
456 2165 505 2244 ὁ
556 2137 779 2267 Πατήρ
790 2180 972 2282 μας
1025 2104 1482 2280 ἐξεφώνησε
1522 2099 1631 2182 τὸν
1677 2062 2155 2190 θαυμάσιον

36 2406 165 2509 ἐπὶ
210 2390 312 2516 τῷ
335 2361 617 2498 θανάτῳ
679 2352 791 2442 τοῦ
821 2340 1159 2430 ποιητοῦ
1133 2278 1447 2450 λόγον.
1487 2280 1652 2381 Καὶ
1646 2292 1720 2369 ὁ
1708 2261 1940 2368 λόρδος
1948 2229 2225 2379 Palmerston

44 2617 330 2778 διέταξε
411 2575 857 2750 πολεμικὸν
896 2572 1104 2671 ὅπως
1116 2540 1574 2720 μεταφέρῃ
1605 2514 1725 2612 τὴν
1773 2461 2212 2630 οἰκογένειάν

30 2894 185 3002 μας
236 2837 332 2928 εἰς
382 2804 668 2945 Ἑλλάδα.
721 2785 1038 2909 Ὑπάρχει
1091 2783 1207 2875 δὲ
1240 2763 1617 2898 ἰδιόχειρος
1651 2726 2057 2856 ἐπιστολὴ
2071 2719 2176 2809 τοῦ

56 3046 642 3205 Παλμερστῶνος
692 3066 897 3163 πρὸς
947 3036 1066 3139 τὸν
1129 3018 1443 3129 Πατέρα
1423 3049 1638 3148 μας
1676 2983 2003 3129 λέγουσα
2057 2968 2188 3050 ὅτι

83 3254 466 3380 παρήγγειλε
521 3244 605 3340 τὸ
679 3221 1110 3369 πολεμικὸν
1162 3219 1293 3309 τοῦτο
1349 3228 1473 3301 νὰ
1464 3211 1799 3342 μεταβῇ
1828 3173 2022 3272 ἀπὸ
