2523 3360
161 48 357 90 παραγράφου
517 48 661 90 παρόντος
693 49 804 90 ἄρθρου
809 76 814 81 .
846 50 888 83 Τὸ
922 49 1031 88 τίμημα
1153 50 1196 84 ὡς
1064 51 1121 80 τῶν

162 93 305 135 ἀνωτέρω
328 93 601 134 παραχωρουμένων
623 95 771 132 ἀκινήτων
794 97 962 126 βεβαιοῦται
988 94 1037 127 καὶ
1063 92 1183 132 εἰσπράτ
1187 111 1198 114 -

162 150 244 171 τεται
275 137 354 171 κατὰ
385 137 434 176 τὸς
467 137 605 178 κειμένας
819 139 862 175 εἰς
991 135 1194 176 ἑξαμηνιαίας
894 138 934 169 40
635 137 787 175 διατάξεις

162 183 259 219 δόσεις
265 211 270 216 .

0 0 1 1 α

206 229 234 260 4.
260 227 302 259 Τὸ
328 227 442 265 ἐτήσιον
469 226 601 265 μίσθωμα
628 226 673 260 ἐπὶ
700 226 905 266 περιπτώσεων
1146 223 1194 255 δὲν
930 225 1120 265 μισθώσεως,

163 272 282 304 δύναται
307 270 340 303 νὰ
365 272 472 311 ὑπεπβῇ
498 270 533 302 τὰ
559 270 608 304 8%
632 275 681 303 τοῦ
703 271 782 304 κατὰ
806 270 862 308 τὰς
886 270 1110 311 προηγουμένας
1132 273 1195 302 δια-

165 317 266 354 τάξεις
298 314 541 355 ἐξευρισκομένου
573 316 736 354 τιμήματος
770 316 909 353 ἀκινήτου
943 315 987 347 ἐπὶ
1022 316 1056 353 τῆ
1088 324 1195 354 προσα-

162 362 246 402 γωγῆ
271 359 302 393 δὲ
327 363 374 392 τοῦ
397 357 581 400 γραμματίου
602 360 793 396 καταθέσεως
818 361 867 390 τοῦ
891 358 1126 398 καθορισθέντος
1150 368 1194 395 μι-

160 405 318 444 σθώματος
344 404 530 436 συντάσσεται
555 402 608 433 ὑπὸ
635 406 684 435 τοῦ
710 404 876 442 Ὑπουργοῦ
1115 402 1195 441 Προ-
899 403 1089 440 Κοινωνικῆς

160 449 245 486 νοίας
268 449 285 488 ἢ
310 451 357 479 τοῦ
379 447 446 487 παρ΄
467 448 553 478 αὐτοῦ
576 447 864 486 ἐξουσιοδοτουμένου
887 446 1020 487 ὀργάνου,
1046 446 1076 477 τὸ
1099 456 1194 485 σχετι-

231 492 446 531 μισθωτήριον.
162 494 212 527 κὸν

207 536 235 567 5.
259 535 301 567 Τὸ
325 534 432 573 τίμημα
455 534 472 571 ἢ
493 533 525 565 τ
ὸ
550 533 688 572 μίσθωμα
711 534 833 565 ἑκάστου
857 534 994 572 ἀκινήτου
1062 533 1195 571 Ἐπιτρο-
1019 534 1036 571 ἡ

166 581 204 619 πὴ
221 581 327 619 ἐκτιμᾷ
342 578 401 610 εἴτε
419 580 580 614 συνολικῶς
598 578 657 609 εἴτε
674 578 752 609 κατὰ
770 579 866 615 ζώνας
884 578 943 609 εἴτε
963 576 1095 618 χωριστὰ
1168 576 1195 606 ἕ-
1112 577 1148 607 δι΄

161 635 270 657 καστον
289 622 396 661 οἲκημα
412 623 429 661 ἢ
448 622 594 654 οἰκόπεδον
611 622 771 663 συμφώνως
785 623 859 663 πρὸς
879 622 933 658 τὰς
951 623 980 653 ἐν
1001 624 1035 660 τῇ
1054 621 1118 660 περὶ
1139 623 1194 652 διο-

166 670 261 709 ρισμοῦ
283 668 373 706 αὐτῆς
394 666 532 706 ἀποφάσει
554 666 756 706 παρεχομένας
776 665 947 706 ἐλευθέρως
1126 663 1193 695 Ἐπὶ
969 665 1103 705 ὁδηγίας.

160 715 201 751 τῆ
224 711 301 743 βάσει
324 713 378 749 τῆς
399 710 581 748 ἐκτιμήσεως
604 710 713 747 ταύτης
737 710 882 741 ἐκδίδεται
906 710 1050 749 ἀπόφασις
1145 707 1195 738 Ὑ-
1074 710 1121 740 τοῦ

165 758 286 795 πουργοῦ
304 755 488 793 Κοινωνικῆς
513 752 667 794 Προνοίας
687 755 703 793 ἢ
725 757 771 785 τοῦ
790 755 857 794 παρ΄
980 754 1194 791 ἐξουσιοδοτου-
878 755 961 784 αὐτοῦ

163 799 247 839 μένου
268 797 398 839 ὀργάνου.
420 797 591 838 ἐγκρίνουσα
613 798 663 836 τὴν
685 798 841 838 γενομένην
861 797 1012 836 ἐκτίμησιν
1078 794 1194 836 ἀπορρί-
1036 798 1053 835 ἢ

162 855 271 875 πτουσα
286 842 524 882 ἠτιολογημένως
542 842 657 882 ταύτην,
675 842 758 874 ὁπότε
776 841 961 873 διατάσσεται
977 841 1024 873 διὰ
1115 839 1195 876 ἰδίας
1041 843 1097 880 τῆς

164 886 337 927 ἀποφάσεως
360 886 479 926 δευτέρα
502 885 654 924 ἐκτίμησις
679 887 714 917 δι΄
738 886 842 926 ἑτέρας
869 886 1048 926 Ἐπιτροπῆς
1072 895 1193 924 συγκρο-

165 929 303 971 τουμένης
322 930 400 961 κατὰ
467 929 614 970 ἀνωτέρω.
420 930 444 962 τ΄

568 989 703 1030 Ἄρθρον
730 991 778 1022 14.

224 1052 344 1092 Τίμημα
366 1051 590 1095 προσκυρώσεων
614 1054 663 1085 κσὶ
687 1053 957 1094 παραχωρουμένων
980 1053 1136 1091 ἀκινήτων

515 1099 560 1136 εἰς
640 1097 832 1139 δικαιούχους.
580 1098 618 1137 μὴ

245 1152 349 1193 (Παρ.
369 1152 664 1193 2ἄρθρ.4,παρ.5
683 1152 769 1188 καὶ6
788 1152 913 1192 ἄρθρ.3
933 1154 980 1183 τοῦ
1000 1152 1046 1183 ὑπ΄
1064 1153 1109 1191 ἀρ,

559 1196 614 1237 80)
622 1197 661 1230 60
679 1198 782 1238 Β.Δ.)

204 1251 232 1283 1.
250 1251 292 1284 Τὸ
311 1250 420 1290 τίμημα
433 1254 493 1283 τῶν
512 1253 546 1283 δι΄
567 1252 738 1291 ἀποφάσεως
758 1255 803 1283 τοῦ
823 1251 983 1291 Ὑπουργοῦ
1002 1252 1191 1289 Κοινωνικῆς

165 1297 320 1338 Προνοίας
348 1296 535 1337 προκειμένου
560 1296 625 1336 περὶ
657 1299 712 1328 τῶν
743 1299 932 1337 περιφερειῶν
1050 1295 1191 1336 Κέντρων
964 1299 1020 1328 τῶν

160 1342 346 1381 Κοινωνικῆς
372 1341 527 1383 Προνοίας
550 1342 693 1381 Ἀττικῆς
714 1342 762 1374 καὶ
790 1343 950 1382 Πειραιῶς
973 1343 990 1380 ἢ
1085 1341 1191 1373 οἰκείου
1014 1345 1061 1373 τοῦ

160 1386 330 1429 Νομάρχου,
350 1386 535 1426 προκειμένου
555 1387 617 1427 περὶ
641 1390 696 1418 τῶν
718 1390 827 1419 λοιπῶν
1059 1388 1192 1427 ἐωεργου-
849 1389 1040 1428 περιφερειῶν

158 1432 255 1474 μένων
282 1432 507 1474 προσκυρώσεων
758 1432 914 1473 τεμαχίων,
947 1432 1117 1471 ἀνηκόντων
1147 1433 1191 1468 εἰς
532 1429 730 1470 οἰκοπεδικῶν

161 1478 215 1516 τὴν
239 1476 411 1518 διαχείρισιν
438 1480 484 1509 τοῦ
512 1478 700 1517 Ὑπουργείου
726 1478 914 1516 Κοινωνικῆς
945 1477 1111 1517 Προνοίας
,
1139 1489 1191 1507 κα-

160 1520 343 1560 θισταμένων
361 1522 399 1561 μὴ
419 1521 526 1562 ἀρτίων
543 1522 624 1561 λόγῳ
645 1522 877 1562 τροποποιήσεως
898 1524 955 1553 τῶν
971 1521 1092 1553 οἰκείων
1112 1532 1192 1561 ρυμο-

162 1568 287 1605 τομικῶν
313 1566 548 1613 διαγραμμάτων,
574 1567 617 1603 εἰς
646 1567 681 1599 τὰ
706 1567 905 1606 πλησιέστερα
1041 1566 1191 1606 οἰκόπεδα,
930 1567 1018 1607 ἄρτια

161 1611 245 1651 ἐντὸς
274 1614 416 1652 περιοχῶν
443 1613 644 1653 προσφυγικῶν
674 1613 883 1650 Συνοικισμῶν,
943 1613 1190 1652 ἀντιπροσωπεῦον

161 1658 213 1696 τὴν
238 1657 393 1698 τρέχουσαν
419 1658 513 1688 αὐτῶν
537 1657 637 1700 ἀξίαν,
661 1657 853 1697 καθορίζεται
880 1658 957 1691 κιατὰ
980 1657 1034 1696 τὴν
1061 1658 1192 1687 διαδικα-

160 1701 226 1734 σίαν
246 1706 293 1734 τοῦ
314 1701 423 1742 ἄρθρου
445 1703 483 1733 13
572 1701 725 1742 παρόντος.
505 1706 551 1734 τοῦ

203 1747 247 1778 Τὸ
275 1747 382 1787 τίμημα
411 1750 493 1779 τοῦτο
518 1747 757 1788 εἰσπραττόμενον
787 1747 855 1787 ὑπὲρ
963 1747 1189 1778 Τ.A.Π.A.Π.
887 1751 933 1778 τοῦ

166 1793 405 1833 (N.3713)57)
433 1795 461 1824 ἐν
485 1793 657 1833 περιπτώσει
679 1795 719 1833 μὴ
743 1797 971 1835 προκταβολῆς
996 1806 1043 1825 του
1067 1793 1117 1825 ὑπὸ
1143 1796 1190 1825 τοῦ

161 1837 229 1878 ὑπὲρ
254 1838 273 1877 ἡ
296 1839 493 1879 προσκύρωσις
517 1839 719 1879 εἰσπράττεται
746 1839 792 1870 διὰ
1060 1840 1192 1878 ἐνεργου-
817 1842 1034 1879 καταλογισμοῦ

160 1882 245 1922 μένου
266 1884 301 1915 δι'
326 1883 498 1924 ἀποφάσεως
518 1884 568 1917 τοῦ
592 1884 751 1927 Ὑπουργοῦ
776 1886 963 1925 Κοινωνικῆς
1171 1885 1189 1922 ἢ
991 1884 1147 1926 Προνοίας

161 1930 208 1961 τοῦ
235 1928 340 1961 οἰκείου
366 1929 524 1970 Νομάρχου
549 1931 593 1966 εἰς
620 1930 764 1971 τέσσαρας
790 1931 989 1969 ἑξαμηνιαίας
1016 1930 1112 1966 δόσεις
1139 1930 1188 1961 καὶ

160 1973 238 2006 κατὰ
258 1974 313 2011 τὰς
329 1974 396 2015 περὶ
417 1975 603 2015 εἰσπράξεως
624 1975 766 2015 δημοσίων
787 1976 893 2007 ἐσόδων
918 1975 1068 2020 ἰσχυούσας
1091 1975 1191 2006 διατά-

159 2016 242 2058 ξεις.

204 2065 233 2097 2.
253 2065 371 2105 Τίμημα
392 2064 449 2096 τῶν
466 2066 735 2107 παραχωρουμένων
757 2066 902 2104 ἀκινήτων
989 2067 1190 2098 ἀποκαθιστα-
923 2068 967 2103 εἰς

160 2109 251 2150 μένας
269 2111 346 2143 κατὰ
365 2111 555 2151 παρέκκλισιν
574 2111 756 2151 οἰκογενείας
776 2111 842 2142 κατ'
863 2111 1029 2151 ἐφαρμογὴν
1051 2113 1107 2144 τῶν
1130 2113 1190 2142 δια-

162 2155 278 2194 τάξεων
297 2158 356 2195 τῆς
375 2155 564 2197 παραγράφου
586 2157 604 2188 5
627 2159 674 2188 τοῦ
697 2157 848 2197 ἄρθρου9
869 2157 918 2187 καὶ
942 2159 988 2188 τοῦ
1012 2156 1125 2197 ἄρθρου
1150 2157 1188 2188 10

163 2204 210 2232 τοῦ
233 2201 375 2242 παρόντος
399 2203 437 2241 μὴ
464 2201 665 2240 δικαιουμένας
692 2203 816 2242 ἀστικῆς
843 2201 1112 2237 ἀποκαταστάσεως
1138 2213 1190 2233 κα-

161 2246 198 2279 τὰ
216 2245 272 2284 τὰς
291 2246 445 2286 διατάξεις
466 2249 522 2278 τῶν
544 2246 695 2288 ἄρθρων1
720 2247 768 2279 καὶ
789 2248 808 2281 2
828 2248 874 2278 τοῦ
1059 2244 1186 2286 ὁρίζεται
895 2246 1037 2287 παρόντος

161 2293 180 2331 ἡ
201 2291 340 2333 τρέχουσα
361 2291 434 2329 ἀξία
455 2293 548 2323 αὐτῶν
569 2291 646 2324 κατὰ
667 2293 713 2324 τὸν
735 2292 835 2332 χρόνον
935 2291 1188 2332 παραχωρήσεως,
859 2294 913 2331 τῆς

161 2338 312 2376 μειουμένη
334 2338 411 2370 κατὰ
434 2338 569 2370 ποσοστὸν
592 2338 692 2377 10%.

205 2382 233 2414 3.
255 2382 439 2422 Οἰκογένειαι
461 2383 499 2422 μὴ
521 2382 683 2424 κρινόμεναι
706 2383 747 2420 ὡς
769 2385 927 2424 δικαιοῦχοι
952 2382 1189 2414 ἀποκαταστάσε-

163 2438 208 2464 ως
225 2428 301 2460 κατὰ
322 2428 375 2464 τὰς
394 2427 507 2464 οἰκείας
527 2427 682 2465 διατάξεις
700 2428 717 2466 ἢ
736 2428 900 2468 κρινόμεναι
922 2428 964 2464 ὡς
1135 2426 1185 2459 καὶ
985 2429 1116 2459 τοιαῦται

164 2471 329 2511 ἀρνούμεναι
350 2471 384 2503 νὰ
404 2473 572 2513 ὑπαχθῶσιν
593 2474 637 2509 εἰς
660 2473 690 2504 τὸ
712 2471 938 2513 καθοριζόμενον
960 2471 1102 2503 ἑκάσυοτε
1121 2471 1189 2512 πρό-

161 2528 289 2557 γραμμα,
307 2517 522 2549 ἀποβάλλονται
538 2520 597 2550 τῶν
615 2519 682 2558 παρ'
703 2518 794 2551 αὐτῶν
812 2516 1017 2558 κατεχομένων
1036 2519 1185 2557 κρατικῶν

164 2562 307 2600 ἀκινήτων
335 2563 353 2601 ἢ
379 2565 562 2604 προσωρινῶν
588 2562 773 2603 στεγάστρων
1031 2564 1188 2602 κατεδαφι-
801 2565 1001 2602 διοικητικῶς,

162 2606 287 2646 ζομένων
312 2611 367 2639 τῶν
391 2608 630 2648 παραπηγμάτων
657 2621 713 2640 των
739 2607 815 2640 κατὰ
842 2607 896 2645 τὰς
923 2607 1061 2646 κειμένας
1088 2607 1186 2639 διατά-

166 2654 233 2690 ξεις
257 2653 306 2684 καὶ
332 2653 515 2694 εἰδικώτερον
542 2653 595 2690 τὰς
622 2653 758 2690 τοιαύτας
784 2656 832 2684 τοῦ
859 2652 969 2693 ἄρθρου
994 2652 1034 2684 24
1063 2654 1109 2684 τοῦ
1133 2663 1196 2685 πα-

164 2696 276 2738 ρόντος.

205 2743 262 2779 Εἰς
281 2742 334 2780 τὰς
352 2745 384 2775 ἐκ
403 2743 508 2777 τούτων
528 2743 776 2783 ἀποδεδειγμένως
795 2743 1051 2782 ἐγκατεστημένας
1070 2743 1116 2779 εἰς
1135 2755 1186 2775 πα-

165 2788 340 2829 ραπήγματα
359 2789 476 2827 κείμενα
495 2789 538 2821 ἐπὶ
559 2789 655 2830 χώρου
674 2789 832 2827 ἀνήκοντος
853 2789 896 2826 εἰς
919 2789 949 2820 τὸ
969 2788 1111 2827 Δημόσιον
1133 2788 1185 2828 πρὸ

166 2835 220 2871 τῆς
245 2833 340 2874 ἰσχύος
365 2836 410 2864 τοῦ
433 2834 531 2871 Νόμου
555 2834 698 2873 2797)16
723 2834 857 2874 Μαρτίου
1000 2831 1185 2873 ἐπιτρέπεται
884 2834 975 2872 1954,

165 2878 210 2914 εἰς
232 2877 278 2909 τὸν
298 2878 456 2918 Ὑπουργὸν
475 2879 659 2916 Κοινωνικῆς
685 2878 847 2918 Προνοίας,
869 2878 947 2916 ὅπως
969 2877 1126 2916 καταβάλη
1149 2879 1185 2909 δι'

165 2921 291 2962 ἑκάστην
316 2922 551 2962 ἀποβαλλομένην
576 2923 754 2963 οἰκογένειαν
778 2924 827 2955 καὶ
998 2921 1185 2960 βεβαιώσεως
852 2923 973 2956 κατόπιν

165 2967 229 3007 περὶ
251 2970 304 3006 τῆς
324 2967 541 3007 κατεδαφίσεως
562 2970 607 2999 τοῦ
627 2968 868 3009 παραπήγματος,
891 2968 1027 3006 βοήθημα
1106 2967 1186 2999 δυνά-
1046 2969 1084 3006 μὴ

166 3024 247 3050 μενον
266 3012 302 3044 νὰ
322 3013 427 3051 ὑπερβῇ
448 3012 478 3043 τὸ
498 3012 579 3043 ποσὸν
598 3014 656 3044 τῶν
680 3013 791 3044 10.000
812 3015 959 3052 δραχμῶν,
979 3013 1050 3051 πρὸς
1073 3013 1186 3052 ἀντιμε-

169 3055 285 3088 τώπισιν
304 3059 358 3096 τῆς
375 3061 553 3099 προσωρινῆς
570 3056 736 3096 στεγάσεώς
755 3069 819 3089 των.

208 3102 251 3133 Τὸ
274 3105 316 3141 ὡς
339 3103 395 3134 ἄνω
416 3103 499 3134 ποσὸν
523 3099 672 3140 δυνάμενον
695 3102 730 3133 νὰ
752 3104 932 3141 καταβληθῇ
954 3103 997 3138 εἰς
1020 3102 1066 3133 δύο
1087 3102 1186 3140 δόσεις

171 3145 295 3185 ὁρίζεται
327 3146 402 3178 κατὰ
432 3146 554 3187 γενικὰς
585 3146 778 3187 κατηγορίας,
811 3147 967 3186 ἀναλόγως
999 3149 1058 3180 τῶν
1087 3149 1187 3187 μελῶν

1256 61 1310 97 τῆς
1341 57 1524 97 οἰκογενείας
1555 57 1602 89 καὶ
1635 57 1712 88 κατὰ
1742 56 1929 95 Συνοικισμόν
1987 57 2278 97 παραπηγματούχων,

1254 105 1292 135 δι'
1326 102 1499 142 ἀποφάσεως
1533 105 1578 135 τοῦ
1611 100 1771 142 Ὑπουργοῦ
1804 102 1993 139 Κοινωνικῆς
2031 101 2182 140 Προνοίας
2212 102 2280 142 μετά

1254 148 1399 188 σύμφωνον
1430 146 1547 187 γνώμην
1579 149 1626 177 τοῦ
1656 147 1821 187 Κεντρικοῦ
1850 146 2029 185 Συμβουλίου
2057 146 2241 186 Στεγάσεως.

1667 192 1803 232 Ἂρθρον
1830 192 1879 224 15.

1794 236 1995 274 μεταβίβασις.
1553 238 1764 277 Κληρονομικὴ

1435 281 1445 321 (
1452 281 1540 322 ἄρθρ.
1566 282 1584 312 8
1611 284 1659 312 τοῦ
1684 281 1737 312 ἀπὸ
1762 282 1800 312 27
1854 280 1865 309 1
1873 281 1883 319 )
1893 280 1997 313 9.2.53
2022 281 2095 312 Β.Δ.
2102 281 2111 319 )

1300 328 1327 358 1.
1357 326 1405 358 Ἐν
1435 326 1609 365 περιπτώσει
1637 325 1767 357 θανάτου
1797 325 1961 364 ἀγοραστοῦ
1988 325 2134 365 ἀκινήτου,
2161 323 2207 355 ἐὰν
2235 325 2281 362 μὲν

1254 372 1297 403 ἐπ'
1329 370 1445 409 ὀνόματι
1475 372 1559 403 αὐτοῦ
1585 370 1718 408 ἐξεδόθη
1748 369 1894 410 ὁριστικὸς
1925 368 2026 406 τίτλος
2054 369 2222 408 κυριότητος
2251 369 2282 400 τὰ

1254 416 1440 453 δικαιώμστσ
1464 417 1513 448 καὶ
1541 417 1567 447 αἱ
1593 414 1790 455 ῦποχρεώσεις
1816 426 1866 444 του
1885 413 2128 453 μεταβιβάζονται
2154 414 2196 449 εἰς
2221 414 2282 450 τοὺς

1254 461 1455 501 κληρονόμους
1479 462 1563 492 αὐτοῦ
1586 461 1665 492 κατὰ
1689 459 1718 493 τὸ
1743 459 1837 491 κοινὸν
1861 458 2072 498 κληρονομικὸν
2096 458 2214 497 δίκαιον,
2237 458 2282 489 ἐὰν

1254 506 1286 537 δὲ
1309 505 1357 537 δὲν
1383 505 1514 545 ἐξεδόθη
1541 503 1625 544 μέχρι
1653 506 1699 535 τοῦ
1724 504 1854 535 θανάτου
1879 506 1928 534 τοῦ
1954 503 2117 541 δικαιούχου
2143 503 2282 542 ὁριστικὸς

1255 550 1360 590 τίτλος
1385 550 1560 590 κυριότητος
1585 549 1737 588 ὑφίσταται
1765 549 1843 588 ὅμως
1869 549 1988 587 νόμιμος
2015 547 2127 584 τίτλος,
2222 547 2282 582 τοὺς
2154 548 2195 583 εἰς

1254 597 1291 633 ἐξ
1323 595 1480 626 ἀδιαθέτου
1507 592 1644 632 νομίμους
1905 593 1998 624 αὐτοῦ.
1674 594 1874 633 κληρονόμους

1254 730 1332 768 νόμοι
1361 729 1390 761 ἐν
1419 728 1595 768 περιπτώσει
1650 727 1779 759 θανάτου
1837 728 1998 767 ἀγοραστοῦ
2026 726 2069 756 ἐπ'
2099 726 2212 764 ὀνόματι
2242 728 2284 756 τοῦ

1254 773 1350 806 ὀποίου
1377 773 1424 804 δὲν
1455 773 1587 811 ἐξεδόθη
1617 772 1765 812 ὁριστικὸς
1796 771 1898 808 τίτλος
1929 771 2170 811 παραχωρήσεως
2199 772 2285 800 νοοῦν-

1255 831 1301 852 ται
1327 819 1357 849 ἐν
1380 818 1459 857 πάση
1483 816 1658 858 περιπτώσει
1685 818 1708 850 οἱ
1735 817 1770 854 ἐξ
1798 815 1959 847 ἀδιαθέτου
2117 813 2283 854 κληρονόμοι
1982 817 2090 854 νόμιμοι

1255 863 1350 897 αὐτοῦ.

1298 640 1328 672 2.
1356 640 1395 671 Ἡ
1423 640 1545 678 ἀληθὴς
1571 637 1667 669 ἔννοια
1696 640 1750 676 τῆς
1775 637 1951 673 διατάξεως
1977 640 2031 676 τῆς
2048 635 2241 681 παραγράφου
2268 635 2282 666 6

1255 687 1301 716 τοῦ
1325 685 1436 725 ἄρθρου
1459 686 1500 717 12
1523 687 1569 716 τοῦ
1590 683 1647 714 ἀπὸ
1670 682 1903 721 15)28.7.1938
1925 682 2001 714 Β.Δ.
2024 681 2096 712 εἶναι
2120 681 2161 712 ὄυι
2184 683 2285 719 κληρο-

1831 906 1879 937 16.
1667 907 1804 948 Ἄρθρον

1505 950 1735 991 Παραχώρησις
1763 948 1874 990 δωρεὰν
1902 950 2048 989 χρήσεως.

1414 996 1543 1036 (Ἄρθρ.
1567 995 1584 1026 9
1609 998 1656 1026 τοῦ
1679 994 1732 1025 ἀπὸ
2014 992 2139 1031 Β.Δ.).
1757 993 1991 1033 271)9.2.53

1300 1051 1327 1081 1.
1355 1048 1562 1089 Ἐπιτρέπεται
1591 1047 1746 1087 ἡδωρεὰν
1771 1047 1985 1086 παραχώρησις
2014 1047 2069 1084 τῆς
2253 1045 2287 1076 οἰ-
2093 1046 2227 1084 χρήσεως

1254 1094 1394 1133 κημάτων
1425 1093 1523 1124 ἕνεκεν
1556 1092 1679 1132 ἀπορίας
1711 1093 1727 1130 ἢ
1758 1093 1862 1123 ἄλλων
1888 1093 2020 1131 σοβαρῶν
2174 1089 2289 1120 ἐκτιθε-
2049 1091 2146 1128 λόγων

1251 1139 1346 1178 μένων
1376 1139 1406 1169 ἐν
1440 1139 1475 1176 τῇ
1507 1140 1629 1178 σχετικῇ
1662 1137 1801 1177 ἀποφάσει
1819 1139 1880 1168 τοῦ
2104 1134 2287 1171 Κοινωνικῆς
1914 1135 2074 1177 Ὑπουργοῦ

1258 1182 1414 1220 Προνοίας
1442 1184 1459 1222 ἢ
1487 1186 1533 1214 τοῦ
1558 1183 1627 1222 παρ'
1657 1183 1740 1213 αὐτοῦ
1765 1180 2061 1218 ἐξουσιοδοτοπμένου
2084 1177 2215 1219 ὀργάνου,
2241 1190 2288 1209 κα-

1254 1229 1333 1262 τόπιν
1361 1228 1482 1268 γνώμης
1511 1231 1559 1260 τοῦ
1583 1227 1691 1265 οἰκείου
1719 1224 1900 1265 Συμβουλίου
1926 1225 2116 1265 Στεγάσεως.

1299 1274 1337 1304 Ἡ
1366 1272 1578 1314 παραχώρησις
1608 1271 1682 1310 αὖτη
1709 1270 1781 1303 εἶναι
1811 1271 1977 1310 προσωρινὴ
2004 1268 2144 1308 δυναμένη
2171 1268 2194 1298 ν'
2226 1268 2288 1298 ἀνα-

1256 1321 1359 1358 κληθῇ
1384 1318 1400 1356 ἢ
1425 1317 1460 1349 νὰ
1482 1318 1656 1357 μετατραπῇ
1680 1317 1724 1353 εἰς
1748 1315 1883 1353 τοιαύτην
1908 1314 1953 1345 ἐπὶ
2215 1312 2291 1351 τιμή-
1977 1314 2188 1352 καταλογισμῷ

1255 1370 1356 1412 ματος
1381 1371 1527 1411 χρήσεως.
1557 1367 1636 1400 κατὰ
1666 1368 1703 1400 τὰ
1733 1367 1893 1407 κατωτέρω
1927 1368 2088 1407 ὁριζόμενα,
2187 1363 2290 1404 ἀποφά-
2120 1367 2154 1396 δι'

1254 1426 1335 1452 σεως
1357 1417 1405 1446 τοῦ
1429 1415 1590 1454 Ὑπουργοῦ
1613 1413 1801 1451 Κοινωνικῆς
1829 1407 1985 1450 Ππονοίας
2008 1411 2025 1449 ἢ
2050 1412 2100 1441 τοῦ
2118 1408 2185 1449 παρ'
2210 1409 2288 1439 αὐτοῦ

1260 1457 1547 1497 ἐξουσιοδοτουμένου
1572 1457 1693 1497 ὀργάνου
1718 1457 1793 1494 μετὰ
1818 1455 1935 1495 γνώμην
1965 1457 2011 1486 τοῦ
2039 1453 2144 1486 οἰκείου
2171 1453 2291 1490 Συμβου-

1255 1548 1349 1588 λόγοι.

1253 1503 1319 1534 λίου
1344 1502 1536 1543 Στεγάσεως,
1562 1501 1605 1541 ἐφ'
1633 1501 1694 1533 ὅσον
1722 1501 1862 1540 ἐξέλιπον
1889 1501 1912 1531 οἱ
1938 1497 2177 1540 προκαλέσαντες
2205 1497 2287 1535 αὐτὴν

1830 1591 1881 1632 17.
1591 1592 1803 1632 Ἄρθρον

1677 1642 1877 1683 Μεταγραφή.

1417 1688 1520 1729 (ἄρθρ.
1550 1689 1588 1720 10
1617 1690 1664 1718 τοῦ
1691 1686 1744 1718 ἀπὸ
2035 1683 2142 1722 Β.Δ.).
1772 1686 2008 1725 271)9.2.53

1298 1745 1326 1775 1.
1356 1743 1395 1773 Ἡ
1422 1742 1559 1781 ἐγγραφὴ
1584 1741 1602 1779 ἢ
1629 1741 1776 1781 διαγραφὴ
1802 1740 1971 1779 ὑποθήκης,
2000 1741 2016 1778 ἡ
2243 1736 2287 1768 καὶ
2041 1737 2217 1778 μεταγραφὴ

1255 1789 1284 1819 ἐν
1307 1787 1384 1828 γένει
1410 1786 1445 1817 τὰ
1468 1786 1614 1826 ἔγγραφα,
1639 1787 1667 1817 αἱ
1692 1784 1831 1825 πράξεις,
1855 1784 2081 1819 αἱβεβαιώσεις
2105 1782 2154 1813 καὶ
2229 1782 2291 1812 ἀπο-
2178 1783 2205 1812 αἱ

1260 1832 1363 1872 φάσεις
1384 1832 1411 1862 αἱ
1432 1830 1565 1870 σχετικαὶ
1584 1829 1619 1868 μὲ
1641 1830 1690 1868 τὴν
1712 1829 1879 1869 ἐφαρμογὴν
1902 1831 1949 1859 τοῦ
2146 1826 2292 1857 ἀπαλλάσ-
1969 1827 2123 1869 παρόντος,

1256 1921 1366 1959 τήσεων
1394 1919 1462 1960 ὑπὲρ
1492 1919 1607 1960 τρίτων.

1253 1888 1351 1907 σονται
1375 1875 1486 1911 παντὸς
1513 1875 1599 1915 φόρου
1623 1874 1727 1909 τέλους
1752 1873 1954 1911 δικαιώματος
1980 1873 1997 1910 ἢ
2020 1872 2160 1911 εἰσφορᾶς
2184 1870 2200 1908 ἢ
2226 1882 2290 1910 κρα-

1298 1967 1326 1998 2.
1357 1960 1460 2001 Ἐντὸς
1488 1960 1565 1996 ὀκτὼ
1594 1964 1709 2004 ἡμερῶν
1739 1964 1793 1995 ἀπὸ
1819 1965 1874 2001 τῆς
1901 1964 1947 1999 εἰς
1975 1960 2021 1992 τὸν
2049 1960 2182 2001 ἁρμόδιον
2208 1972 2290 1998 μετα-

1251 2008 1478 2051 γραφοφύλακα
1495 2008 1691 2045 διαβιβάσεως
1717 2008 1767 2040 ὑπὸ
1794 2010 1841 2039 τοῦ
1868 2006 2060 2046 Ὑπουργείου
2087 2008 2135 2036 τοῦ
2160 2016 2291 2045 παραχω-

1256 2054 1404 2095 ρητηρίου,
1431 2054 1621 2095 ὑποχρεοῦται
1647 2053 1735 2088 οὗτος
1759 2052 1797 2083 νὰ
1823 2052 1958 2095 ἐγγράψη
1988 2052 2038 2089 τὴν
2232 2049 2292 2080 ὑπο-
2068 2050 2204 2090 ἀνωτέρω

1248 2100 1354 2139 θήκην
1376 2099 1424 2130 καὶ
1449 2098 1485 2129 νὰ
1504 2097 1683 2138 μεταγράψη
1706 2098 1756 2134 τὴν
1780 2097 1940 2135 κυριότητα
1962 2095 2031 2136 ὑπὲρ
2125 2095 2291 2138 ἀγοραστοῦ,
2056 2096 2102 2125 τοῦ

1249 2143 1429 2179 διαβιβάζων
1460 2143 1577 2182 ἀμέσως
1605 2142 1651 2180 εἰς
1681 2141 1749 2173 αὐτὸ
1781 2141 1817 2173 τὰ
1845 2140 1971 2180 σχετικὰ
1998 2139 2223 2179 πιστοποιητικά
2246 2150 2291 2176 με-

1251 2191 1411 2229 ταγραφῆς
1442 2188 1491 2219 καὶ
1522 2187 1688 2226 ὑποθήκης.
1720 2187 1759 2218 Ἡ
1788 2187 1926 2226 ἐγγραφὴ
1956 2187 2011 2223 τῆς
2225 2183 2289 2223 ὑπὲρ
2041 2185 2196 2223 ὑποθήκης

1256 2236 1303 2265 τοῦ
1333 2232 1477 2272 Δημοσίου
1507 2234 1670 2271 θεωρείται
1702 2234 1744 2266 ὡς
1775 2232 1956 2271 ἐγγραφεῖσα
1987 2231 2015 2261 ἐν
2170 2228 2290 2264 βιβλίοις
2048 2231 2111 2265 τοῖς

1248 2279 1413 2316 ὑποθηκῶν
1443 2277 1495 2309 ἀπό
1526 2278 1580 2313 τῆς
1610 2276 1819 2316 χρονολογίας,
1848 2274 1881 2313 ἤν
1913 2275 1992 2315 φ΄ρρει
2080 2273 2292 2314 παραχωρητή-
2023 2274 2053 2306 τὸ

1256 2334 1325 2363 ριον,
1356 2322 1432 2354 ἔστω
1463 2322 1512 2355 καὶ
1546 2321 1578 2359 ἄν
1610 2321 1727 2362 ἐγένετο
1759 2320 2031 2360 μεταγενεστέρως,
2263 2317 2292 2348 δὲ
2062 2320 2232 2365 προηγεῖται

1246 2367 1356 2406 πάσης
1380 2367 1481 2406 ἄλλης
1510 2366 1668 2409 ὑποθήκης
1697 2366 1715 2404 ἤ
1744 2365 1913 2403 οἱουδήποτε
2179 2361 2291 2393 δικαιώ-
1939 2365 2149 2405 ἐμπραγμάτου

1238 2424 1347 2450 ματος
1373 2412 1442 2452 ὑπὲρ
1470 2412 1574 2451 ἄλλου,
1600 2411 1676 2441 ἔστω
1702 2410 1751 2441 καὶ
1779 2410 1813 2441 ἄν
1834 2412 1922 2441 τοῦτο
1947 2408 2154 2449 κατεχωρήθη
2177 2408 2205 2440 ἐν
2233 2408 2291 2442 τοῖς

1244 2502 1338 2537 ἐντὸς
1370 2505 1426 2544 τῶν
1459 2501 1596 2541 ἀνωτέρω
1627 2500 1705 2544 ὀκυὼ
1736 2500 1863 2544 ἡμερῶν.

1256 2457 1382 2493 βιβλιοις
1415 2457 1573 2494 ὑποθηκῶν
1605 2455 1660 2494 πρὸ
1693 2457 1748 2492 τῆς
1779 2454 1848 2495 ὑπὲρ
1882 2457 1930 2486 τοῦ
2141 2452 2292 2490 ὑποθήκης
1962 2454 2110 2492 Δημοσίου

1302 2546 1329 2577 3.
1353 2544 1562 2585 Ἡδιαγραφὴ
1587 2546 1641 2582 τῆς
1665 2542 1821 2582 ὑποθήκης
1844 2544 2007 2583 ἐνεργεῖται
2033 2545 2069 2582 τῆ
2091 2542 2231 2582 ἐγγράφῳ
2253 2542 2293 2572 ἐν-

1257 2590 1330 2627 τολὴ
1356 2591 1404 2620 τοῦ
1429 2588 1620 2627 Ὑπουργρίου
1646 2588 1663 2626 ἤ
1690 2589 1745 2626 τῆς
1771 2586 1913 2627 ἁρμοδίας
2194 2585 2291 2625 ὑπηρε-
1939 2589 2168 2627 περιφερειακῆς

1256 2629 1323 2670 σίας
1347 2634 1431 2664 αὐτοῦ
1456 2631 1515 2670 ἄμα
1524 2629 1573 2671 τῇ
1595 2634 1773 2671 προσαγωγῇ
1798 2631 1877 2669 αὐτῷ
1903 2632 1950 2661 τοῦ
1973 2629 2156 2670 γραμματίου
2179 2631 2289 2668 πληρω-

1256 2680 1315 2716 μῆς
1337 2679 1391 2716 τῆς
1411 2676 1588 2712 τελευταίας
1607 2675 1720 2711 δόσεως
1812 2674 1986 2713 τιμήματος.
1743 2677 1789 2707 τοῦ

1304 2721 1401 2752 Πᾶσα
1423 2719 1547 2760 σχετικὴ
1571 2718 1753 2759 παράλειψις
1779 2721 1826 2750 τοῦ
1852 2717 1988 2758 ἁρμοδίου
2011 2717 2185 2755 ὑπαλλήλου
2210 2717 2290 2760 ἀναγ-

1241 2807 1362 2845 δίωξιν
1384 2809 1479 2839 αὐτοῦ.
1503 2807 1552 2838 Ἐν
1574 2805 1651 2846 πάσῃ
1673 2805 1848 2847 περιπτώσει
1873 2806 1904 2838 τό
1919 2819 1949 2837 τε
2185 2806 2293 2837 Κοινω-
1973 2807 2163 2845 Ὑπουργεῖον

1255 2855 1344 2892 νικῆς
1374 2850 1530 2892 Προνοίας
1557 2850 1606 2882 καὶ
1634 2851 1647 2881 ὁ
1675 2850 1917 2891 ἐνδιαφερόμενος
1944 2852 2123 2882 δικαιοῦνται
2210 2847 2293 2888 ζητή-
2149 2848 2185 2881 νὰ

1254 2908 1326 2927 σωσι
1350 2896 1428 2936 παρὰ
1453 2897 1499 2927 τοῦ
1526 2896 1610 2926 αὐτοῦ
1635 2894 1809 2932 ὑπαλλήλου
1834 2894 1885 2932 τὴν
1911 2894 2050 2932 σύνταξιν
2160 2891 2291 2933 ἀνωτέρω
2077 2894 2133 2924 τῶν

1255 2940 1408 2979 πράξεων.

1257 2764 1401 2805 γέλλεται
1428 2765 1473 2800 εἰς
1501 2763 1531 2795 τὸ
1558 2763 1748 2804 Ὑπουργεῖον
1773 2762 1971 2801 Δικαιοσύνης
2097 2762 2292 2802 πειθαρχικὴν
1984 2763 2071 2806 πρὸς

1535 3033 1741 3074 Κατεδάφισις
1762 3033 2015 3074 παραπηγμάτων.

1415 3079 1544 3119 (Ἄρθρ.
1570 3078 1606 3109 11
1632 3081 1683 3110 τοῦ
1709 3076 1763 3109 ἀπὸ
1787 3077 1990 3115 27.1)9.2.53
2016 3078 2146 3118 Β.Δ.).

1302 3123 1329 3154 1.
1348 3120 1397 3154 Τὰ
1413 3119 1580 3163 προσωρινὰ
1598 3121 1764 3162 στέγαστρα
1784 3121 1832 3153 καὶ
1852 3122 2075 3162 παραπήγματα
2094 3123 2123 3154 ἐν
2142 3122 2218 3163 γένει
2239 3123 2291 3153 τῶν

1260 3165 1542 3207 ἀποκαθισταμένων
1575 3166 1618 3204 ὡς
1651 3164 1792 3205 ἀνωτέρω
1823 3166 2009 3207 οἰκογενειῶν
2042 3167 2292 3208 κατεδαφίζονται,

1669 2981 1806 3022 Ἄρθρον
1832 2981 1882 3012 18.
