2678 3502
249 54 428 97 ἀποφάσεως
454 57 502 87 τοῦ
525 54 674 96 νομάρχου
697 55 747 87 καὶ
772 54 965 97 προκειμένου
989 54 1054 97 περὶ
1161 50 1259 92 δήμων
1080 55 1137 87 τῶν
186 59 223 90 δι'

187 105 238 138 καὶ
264 102 448 142 κοινοτήτων
473 104 529 142 τῆς
556 100 635 138 τέως
661 102 852 141 Διοικήσεως
883 101 1112 142 Πρωτευούσης
1137 100 1188 132 ὑπὸ
1213 100 1261 132 τοῦ

189 153 357 193 Ὑπουργοῦ
387 153 444 181 τῶν
477 148 701 190 Ἐσωτερικῶν,
730 149 766 180 ἐκ
796 149 922 186 πίνακος
1212 145 1262 179 ὑπὸ
953 146 1183 187 συντασσομένου

189 202 238 232 τοῦ
264 196 372 231 οἰκείου
398 195 551 239 δημάρχου
577 195 595 235 ἢ
620 195 762 237 προέδρου
788 195 965 235 κοινότητος
1070 193 1263 237 περιέχοντος
993 195 1042 228 καὶ

188 245 363 289 τριπλάσιον
390 243 518 286 ἀριθμὸν
544 243 819 285 φορολογουμένων.

234 294 290 331 Εἰς
310 292 360 329 οὓς
380 292 490 332 δήμους
511 290 561 323 καὶ
583 290 763 330 κοινότητας
785 290 833 322 δὲν
854 290 996 332 ὑπηρετεῖ
1016 289 1196 329 ὑπάλληλος
1217 284 1266 320 ἐπὶ

189 344 299 382 βαθμῷ
326 337 532 380 γραμματέως
558 336 689 378 ὁρίζεται
716 337 767 369 ὑπὸ
794 340 843 370 τοῦ
867 340 1029 377 δημοτικοῦ
1096 337 1264 369 κοινοτικοῦ
1054 338 1072 377 ἢ

187 385 364 429 συμβουλίου
388 385 451 417 ἀντ'
477 385 564 417 αὐτοῦ
588 384 631 421 ὡς
655 384 749 423 μέλος
772 384 937 423 δημοτικὸς
963 385 980 424 ἢ
1004 383 1174 421 κοινοτικὸς
1198 383 1262 423 σύμ-

190 437 297 471 βουλος
321 432 396 473 μετὰ
421 434 469 465 τοῦ
495 432 714 472 ἀναπληρωτοῦ
740 444 799 465 του.

234 482 262 515 3.
291 481 346 518 Εἰς
373 481 441 517 τοὺς
468 479 592 516 λοιποὺς
620 477 731 518 δήμους
759 479 810 511 καὶ
839 478 1037 518 κοινότητας:
1067 479 1099 513 α)
1196 478 1262 515 ἑνὸς
1131 479 1168 517 ἐξ

188 530 348 571 δημοτικοῦ
368 526 385 566 ἢ
405 527 573 558 κοινοτικοῦ
593 525 756 563 συμβούλου
776 524 945 567 ὁριζομένου
965 526 1042 566 μετὰ
1131 525 1264 564 ἀναπλη-
1060 528 1109 559 τοῦ

189 578 282 620 ρωτοῦ
304 575 391 606 αὐτοῦ
411 574 462 606 ὑπὸ
484 576 533 606 τοῦ
554 574 715 612 δημοτικοῦ
737 573 753 612 ἢ
775 576 943 606 κοινοτικοῦ
963 572 1148 616 συμβουλίου,
1170 573 1200 613 β)
1227 573 1263 604 ἐκ

190 627 238 658 τοῦ
258 621 398 665 προέδρου
419 624 467 654 τοῦ
488 621 517 653 ἐν
539 622 575 659 τῆ
597 620 668 662 ἕδρᾳ
688 624 737 653 τοῦ
756 621 848 661 δήμου
868 620 885 659 ἢ
1105 619 1264 661 ἐμπορικοῦ
905 620 1083 661 κοινότητος

189 669 336 712 συλλόγου
362 669 379 708 ἢ
404 669 442 708 μὴ
468 667 657 709 ὑπάρχοντος
683 668 814 701 τοιούτου
837 669 874 700 ἐκ
900 670 948 700 τοῦ
973 668 1114 710 προέδρου
1216 667 1264 707 ἀρ-
1142 670 1189 700 τοῦ

187 716 345 760 χαιοτέρου
370 716 399 747 ἐν
427 718 469 756 τῷ
496 716 581 756 δήμῳ
608 715 625 754 ἢ
651 717 686 755 τῇ
712 715 864 755 κοινότητι
893 715 1068 757 ἐδρεύοντος
1094 715 1263 756 γεωργικοῦ

188 765 420 805 συνεταιρισμοῦ,
447 761 617 805 ὁριζομένου
643 762 720 803 μετὰ
747 766 796 795 τοῦ
824 762 1043 804 ἀναπληρωτοῦ
1185 760 1263 802 παρὰ
1072 763 1158 795 αὐτοῦ

189 816 245 853 τῆς
269 809 385 848 οἰκείας
409 810 602 850 διοικήσεως,
627 810 666 849 μὴ
690 809 884 852 ὑπα;ρχόντων
910 809 941 841 δὲ
967 809 1108 842 τοιούτων
1195 808 1262 845 ἑνὸς
1133 809 1169 847 ἐξ

188 857 317 899 δημότου
351 856 616 898 φορολογουμένου,
652 857 822 897 ὁριζομένου
857 855 908 888 ὑπὸ
945 859 994 889 τοῦ
1211 853 1261 887 καὶ
1029 855 1177 898 νομάρχου

188 907 221 948 γ)
252 905 288 944 ἐξ
315 904 382 942 ἑνὸς
408 904 548 944 δημοσίου
574 904 763 945 ὑπαλλήλου,
791 904 869 943 πλὴν
983 902 1263 943 δημοδιδασκάλων,
897 906 954 935 τῶν

187 954 223 985 ἐκ
250 956 307 984 τῶν
334 951 558 993 ὑπηρετούντων
585 950 631 988 εἰς
659 951 709 991 τὴν
736 950 825 992 ἕδραν
852 953 901 983 τοῦ
926 951 1018 990 δήμου
1087 949 1262 989 κοινότητος
1044 952 1060 991 ἢ

187 998 237 1032 καὶ
261 998 363 1031 τούτου
384 999 422 1039 μὴ
444 998 632 1040 ὑπάρχοντος
654 999 689 1037 ἐξ
714 999 782 1036 ἑνὸς
805 999 839 1031 ἐκ
861 1000 919 1031 τῶν
943 997 1093 1040 ἐγκρίτων
1116 999 1262 1037 δημοτῶν,

185 1045 381 1089 προκειμένου
404 1045 435 1078 δὲ
459 1046 523 1086 περὶ
551 1048 608 1076 τῶν
632 1045 732 1084 δήμων
756 1046 800 1083 ὡς
823 1045 873 1077 καὶ
899 1048 956 1077 τῶν
980 1044 1165 1083 κοινοτήτων
1189 1044 1263 1082 πλη-

185 1095 299 1133 θυσμοῦ
328 1092 388 1125 ἄνω
417 1095 477 1125 τῶν
505 1092 602 1126 3.000
630 1093 668 1131 ἐξ
697 1093 765 1130 ἑννὸς
794 1092 973 1132 ὑπαλλήλου
1073 1090 1262 1132 κατηγορίας
1002 1092 1041 1124 Α΄

187 1144 244 1181 τῆς
275 1138 460 1182 Νομαρχίας
493 1140 512 1180 ἢ
544 1142 593 1172 τοῦ
627 1139 810 1182 Ἐπαρχείου
842 1139 888 1171 ἐπὶ
1067 1137 1261 1180 τοὐλάχιστον
922 1141 1033 1180 βαθμῷ

185 1186 403 1229 γραμματέως,
425 1186 595 1228 ὁριζομένου
616 1186 692 1226 μετὰ
715 1190 764 1220 τοῦ
786 1188 1007 1228 ἀναπληρωτοῦ
1028 1198 1077 1218 του
1165 1183 1263 1221 πάσας
1097 1185 1143 1223 εἰς

187 1235 243 1272 τὰς
268 1232 470 1274 περιπτώσεις
494 1232 575 1275 παρὰ
671 1233 847 1276 Νομάρχου.
598 1237 648 1266 τοῦ

0 0 1 1 .

232 1281 425 1321 Καθήκοντα
447 1281 591 1323 προέδρου
613 1280 735 1313 ἐκτελεῖ
757 1282 770 1313 ὁ
792 1280 933 1320 δημόσιος
957 1279 1138 1318 ὑπάλληλος
1231 1272 1262 1309 ἐν
1159 1270 1208 1311 καὶ

186 1327 366 1370 περιπτώσει
391 1328 429 1369 μὴ
455 1330 646 1369 συμμετοχῆς
670 1327 802 1361 τοιούτου
827 1329 838 1360 ὁ
863 1327 1027 1367 δημοτικὸς
1092 1325 1261 1362 κοινοτικὸς
1052 1327 1069 1367 ἢ

186 1376 353 1415 σύμβουλος

235 1432 260 1465 4.
284 1429 372 1471 Χρέη
393 1431 600 1472 γραμματέως
625 1434 682 1464 τῶν
704 1431 734 1463 ἐν
757 1429 970 1473 παραγράφοις
992 1430 1012 1463 2
1033 1429 1083 1462 καὶ
1150 1428 1264 1470 ἐπιτρο-
1107 1429 1125 1462 3

187 1481 249 1511 πῶν
278 1479 402 1510 ἐκτελεῖ
429 1478 612 1518 ῦπάλληλος
643 1480 691 1511 τοῦ
718 1478 810 1517 δήμου
839 1478 855 1517 ἢ
1092 1475 1261 1517 ὁριζόμενος
884 1476 1062 1517 κοινότητος

186 1525 264 1566 μετὰ
292 1527 340 1557 τοῦ
371 1523 591 1567 ἀναπληρωτοῦ
621 1525 707 1558 αὐτοῦ
736 1524 787 1558 ὑπὸ
817 1527 865 1557 τοῦ
894 1524 1047 1566 δημάρχου
1076 1522 1093 1563 ἢ
1121 1522 1263 1564 προέδρου

181 1573 369 1608 κοινότητος.
398 1572 452 1611 Μὴ
480 1571 666 1609 ὑπάρχοντος
691 1571 899 1613 γραμματέως
924 1571 1103 1611 κοινότητος
1127 1581 1263 1611 γραμμα-

189 1620 257 1657 τεὺς
278 1621 335 1658 τῆς
355 1618 521 1660 ἐπιτροπῆς
542 1617 672 1660 ὁρίζεται
693 1620 706 1653 ὁ
727 1619 863 1651 ἐκτελῶν
883 1618 959 1659 χρέη
979 1617 1184 1661 γραμματέως
1207 1618 1262 1655 τῆς

188 1666 366 1705 κοινότητος
390 1667 562 1703 κοινοτικός
586 1665 750 1705 σύμβουλος
818 1664 955 1706 ἰδιώτης.
775 1667 794 1706 ἢ

455 1731 496 1764 Β΄
524 1731 792 1774 Δευτεροβάθμιος
819 1731 995 1773 Ἐπιτροπή.

234 1789 262 1821 5.
289 1786 503 1829 Προκειμένου
524 1787 588 1829 περὶ
613 1786 741 1829 ἐφέσεων
765 1788 928 1829 ἀφορωσῶν
950 1787 996 1826 εἰς
1018 1785 1182 1827 ἀποφάσεις
1205 1787 1261 1825 τῆς

187 1836 218 1867 ἐν
236 1834 425 1877 παραγράφῳ
444 1835 463 1867 2
482 1835 715 1875 πρωτοβαθμίου
731 1835 897 1876 ἐπιτροπῆς
915 1835 932 1875 ἡ
951 1833 1077 1876 ἁρμοδία
1184 1831 1264 1863 ἐκδί-
1094 1833 1168 1875 προς

188 1895 275 1915 κασιν
301 1882 396 1914 αὐτῶν
421 1882 568 1923 ἐπιτροπὴ
590 1881 783 1914 συντίθεται:
810 1882 857 1920 α).
883 1881 913 1921 β)
944 1881 979 1913 ἐκ
1074 1879 1261 1918 ὑπαλλήλων
1003 1880 1049 1914 δύο

190 1929 409 1968 ἁρμοδιότητος
437 1930 572 1968 Γενικῆς
604 1928 814 1966 Διευθύνσεως
845 1929 1035 1967 Διοικήσεως
1067 1925 1263 1968 Ὑπουργείου

191 1976 402 2017 Ἐσωτερικῶν
430 1974 562 2017 ἐχόντων
591 1975 707 2015 βαθμὸν
737 1974 933 2017 τοὐλάχιστον
963 1973 1177 2016 τμημαυάρχου
1206 1975 1263 2012 τῆς

182 2023 223 2055 Α΄
250 2022 452 2064 κατηγορίας,
478 2024 514 2059 ἐξ
541 2022 581 2054 ὧν
605 2024 618 2055 ὁ
642 2023 721 2055 κατὰ
745 2023 860 2054 βαθμὸν
885 2021 1038 2061 ἀνώτερος
1062 2021 1113 2053 καὶ
1137 2019 1182 2052 ἐπὶ
1208 2020 1263 2052 ἰσο-

190 2069 316 2108 βάθμων
347 2070 360 2102 ὁ
392 2069 594 2112 ἀρχαιότερος
625 2070 667 2107 ὡς
699 2069 855 2111 πρόεδρος,
888 2068 1065 2111 ὁριζομένων
1204 2068 1262 2098 τῶν
1097 2079 1173 2107 μετα

190 2117 418 2157 ἀναπληρωτῶν
442 2118 539 2149 αὐτῶν
561 2117 651 2161 παρὰ
661 2120 709 2149 τοῦ
731 2115 869 2158 ἁρμοδίου
1070 2112 1263 2155 προκειμένου
889 2115 1048 2158 νομάρχου,

183 2163 212 2195 δὲ
238 2163 300 2204 περὶ
326 2165 383 2194 τῶν
405 2164 507 2203 δήμων
530 2163 580 2196 καὶ
604 2167 661 2195 τῶν
683 2164 867 2202 κοινοτήτων
892 2167 947 2203 τῆς
1071 2161 1263 2200 Διοικήσεως
971 2162 1049 2201 τέως

194 2209 423 2251 Πρωτευούσης
444 2211 526 2251 παρὰ
545 2213 593 2243 τοῦ
614 2211 780 2252 Ὑπουργοῦ
801 2213 857 2242 τῶν
879 2211 1102 2250 Ἐσωτερικῶν.
1181 2207 1264 2248 πρόε-
1124 2208 1161 2240 Ὁ

188 2258 259 2298 δρος
283 2259 339 2296 τῆς
362 2257 527 2297 ἐπιτροπῆς
552 2256 664 2297 ταύτης
687 2257 733 2295 εἰς
757 2259 846 2298 δῆμον
869 2256 978 2298 ἔχοντα
1203 2252 1262 2285 ἄνω
1002 2254 1178 2295 πληθυσμόν

189 2306 247 2336 τῶν
271 2303 392 2337 50.000
413 2304 479 2337 δέον
501 2304 538 2338 νὰ
560 2303 707 2345 κέκτητσι
732 2304 848 2345 βαθμὸν
1079 2299 1264 2343 ἀναπληρού-
870 2305 1054 2336 Διευθυντοῦ

185 2363 276 2390 μενος
301 2351 351 2383 ὑπὸ
376 2350 579 2392 ὁμοιοβάθμου
604 2363 663 2384 του.

234 2405 334 2440 Ὅταν
358 2407 403 2444 εἰς
427 2407 480 2446 τὴν
503 2407 684 2450 Νομαρχίαν
707 2407 756 2440 δὲν
779 2409 911 2449 ὑπηρετῇ
1180 2402 1264 2443 μετέ-
934 2404 1158 2448 τμηματάρχης

187 2466 233 2493 χει
258 2455 313 2492 τῆς
335 2454 501 2495 ἐπιτροπῆς
523 2453 569 2490 εἷς
592 2457 650 2486 τῶν
670 2456 785 2487 λοιπῶν
806 2454 994 2494 ὑπαλλήλων
1094 2449 1261 2492 νομαρχίας
1017 2456 1073 2494 τῆς

187 2498 264 2541 ἔχων
299 2500 414 2539 βαθμὸν
448 2499 646 2542 τοὐλάχιστον
678 2501 895 2543 γραμματέως.
929 2502 978 2533 Ἐν
1082 2496 1260 2540 περιπτώσει
1012 2504 1048 2542 τῇ

190 2546 282 2588 ταύτη
308 2545 453 2588 πρόεδρος
481 2547 558 2581 εἶναι
585 2549 598 2581 ὁ
626 2548 816 2587 οἰκονομικὸς
842 2547 1034 2587 ὑπάλληλος.
1062 2546 1096 2587 γ)
1195 2545 1262 2581 ἑνὸς
1130 2547 1166 2584 ἐξ

188 2593 365 2634 ὑπαλλήλου
392 2598 449 2634 τῆς
476 2594 670 2635 οἱκονομικῆς
699 2594 823 2636 ἐφορίας
849 2595 925 2634 μετὰ
952 2598 1000 2627 τοῦ
1026 2592 1147 2633 νομίμου
1175 2592 1263 2623 αὐτοῦ

183 2639 401 2679 ἀναπληρωτοῦ
421 2642 550 2683 ἔχοντος
573 2641 688 2675 βαθμὸν
711 2641 908 2675 τουλάχιστον
1169 2639 1263 2679 ὁριζο-
932 2640 1150 2682 τμηματάρχου

189 2686 283 2725 μένων
308 2687 357 2720 ὑπὸ
381 2692 429 2721 τοῦ
452 2689 602 2730 ωομάρχου
625 2689 674 2722 καὶ
699 2688 893 2731 προκειμένου
915 2690 978 2731 περὶ
1004 2692 1063 2721 τῶν
1211 2684 1261 2717 καὶ
1087 2688 1187 2727 δήμων

190 2731 372 2773 κοινοτήτων
399 2739 454 2775 τῆς
480 2734 560 2773 τέως
585 2736 777 2776 Διοικήσεως
808 2736 1035 2777 Πρωτευούσης
1061 2735 1112 2767 ὑπὸ
1214 2732 1265 2763 Ὑ-
1139 2735 1187 2766 τοῦ

190 2782 316 2819 πουργοῦ
336 2782 392 2812 τῶν
414 2781 639 2824 Ἐσωτερικῶν,
658 2783 687 2820 δ)
714 2783 751 2821 ἐξ
773 2782 839 2821 ἑνὸς
859 2784 1019 2823 δημοτικοῦ
1077 2780 1263 2814 κοιννοτικοῦ
1040 2783 1057 2822 ἢ

188 2825 362 2864 συμβούλου,
385 2828 552 2869 ὁριζομένου
575 2830 654 2870 μετὰ
677 2832 727 2863 τοῦ
751 2830 970 2871 ἀναπληρωτοῦ
994 2842 1042 2862 του
1066 2828 1116 2861 ὑπὸ
1215 2828 1264 2865 δη-
1143 2829 1191 2859 τοῦ

189 2875 312 2912 μοτικοῦ
334 2873 352 2913 ἢ
373 2879 539 2910 κοινοτικοῦ
559 2877 735 2916 συμβουλίου
758 2877 808 2910 καὶ
830 2878 859 2914 ε)
888 2878 923 2916 ἐξ
1038 2872 1262 2915 ἀντιπροσώπου
947 2877 1014 2915 ἑωὸς

190 2923 246 2959 τῆς
272 2918 546 2963 ἐπαγγελματικῆς
569 2923 772 2965 ὀργανώσεως
797 2924 840 2962 εἰς
866 2924 900 2964 ἣν
926 2924 1073 2965 ὑπάγεται
1139 2921 1263 2963 φορολο-
1100 2923 1113 2954 ὁ

182 2966 341 3006 γούμενος,
361 2967 532 3007 ὁριζομένου
551 2970 626 3005 μετὰ
647 2974 695 3004 τοῦ
718 2971 939 3012 ἀναπληρωτοῦ
960 2985 1009 3003 του
1030 2970 1083 3003 ὑπὸ
1176 2965 1262 3000 προέ-
1105 2970 1155 3000 τοῦ

187 3014 256 3055 δρου
278 3015 335 3052 τῆς
358 3014 569 3055 ὀργανώσεως,
591 3016 629 3057 μὴ
649 3018 839 3061 ὑπαρχούσης
861 3019 1003 3059 τοιαύτης
1027 3018 1044 3058 ἢ
1127 3013 1263 3057 ὁρισθέν-
1064 3016 1105 3056 μὴ

188 3072 240 3098 τος
265 3060 398 3093 τοιούτου
418 3062 509 3100 ἐντὸς
531 3062 606 3094 δέκα
629 3064 744 3105 ἡμερῶν
770 3065 824 3097 ἀπὸ
848 3069 905 3105 τῆς
927 3066 1053 3107 λήψεως
1152 3059 1262 3103 ἐγγρά-
1079 3067 1128 3096 τοῦ

185 3120 238 3149 φου
263 3110 314 3140 τοῦ
334 3107 515 3150 Νομάρχου,
542 3108 559 3147 ἢ
583 3112 632 3142 τοῦ
657 3110 821 3153 Ὑπουργοῦ
847 3114 904 3143 τῶν
1181 3106 1261 3140 κατὰ
930 3113 1156 3153 Ἐσωτερικῶν,

183 3153 379 3196 περίπτωσιν,
407 3154 445 3194 ἐξ
476 3155 545 3193 ἑνὸς
572 3158 824 3199 γορολογουμένου
852 3158 901 3191 διὰ
929 3163 984 3200 τῆς
1139 3155 1262 3198 φορολο-
1013 3160 1109 3197 αὐτῆς

182 3203 267 3244 γίας,
292 3201 464 3243 ὁριζομένου
486 3202 562 3242 μετὰ
585 3206 633 3236 τοῦ
656 3204 873 3247 ἀναπληρωτοῦ
895 3219 943 3239 του
966 3207 1015 3239 ὑπὸ
1111 3202 1260 3243 νομάρχου
1040 3208 1088 3238 τοῦ

181 3250 232 3282 καὶ
262 3249 461 3296 προκειμένου
490 3248 555 3290 περὶ
587 3252 645 3281 τῶν
673 3251 773 3290 δήμων
802 3252 851 3285 καὶ
881 3254 1064 3293 κοινοτήτων
1181 3248 1260 3285 τέως
1094 3254 1151 3292 τῆς

179 3346 286 3386 ρικῶν.

181 3296 375 3335 Διοικήσεως
414 3296 646 3338 Πρωτευούσης
677 3297 729 3330 ὑπὸ
763 3301 811 3332 τοῦ
840 3300 1005 3342 Ὑπουργοῦ
1132 3298 1261 3329 Ἐσωτε-
1038 3303 1097 3332 τῶν

1420 29 1516 72 Ἓδρα
1540 33 1593 71 τῆς
1616 30 1773 73 ἐπιτροπῆς
1794 29 1868 63 εἶναι
1891 30 1905 64 ὁ
1926 31 2019 71 δῆμος
2043 29 2061 70 ἢ
2085 30 2102 71 ἡ
2127 30 2282 71 κοινότης.

1418 77 1447 112 6.
1473 77 1678 121 Προκειμένου
1698 78 1760 120 περὶ
1781 78 1907 121 ἐφέσεων
1930 78 2093 120 ἀφορωσῶν
2117 78 2165 117 εἰς
2189 78 2353 121 ἀποφάσεις
2375 83 2426 121 τῆς

1376 127 1406 158 ἐν
1428 125 1613 168 παραγράφῳ
1639 127 1657 160 3
1680 126 1905 168 πρωτοβαθμίου
1927 126 2105 171 ἐπιτροπῆς,
2132 127 2149 168 ἡ
2176 127 2428 169 δευτεροβάθμιος

1375 172 1562 206 συντίθεται:
1592 174 1622 214 α)
1658 173 1711 206 Ἐκ
1738 177 1784 207 τοῦ
1813 173 1994 217 εἰρηνοδίκου
2023 177 2081 216 τῆς
2111 175 2309 216 περιφερείας
2386 179 2428 209 τοῦ
2340 175 2356 216 ἢ

1376 220 1492 261 νομίμου
1522 221 1605 255 αὐτοῦ
1634 221 1844 264 ἀναπληρωτοῦ
1872 224 1914 261 ὡς
1943 222 2097 264 προέδρου,
2129 224 2159 263 β)
2195 222 2231 255 ἐκ
2262 226 2310 255 τοῦ
2339 224 2367 256 ἐν
2395 226 2429 264 τῇ

1377 269 1447 311 ἕδρᾳ
2368 272 2430 304 ἀνα-
2222 271 2342 311 νομίμου
2148 273 2198 303 τοῦ
2105 270 2123 311 ἢ
1974 268 2079 311 ἐφόρου
1770 269 1950 310 οἰκονομικοῦ
1541 268 1748 311 εἰρηνοδικείου
1471 272 1517 302 τοῦ

1377 317 1532 358 πληρωτοῦ
1555 329 1602 350 του
1623 316 1671 351 καὶ
1694 317 1730 357 μὴ
1752 317 1934 359 ὑπαρχούσης
1957 316 2155 359 οἱκονομικῆς
2181 318 2306 361 ἐφορίας
2330 319 2364 351 ἐκ
2385 322 2429 353 τοῦ

1378 362 1536 406 ἀγρονόμου
1560 365 1576 405 ἢ
1600 368 1647 398 τοῦ
1668 364 1783 405 νομίμου
1808 361 1891 399 αὐτοῦ
1916 364 2138 407 ἀναπληρωτοῦ
2163 366 2214 398 καὶ
2239 369 2273 407 γ)
2304 366 2342 405 ἐξ
2366 367 2427 406 ἐνὸς

1378 415 1535 452 δημοτικοῦ
1562 412 1578 452 ἢ
1605 415 1766 445 κοινοτικοῦ
1791 412 1948 453 συμβούλου
1976 415 2033 453 τῆς
2061 413 2156 455 ἕδρας
2272 414 2430 456 ἐπιτροπης
2186 416 2243 454 τῆς

1374 460 1538 502 ὁριζομένου
1558 461 1631 500 μετὰ
1651 463 1698 493 τοῦ
1716 460 1928 503 ἀναπληρωτοῦ
1947 473 1995 493 του
2014 461 2066 494 ὑπο
2089 465 2140 494 του
2159 464 2322 502 δημοτικοῦ
2341 462 2356 502 ἢ
2376 476 2432 497 κοι-

1516 508 1695 548 συμβουλίου.
1378 509 1492 540 νοτικοῦ

1422 555 1472 587 Ἐν
1493 555 1667 597 περιπτώσει
1691 555 1929 597 ἀναπληρώσεως
1951 555 1996 594 εἰς
2020 555 2073 596 τὴν
2098 556 2263 599 ἐπιτροπὴν
2356 557 2431 599 εἰρη-
2287 559 2335 590 τοῦ

1378 601 1490 636 νοδίκου
1509 602 1651 645 πρόεδρος
1671 602 1743 635 εἶναι
1763 605 1775 637 ὁ
1795 602 1980 644 οἰκονομικὸς
2001 603 2111 646 ἔφορ
2134 606 2151 645 ἢ
2172 605 2185 637 ὁ
2209 605 2429 647 ἀναπληρωτὴς

1380 652 1474 684 αὐτοῦ.

1424 698 1521 741 Ἕδρα
1545 703 1599 741 τῆς
1621 700 1778 742 ἐπιτροπῆς
1800 699 1873 734 εἶναι
1896 702 1912 742 ἡ
1935 699 2006 742 ἕδρα
2029 702 2078 733 τοῦ
2102 699 2291 743 εἰρηνοδίκου
2315 700 2359 738 εἰς
2383 701 2430 741 τὴν

1378 746 1564 788 περιφέρειαν
1586 749 1634 781 τοῦ
1656 746 1749 781 ὁποίου
1771 747 1911 790 ὑπάγεται
1934 748 1946 780 ὁ
1970 749 2064 789 δῆμος
2132 748 2285 788 κοινότης.
2089 748 2106 788 ἢ

1421 794 1505 835 Χρέη
1531 794 1730 836 γραμματέως
1756 798 1810 836 τῆς
1836 796 1996 838 ἐπιτροπῆς
2022 795 2151 828 ἐκτελεῖ
2177 795 2359 836 ὑπάλληλος
2385 799 2430 830 τοῦ

1376 842 1466 889 δήμου
1527 845 1579 882 τῆς
1487 841 1503 882 ἢ
1600 842 1770 883 κοινόυηυος
1792 845 1845 884 τῆς
1868 843 1957 885 ἕδρας
1980 845 2036 883 τῆς
2263 843 2428 885 ὁριζόμενος
2059 844 2240 885 ἐπιτροπῆς,

1379 891 1452 928 μετὰ
1472 892 1519 922 τοῦ
1541 890 1751 931 ἀναπληρωτοῦ
1771 903 1817 924 του
1836 890 1913 933 παρὰ
1933 892 1981 923 τοῦ
2000 889 2158 933 δημάρχου
2177 891 2196 931 ἢ
2216 891 2356 933 προέδρου
2376 904 2431 924 κοι-

1377 934 1511 977 νότητος.

1422 983 1450 1018 7.
1472 983 1507 1017 Ὁ
1528 984 1746 1027 ἀντιπρόσωπος
1766 987 1823 1018 τῶν
1842 984 2104 1027 φορολογουμένων
2126 985 2173 1023 εἰς
2194 986 2252 1023 τὰς
2272 986 2430 1028 ἐπιτροπὰς

1379 1032 1428 1064 τοῦ
1455 1030 1600 1073 παρόντος
1629 1031 1748 1074 ἄρθρου,
1776 1032 1845 1066 ὅταν
1871 1031 2026 1074 πρόκειται
2057 1033 2124 1075 περὶ
2339 1033 2430 1075 φόρου,
2156 1034 2310 1073 πανδήμου

1378 1077 1494 1116 τέλους,
1521 1079 1721 1120 δικαιώματος
1750 1079 1766 1119 ἢ
1792 1079 1930 1121 εἰσφορᾶς
1957 1079 2090 1121 ὁρίζεται8
2120 1081 2197 1120 μετὰ
2305 1081 2431 1122 ἀναπλη-
2227 1084 2275 1113 τοῦ

1378 1127 1471 1168 ρωτοῦ
1492 1139 1541 1159 του
1563 1126 1612 1160 ὑπὸ
1636 1128 1682 1160 τοῦ
1703 1127 1846 1170 νομάρχου
1867 1127 1916 1160 καὶ
1941 1126 2137 1169 προκειμένου
2161 1130 2227 1169 περὶ
2254 1124 2311 1161 τῶν
2336 1129 2429 1169 δήμων

1378 1172 1426 1205 καὶ
1453 1176 1509 1206 τῶν
1534 1173 1712 1213 κοινοτήτων
1736 1177 1790 1215 τῆς
1815 1175 1892 1213 τέως
1915 1175 2108 1216 Διοικήσεως
2135 1175 2359 1216 Πρωτευούσης
2385 1175 2430 1209 ὑπὸ

1378 1222 1425 1253 τοῦ
1448 1219 1610 1263 Ὑπουργοῦ
1713 1221 1927 1264 Ἐσωτερικῶν.
1634 1223 1689 1253 τῶν

1422 1268 1511 1301 Κατὰ
1537 1263 1584 1302 τὸν
1612 1268 1695 1302 αυτὸν
1722 1268 1823 1311 τρόπον
1849 1270 1896 1303 διὰ
1922 1272 1976 1309 τῆς
2004 1270 2189 1310 ἀποφάσεως
2311 1270 2430 1311 ἐτησίας
2217 1271 2283 1312 περὶ

1376 1316 1604 1356 συγκροτήσεως
1625 1319 1679 1349 τῶν
1699 1311 1870 1359 ἐπιτροπώῶν,
1890 1316 2018 1358 ὁρίζεται
2040 1312 2092 1350 καὶ
2115 1318 2162 1356 εἰς
2181 1317 2325 1357 δημόσιος
2345 1318 2431 1351 ὑπάλ-

1376 1364 1474 1403 ληλος
1493 1364 1569 1403 μετὰ
1589 1367 1635 1397 τοῦ
1655 1364 1866 1405 ἀναπληρωτοῦ
1886 1377 1944 1401 του,
1964 1365 2048 1403 ὅστις
2068 1365 2192 1406 μετέχει
2214 1366 2261 1403 εἰς
2283 1366 2339 1403 τὰς
2357 1379 2430 1398 συνε-

1377 1409 1509 1450 δριάσεις
1528 1413 1585 1444 τῶν
1796 1412 1899 1451 ὁσάκις
1916 1411 2009 1452 μέλος
1605 1411 1776 1453 ἐπιτροπῶν,
2031 1415 2088 1453 τῆς
2110 1408 2278 1454 ἐπιτροπῆς
2298 1413 2316 1452 ἢ
2370 1414 2432 1446 ἀνα-
2335 1415 2348 1445 ὁ

1377 1458 1543 1498 πληρωτὴς
1565 1459 1659 1501 αὐτοῦ,
1682 1458 1777 1491 καίτοι
1798 1459 1969 1500 κληθέντες
1992 1460 2129 1500 νομίμως
2153 1458 2202 1492 δὲν
2226 1459 2430 1501 προσέλθωσιν

1376 1504 1456 1537 κατὰ
1550 1505 1738 1548 συνεδρίασιν.
1477 1506 1527 1545 την

1421 1551 1450 1585 8.
1479 1553 1517 1585 Αἰ
1546 1548 1698 1591 ἐπιτροπαὶ
1725 1557 1949 1595 συγκροτοῦνται
1981 1555 2062 1588 κατὰ
2090 1554 2281 1597 Δεκέμβριον
2310 1554 2432 1588 ἐκάστου

1377 1598 1461 1637 ἔτους
1489 1599 1539 1633 καὶ
1569 1593 1816 1639 ἐπιλαμβάνονται
1846 1604 1901 1634 τῶν
1930 1601 2137 1641 καθηκόντων
2169 1603 2266 1635 αὐτῶν
2298 1606 2348 1642 τὴν
2380 1607 2430 1643 1ην

1379 1645 1558 1687 Ἰανουαρίου
1582 1651 1629 1681 τοῦ
1652 1647 1787 1687 ἐπομένου
1809 1648 1904 1690 ἔτους,
1927 1649 1977 1682 ὑπὸ
2002 1643 2052 1682 τοῦ
2076 1649 2189 1683 οἰκείου
2212 1649 2363 1692 νομάρχου
2384 1649 2430 1683 καὶ

1377 1689 1566 1741 προκειμένου
1593 1694 1655 1737 περὶ
1685 1697 1740 1727 τῶν
1767 1696 1864 1735 δήμων
1891 1696 1939 1729 καὶ
1969 1699 2028 1729 τῶν
2055 1696 2244 1736 κοινοτήτων
2357 1697 2430 1735 τέως
2274 1699 2329 1737 τῆς

1377 1743 1564 1781 Διοικήσεως
1595 1743 1816 1784 Πρωτευούσης
1842 1743 1891 1777 ὑπὸ
1918 1746 1966 1776 τοῦ
1993 1743 2163 1784 Ὑπουργοῦ
2279 1744 2433 1783 Ἐσωτερι-
2191 1746 2251 1776 τῶν

1379 1830 1576 1878 Ἐφημερίδος
1685 1836 1908 1880 Κυβερνήσεως.
1603 1838 1658 1877 τῆς

1377 1790 1448 1827 κῶν,
1466 1788 1503 1821 δι'
1523 1788 1693 1831 ἀποφάσεων
1713 1791 1805 1822 αὐτῶν
1823 1790 1860 1831 μὴ
1878 1794 2047 1833 χρηζουσῶν
2069 1790 2294 1831 δημοσιεύσεως
2315 1791 2360 1824 διὰ
2380 1795 2431 1833 τῆς

1546 1902 1712 1945 Προσφυγὴ
1731 1925 1773 1928 --
1792 1904 1928 1947 Ἔφεσις.
1950 1905 2132 1944 Ἐκδίκασις
2155 1905 2264 1938 αὐτῶν.

1802 1970 1938 2013 Ἄρθρον
1962 1970 1991 2004 2.

1423 2024 1450 2057 1.
1480 2025 1558 2063 Πᾶς
1583 2026 1831 2067 φορολογούμενος
1856 2027 2020 2068 ἐγγραφεὶς
2046 2027 2093 2066 εἰς
2346 2026 2432 2061 κατά-
2120 2030 2321 2068 βεβαιωτικὸν

1377 2069 1465 2112 λογον
1487 2072 1526 2105 δι'
1548 2068 1715 2112 οἰονδήποτε
1738 2075 1882 2115 αὐτοτελῆ
1906 2074 2002 2116 φόρον.
2026 2075 2132 2117 τέλος,
2156 2074 2320 2115 δικαίωμα,
2343 2074 2432 2117 εἰσφο-

1377 2118 1429 2159 ρὰν
1450 2119 1499 2164 καὶ
1523 2119 1670 2161 ἀντίτιμον
1692 2125 1880 2162 προσωπικῆς
1902 2121 2047 2163 ἐργασίας
2071 2122 2283 2163 βεβαιούμενον
2306 2122 2365 2154 εἴτε
2388 2122 2431 2155 ἀπ'

1377 2166 1501 2204 εὐθείας
1525 2166 1574 2200 ὑπὸ
1598 2169 1645 2200 τοῦ
1668 2167 1755 2206 δήμου
1779 2168 1796 2206 ἢ
1819 2168 1993 2207 κοινότητος
2017 2169 2079 2202 εἴτε
2105 2170 2136 2202 ἐν
2160 2168 2340 2209 περιπτώδει
2366 2169 2432 2202 ἐνοι-

1377 2211 1507 2251 κιάσεως
1527 2214 1594 2255 παρ'
1612 2215 1790 2248 ἐνοικιαστοῦ
1808 2209 1970 2248 δικαιοῦται
1988 2216 2023 2249 νὰ
2043 2217 2162 2257 ἀσκήσῃ
2369 2214 2433 2249 ἐνώ-
2180 2217 2350 2258 προσφυγήν

1377 2272 1438 2293 πιον
1456 2263 1511 2301 τῆς
1528 2261 1606 2294 κατὰ
1623 2261 1652 2294 τὸ
1670 2261 1780 2304 ἄρθρον
1799 2263 1811 2295 1
1830 2264 2061 2305 πρωτοβαθμίου
2277 2264 2432 2304 Δικαίωμα
2079 2265 2259 2305 ἐπιτροπῆς.

1377 2310 1548 2347 προσφυγῆς
1575 2308 1635 2348 ἔχει
1662 2308 1711 2341 καὶ
1736 2310 1749 2342 ὁ
1774 2309 1936 2350 ἐγγραφεὶς
1962 2310 2006 2349 εἰς
2034 2310 2238 2351 βεβαιωτικὸν
2265 2311 2432 2351 κατάλογον

1378 2353 1459 2393 βάσει
1487 2355 1651 2395 δηλώσεως
1676 2356 1720 2397 ἐφ'
1745 2351 1808 2389 ὅσον
1834 2358 1850 2398 ἡ
1877 2358 1906 2390 ἐν
1933 2359 2013 2400 αὐτῷ
2041 2358 2184 2400 ἐγγραφή
2212 2371 2263 2391 του
2289 2357 2363 2391 εἶναι
2390 2358 2433 2390 διὰ

1376 2401 1462 2435 ποσὸν
1483 2403 1683 2444 μεγαλύτερον
1707 2406 1754 2436 τοῦ
1775 2405 1981 2447 δηλωθέντος,
2003 2406 2047 2444 ὡς
2069 2406 2179 2445 ἐπίσης
2202 2406 2253 2438 καὶ
2276 2406 2289 2438 ὁ
2406 2405 2432 2438 οὖ
2311 2407 2384 2438 καθ'

1377 2448 1536 2489 ἐπεβλήθη
1560 2451 1714 2491 πρόστιμον
1737 2451 1815 2484 κατὰ
1839 2452 1894 2490 τὰς
1916 2453 2079 2492 διατάξεις
2107 2456 2157 2487 τοῦ
2184 2452 2299 2495 ἄρθρου
2325 2453 2364 2485 57
2388 2454 2432 2485 τοῦ

1376 2495 1455 2529 Ν.Δ.
1481 2497 1580 2533 3033)
1593 2497 1684 2531 1954.

1421 2544 1449 2577 2.
1477 2544 1517 2577 Ἡ
1543 2545 1691 2587 προσφυγὴ
1718 2545 1849 2591 ἀσκεῖται
1875 2546 1959 2584 ἐντὸς
1985 2547 2097 2580 εἴκοσιν
2131 2546 2205 2586 (20)
2384 2546 2432 2579 ἀπὸ
2239 2547 2356 2589 ἡμερῶν

1377 2593 1432 2630 τῆς
1454 2587 1600 2632 ἐπομένης
1622 2595 1674 2632 τῆς
1698 2592 1855 2631 ἐπιδόσεως
1877 2594 1921 2632 εἰς
1944 2594 1993 2626 τὸν
2015 2594 2273 2637 φορολογούμενον
2373 2594 2431 2634 περὶ
2296 2598 2351 2635 τῆς

1376 2637 1569 2679 βεβαιώσεως
1594 2641 1643 2673 τοῦ
1668 2639 1762 2680 φόρου
1789 2640 1904 2682 τέλους,
1930 2641 2151 2681 δικαιώματος,
2180 2641 2334 2685 εἰσφορᾶς,
2363 2643 2433 2674 ἀντι-

1377 2684 1459 2724 τίμου
1481 2688 1672 2727 προσωπικῆς
1694 2685 1836 2728 ἐργασίας
1859 2688 1876 2728 ἢ
1897 2687 2067 2728 προστίμου,
2090 2687 2308 2728 εἰδοποιήσεως
2372 2688 2433 2721 ἀπο-
2332 2689 2348 2728 ἢ

1378 2731 1496 2779 φάσεως
1518 2733 1535 2773 ἢ
1558 2732 1783 2766 ἀποσπάσματος
2251 2738 2434 2775 δηλοποιοῦν-
2133 2735 2230 2769 ἄλλου
2090 2736 2107 2776 ἢ
1806 2734 1915 2776 φύλλου
1937 2734 2066 2778 ἐλέγχου

1377 2791 1427 2816 τος
1449 2781 1501 2819 τὴν
1524 2781 1678 2819 βεβαίωσιν
1699 2782 1856 2822 ἐγγράφου.

1420 2827 1449 2860 3.
1477 2828 1517 2861 Ἡ
1542 2829 1690 2870 προσφυγὴ
1714 2831 1905 2871 παραδίδεται
1932 2830 1978 2868 εἰς
2003 2832 2057 2871 τὴν
2084 2829 2247 2872 ὑπηρεσίαν
2349 2830 2433 2871 δήμου
2275 2833 2323 2863 τοῦ

2392 2876 2431 2910 ἐπὶ
2324 2877 2374 2911 καὶ
2262 2878 2305 2915 ὡς
2204 2877 2242 2918 ᾗς
2139 2878 2185 2919 ἐφ'
1922 2878 2120 2919 παραλαβῆς,
1718 2876 1904 2916 ἀποδείξεως
1604 2876 1699 2908 ἔναντι
1376 2874 1392 2914 ἢ
1410 2875 1586 2916 κοινότητος

1376 2924 1431 2960 τῆς
1457 2925 1628 2965 προσφυγῆς
1654 2923 1855 2965 ἀναγράφεται
1881 2924 1898 2964 ἡ
1925 2925 2112 2964 ἡμερομηνία
2139 2924 2345 2963 καταθέσεως
2372 2936 2431 2963 της.

2393 2971 2432 3008 εἰς
2246 2970 2365 3012 ἀμέσως
1985 2971 2212 3004 ἀποστέλλεται
1904 2971 1953 3003 καὶ
1625 2972 1875 3011 πρωτοκολλᾶται
1377 2962 1416 3002 Ἡ
1445 2965 1597 3011 προσφυγὴ

1377 3016 1423 3048 τὸν
1449 3017 1627 3058 γραμματέα
1652 3019 1707 3057 τῆς
1729 3017 1901 3059 ἐπιτροπῆς,
1926 3017 2008 3056 ὅστις
2034 3018 2085 3052 καὶ
2113 3019 2166 3059 τὴν
2392 3017 2434 3055 εἰς
2192 3021 2371 3061 καταχωρεῖ

1376 3061 1446 3095 ἴδιον
1471 3065 1647 3106 τηρούμενον
1670 3064 1736 3106 παρ'
1871 3063 1994 3105 βιβλίον.
1762 3065 1847 3097 αὐτοῦ

1421 3110 1447 3144 4.
1470 3110 1682 3153 Ἡπροσφυγὴ
1703 3110 1765 3144 δέον
1786 3111 1820 3144 νὰ
1839 3111 2029 3152 συνοδεύηται
2050 3112 2098 3145 ἐπὶ
2232 3113 2433 3154 ἀπαραδέκτου
2121 3114 2209 3152 κοινῇ

1374 3156 1487 3198 ταύτης
1506 3158 1556 3191 ὑπὸ
1576 3157 1760 3200 γραμματίου
1780 3158 1797 3198 ἢ
1816 3158 2011 3200 τριπλοτύπου
2030 3158 2231 3200 εἰσπράξεως
2321 3158 2434 3199 ταμείου
2252 3162 2301 3195 τοῦ

1375 3207 1423 3236 τοῦ
1454 3204 1563 3239 οἰκείου
1593 3205 1682 3245 δήμου
1713 3204 1729 3244 ἢ
1759 3204 1932 3245 κοινότητος
1963 3202 2170 3244 καταθέσεως
2201 3206 2374 3247 παραβόλου
2402 3206 2433 3238 ἐκ

1375 3252 1514 3294 δραχμῶν
1541 3252 1592 3294 20,
1619 3252 1661 3289 ὡς
1687 3250 1735 3283 καὶ
1762 3250 1945 3297 γραμματίου
1973 3251 1990 3292 ἢ
2017 3252 2221 3295 τριπλοτύπου
2246 3252 2434 3296 εἰσπράξεως

1375 3301 1423 3331 τοῦ
1447 3299 1566 3339 ταμείου
1591 3300 1638 3331 τοῦ
1660 3299 1750 3337 δήμου
1773 3299 1790 3338 ἢ
1812 3299 1986 3339 κοινότητος
2010 3300 2061 3333 τοῦ
2084 3299 2167 3332 κατὰ
2189 3299 2277 3339 νόμον
2302 3301 2433 3334 ποσοστοῦ

1368 3345 1413 3378 ἐπὶ
1440 3350 1490 3378 τοῦ
2274 3347 2434 3388 καταλόγῳ
2146 3346 2179 3378 ἐν
2204 3349 2248 3389 τῷ
1514 3350 1601 3379 ποσοῦ
1626 3345 1661 3378 δι'
1686 3344 1699 3377 ὅ
1726 3344 1845 3386 φέρεται
1871 3344 2122 3387 ἐγγεγραμμένος
