2509 3358
193 27 223 67 β)
250 26 289 58 Ἡ
310 26 476 67 προθεσμία
497 25 570 67 αὕτη
589 25 708 58 δύναται
727 25 764 58 νὰ
783 27 946 68 παραταθῇ
966 25 1137 68 ἀναλόγως,
1156 28 1204 66 μό-

149 85 196 106 νον
222 72 268 113 εἰς
295 71 473 113 περίπτωσιν
501 72 711 113 προσηκόντως
739 72 790 105 καὶ
818 72 970 113 ἐπισήμως
999 72 1202 114 ἀποδεδειγμέ-

149 165 228 199 τικαὶ
252 166 400 207 ἐργασίαι.

150 131 204 159 νης
226 118 380 159 ἀνωτέρας
401 119 471 159 βίας
492 118 581 151 ἕνεκα
603 122 659 160 τῆς
680 119 784 157 ὁποίας
806 118 1064 162 ἐπεβραδύνθησαν
1088 120 1115 169 αἱ
1138 131 1202 161 σχε-

191 212 223 253 γ)
261 212 491 254 Παρελθούσης
517 215 572 254 τῆς
598 214 640 250 ὡς
666 212 725 245 ἄνω
750 212 936 253 προθεσμίας
963 211 1112 254 ἀπράκτου
1138 213 1201 246 ὑπο-

146 260 286 301 χρεοῦται
316 260 362 297 εἰς
394 260 446 301 τὴν
477 260 650 298 καταβολὴν
679 258 837 300 προστίμου
865 258 953 300 μέχρι
1100 260 1201 292 100Φ.
983 261 1067 292 ποσοῦ

141 304 214 334 καθ'
243 303 392 344 ἑβδομάδα
442 303 549 347 μέχρις
579 304 837 344 ἀποπερατώσεως
952 305 1200 345 ἐγκαταστάσεων
863 306 922 337 τῶν

140 348 189 380 καὶ
215 350 413 391 χορηγήσεως
646 349 802 390 ρεύματος.
439 351 620 391 ἠλεκτρικοῦ

190 395 220 435 δ)
250 396 343 429 Μετὰ
367 395 543 437 παρέλευσιν
567 396 639 434 νέας
665 393 850 435 προθεσμίας
875 395 922 428 δύο
1071 396 1200 429 ἀδικαιο-
947 397 1045 434 μηνῶν

144 442 277 482 λογήτου
292 443 342 474 καὶ
365 442 526 486 ἀπράκτου,
545 443 563 483 ἡ
581 443 714 482 παροῦσα
733 440 818 474 ἄδεια
837 441 1033 473 ἀνακαλεῖται
1054 443 1103 474 καὶ
1123 444 1201 476 θεω-

145 490 240 529 ρεῖται
263 488 306 526 ὡς
325 490 364 529 μὴ
385 492 606 531 χορηγηθεῖσα.

737 543 767 575 9.
577 544 714 585 Ἄρθρον

229 598 367 639 Τήρησις
396 601 578 637 κανονισμῶν
607 599 798 638 κατασκευῆς
905 596 1107 639 λειτουργίας.
827 597 876 630 καὶ

188 652 239 684 Ἐν
265 655 300 692 τῆ
325 654 496 691 κατασκευῇ
520 652 571 685 καὶ
595 651 769 693 λειτουργίᾳ
793 654 851 685 τῶν
876 652 1125 692 ἐγκαταστάσεων
1150 653 1197 685 θέ-

143 698 224 727 λουσι
252 699 376 737 τηρηθῇ
407 697 643 736 ἀπαρεγκλίτως
673 697 698 729 οἱ
728 696 896 736 κανονισμοὶ
926 699 974 729 τοῦ
1004 697 1144 736 Κράτους
1173 699 1198 733 οἱ

143 743 428 781 περιλαμβανόμενοι
454 744 501 780 εἰς
530 742 567 774 τὰ
594 742 715 775 κάτωθι
743 742 971 781 Διατάγματα:

185 789 254 828 Τῆς
278 789 337 828 4ης
359 788 544 828 Δεκεμβρίου
568 789 648 822 1911
673 789 758 829 <<περὶ
779 790 972 828 κατασκευῆς
995 790 1045 822 καὶ
1068 793 1199 832 λειτουρ-

140 834 212 876 γίας
243 837 300 868 τῶν
331 836 522 876 ἠλεκτρικῶν
552 834 581 869 ἐν
611 835 690 876 γένει
720 833 1001 878 ἐγκαταστάσεων>>,
1117 837 1198 876 27ης
1032 838 1088 876 τῆς

140 881 324 921 Δεκεμβρίου
350 882 431 914 1911
460 880 543 921 <<περὶ
570 881 737 922 ἀσφαλείας
762 884 953 921 κατασκευῆς
978 881 1027 914 καὶ
1052 883 1198 923 ἐκμεταλ-

142 927 276 967 λεύσεως
309 929 365 960 τῶν
397 928 588 968 ἠλεκτρικῶν
619 927 837 968 σιδηροδρόμων
869 927 920 961 καὶ
951 928 1197 969 τροχιοδρόμων>>,

131 973 190 1006 καὶ
213 976 270 1014 τῆς
292 974 373 1013 18ης
395 973 550 1015 Ἀπριλίου
573 973 658 1007 1934
678 973 762 1015 <<περὶ
783 976 973 1014 κατασκευῆς
993 974 1045 1006 καὶ
1067 976 1198 1016 λειτουρ-

139 1019 213 1061 γίας
234 1019 436 1063 ἐργοστασίων
461 1021 650 1060 παραγωγῆς
888 1019 1072 1061 ἐνεργείας>>.
1099 1022 1196 1055 Ἰδιαι-
674 1020 862 1060 ἠλεκτρικης

142 1067 239 1108 τέρως
266 1067 424 1108 ἐφιστᾶται
453 1066 471 1105 ἡ
499 1066 629 1106 προσοχὴ
658 1065 703 1097 ἐπὶ
733 1069 791 1100 τῶν
820 1066 894 1106 ὅρων
923 1066 989 1107 περὶ
1019 1067 1196 1108 διασταυρώ-

134 1125 207 1146 σεων
228 1112 277 1145 καὶ
299 1112 528 1153 προσπελάσεων
549 1114 780 1153 τηλεγραφικῶν
800 1112 851 1144 καὶ
872 1114 1087 1152 τηλεφωνικῶν
1105 1126 1197 1155 γραμ-

139 1161 201 1198 μῶν
231 1162 293 1193 τῶν
319 1157 620 1200 περιλαμβανομένων
647 1158 677 1190 ἐν
708 1159 750 1196 τῷ
780 1157 886 1199 ἄρθρῷ
916 1159 956 1194 42
1063 1159 1198 1202 δευτέρου
983 1161 1036 1192 τοῦ

140 1208 198 1240 τῶν
221 1204 265 1245 ὡς
288 1205 349 1237 ἄνω
371 1204 409 1237 Β.
434 1205 471 1236 Δ.
495 1203 566 1237 Ἐὰν
589 1203 711 1246 γραμμὴ
736 1217 783 1242 τις
807 1203 904 1243 ἤθελε
928 1205 1114 1249 παρουσιάσει
1137 1206 1199 1239 κίν-

141 1254 220 1286 δυνον
255 1250 303 1283 διὰ
334 1250 391 1291 τὰς
424 1251 637 1292 τηλεφωνικὰς
670 1250 690 1289 ἢ
720 1251 950 1293 τηλεγραφικὰς
969 1251 1128 1293 γραμμὰς
1153 1252 1198 1284 θὰ

133 1298 321 1332 διατάσσεται
346 1298 363 1338 ἡ
386 1297 496 1337 ἄμεσος
519 1297 645 1336 διακοπὴ
668 1300 738 1338 τῆς
747 1299 882 1339 παροχῆς
905 1301 954 1331 τοῦ
978 1298 1122 1338 ρεύματος
1144 1298 1194 1338 μέ-

137 1356 206 1385 χρις
228 1340 296 1376 ὅτου
314 1343 327 1374 ὁ
350 1338 496 1382 ἀνάδοχος
507 1341 599 1380 λάβη
618 1341 655 1374 τὰ
675 1341 883 1383 ἐνδεδειγμένα
902 1341 998 1383 μέτρα
1017 1341 1194 1384 ἀσφαλείας.

177 1387 417 1428 Ἀνεξαρτήτως
449 1389 516 1419 τῶν
520 1386 580 1424 ὡς
611 1386 670 1418 ἄνω
701 1390 884 1426 κανονισμῶν
913 1388 1053 1422 θέλουσιν
1086 1389 1194 1431 ἰσχύσει

133 1435 245 1473 πάντες
265 1435 289 1467 οἱ
310 1436 338 1468 ἐν
359 1435 400 1473 τῷ
422 1433 565 1472 μέλλοντι
586 1434 816 1474 ἐκδοθησόμενοι
837 1435 1004 1474 κανονισμοί
1079 1436 1192 1477 Ἑλλη-
1025 1438 1075 1469 τοῦ

131 1482 213 1513 νικοῦ
238 1477 380 1518 Κράτους
408 1477 438 1509 ἐν
465 1476 563 1518 σχέσει
592 1476 663 1517 πρὸς
690 1478 743 1518 τὴν
771 1479 957 1519 κατασκευὴν
986 1479 1035 1512 καὶ
1063 1482 1194 1522 λειτουρ-

136 1525 197 1569 γίαν
226 1525 284 1557 τῶν
313 1524 506 1564 ἠλεκτρικῶν
533 1522 583 1555 καὶ
609 1523 860 1564 μηχανολογικῶν
887 1524 1149 1564 ἐγκαταστάσεων.

560 1578 697 1621 Ἄρθρον
720 1578 770 1612 10.

272 1633 496 1675 Ὑποχρεώσεις
520 1635 572 1665 τοῦ
599 1633 742 1676 ἀναδόχου
765 1634 796 1667 ἐν
824 1637 859 1675 τῇ
885 1641 1057 1678 κατασκευῇ

512 1681 571 1713 τῶν
597 1678 692 1721 ἔργων
719 1681 815 1714 αὐτοῦ.

181 1737 213 1775 α)
248 1736 283 1768 Ὁ
310 1735 457 1776 ἀνάδοχος
482 1735 672 1776 ὑποχρεοῦται
700 1736 730 1770 ἐν
757 1738 793 1777 τῇ
820 1740 990 1779 κατασκευῇ
1015 1738 1066 1771 καὶ
1093 1751 1194 1779 συντη-

136 1782 219 1824 ρήσει
250 1784 309 1815 τῶν
341 1782 438 1822 ἔργων
471 1783 526 1821 τῆς
556 1782 756 1823 προκειμένης
787 1784 975 1826 ἠλεκτρικῆς
1008 1785 1194 1824 ἐγκαταστά-

134 1840 212 1867 σεως
234 1828 272 1861 νὰ
294 1829 401 1869 ἐνεργῇ
424 1827 501 1867 μετὰ
524 1830 580 1867 τῆς
603 1828 725 1868 δεούσης
749 1831 865 1869 φειδοῦς
887 1830 939 1863 καὶ
1147 1832 1191 1874 ἐφ'
963 1835 1123 1873 προσοχῆς,

129 1875 192 1908 ὅσον
222 1874 393 1915 διέρχονται
422 1877 517 1906 ταῦτα
546 1872 668 1913 πλησίον
699 1874 717 1914 ἢ
746 1875 925 1916 ἐφάπτονται
955 1876 1099 1917 ὑπογείων
1126 1878 1191 1920 ὀχε-

131 1922 200 1962 τῶν,
227 1920 372 1960 σωλήνων
396 1918 498 1962 ἀερίου
524 1919 542 1960 ἢ
567 1920 685 1961 ὕδατος,
713 1919 873 1954 καλωδίων
900 1922 1092 1964 τηλεφώνων,
1116 1923 1193 1963 μονί-

132 1974 194 2006 μων
215 1967 443 2006 τοπογραφικῶν
463 1964 592 2005 σημείων
614 1966 664 1998 καὶ
684 1967 714 1997 ἐν
735 1966 813 2006 γένει
834 1968 1014 2008 οἱωνδήποτε
1033 1970 1193 2012 δημοσίων,

135 2012 309 2044 κοινοτικῶν
340 2010 359 2050 ἢ
389 2011 549 2045 ἰδιωτικῶν
579 2010 684 2051 ἔργων,
716 2010 887 2053 ἀδιαφόρως
916 2011 951 2045 ἂν
981 2016 1074 2045 ταῦτα
1103 2026 1190 2056 προη-

131 2059 250 2098 γοῦνται
274 2058 291 2097 ἢ
313 2055 432 2089 ἕπονται
455 2057 484 2089 ἐν
493 2059 548 2095 τῷ
571 2055 667 2098 χρόνῷ
690 2059 746 2097 τῆς
768 2057 956 2097 ἐκτελέσεως
980 2056 1035 2094 τῶν
1109 2060 1189 2102 γένει
1058 2061 1087 2093 ἐν

132 2104 227 2149 ἔργ
321 2102 474 2149 ἀναδόχου.
250 2107 301 2137 τοῦ

176 2149 207 2190 β)
243 2146 379 2181 Ἅπασαι
409 2149 438 2180 αἱ
467 2148 515 2181 διὰ
544 2148 599 2187 τὰς
627 2149 771 2190 ἐργασίας
800 2153 847 2182 τοῦ
877 2152 1018 2193 ἀναδόχου
1047 2153 1189 2193 ἀναγκαι-

134 2198 214 2227 οῦσαι
239 2194 465 2237 τροποποιήσεις
490 2195 507 2233 ἢ
531 2195 713 2233 μεταθέσεις
738 2198 796 2228 τῶν
821 2197 865 2235 ὡς
889 2197 947 2230 ἄνω
971 2198 1078 2242 ἔργων,
1144 2199 1191 2232 ἐκ-
1103 2200 1120 2238 ἢ

134 2242 243 2283 σκαφαὶ
271 2243 320 2274 τοῦ
344 2238 606 2281 καταστρώματος
633 2243 691 2275 τῶν
718 2241 793 2274 ὁδῶν
819 2243 869 2276 καὶ
984 2244 1190 2287 πεζοδρομίων,
899 2246 956 2276 τῶν

133 2288 408 2327 ἐκτελεσθήσονται
435 2287 584 2327 δαπάναις
612 2291 660 2321 τοῦ
688 2287 842 2330 ἀναδόχου,
870 2288 1025 2331 ἀδιάφορον
1054 2290 1087 2327 ἂν
1161 2292 1192 2325 ἀ-
1116 2293 1133 2332 ἡ

132 2334 232 2375 νάγκη
259 2337 319 2375 τῆς
350 2334 542 2371 ἐκτελέσεως
571 2333 681 2367 τούτων
712 2335 871 2375 προβάλλῃ
900 2338 980 2370 κατὰ
1010 2337 1057 2370 τὸν
1088 2338 1191 2379 χρόνον

135 2384 190 2421 τῆς
216 2383 409 2421 κατασκευῆς
436 2383 494 2414 τῶν
522 2379 619 2421 ἔργων
646 2383 695 2412 τοῦ
723 2380 865 2423 ἀναδόχου
893 2382 910 2422 ἢ
937 2383 1121 2424 βραδύτερον.

174 2429 209 2470 γ)
239 2429 275 2461 Ὁ
299 2427 447 2468 ἀνάδοχος
469 2428 662 2468 ὑποχρεοῦται
683 2428 719 2461 νὰ
743 2428 911 2471 ἐπαναφέρῃ
935 2429 966 2462 τὸ
991 2429 1191 2472 κατάστρωμα

131 2476 187 2507 τῶν
212 2474 299 2516 ὁδῶν,
323 2473 488 2516 πλατειῶν,
513 2474 658 2515 γεφυρῶν,
685 2474 722 2508 τὰ
746 2475 925 2517 πεζοδρόμια
948 2476 1058 2510 τούτων
1084 2476 1135 2509 καὶ
1161 2477 1190 2510 ἐν

135 2518 213 2560 γένει
236 2521 291 2553 πᾶν
314 2519 370 2561 ὅ,τι
395 2519 644 2561 ἐχρησιμοποίησε
665 2520 715 2552 διὰ
738 2519 792 2559 τὴν
816 2522 1012 2561 τοποθέτησιν
1037 2525 1093 2556 τῶν
1118 2535 1192 2556 στοι-

135 2565 222 2606 χείων
245 2568 303 2599 τῶν
324 2564 578 2606 ἐγκαταστάσεων
603 2562 687 2597 αὐτοῦ
710 2563 777 2597 ἄνευ
800 2564 962 2608 ἀναβολῆς,
982 2567 1030 2606 εἰς
1053 2568 1104 2609 τὴν
1126 2581 1194 2611 προ-

137 2610 221 2652 τέραν
244 2612 339 2647 αὐτῶν
362 2611 545 2644 κατάστασιν
563 2609 618 2644 καὶ
640 2610 795 2646 εὐθύνεται
817 2612 864 2645 διὰ
887 2613 940 2653 τὴν
1069 2614 1192 2650 τούτων
958 2615 1059 2656 καλὴν

137 2659 314 2694 κατάστασιν
339 2658 386 2691 ἐπὶ
409 2657 438 2690 ἓν
463 2657 543 2696 ἔτος.

175 2706 206 2746 d)
230 2705 302 2738 Ἐὰν
321 2704 402 2737 κατὰ
419 2705 466 2739 τὸν
486 2703 590 2746 χρόνον
609 2706 664 2745 τῆς
683 2705 724 2743 ὡς
744 2705 803 2738 ἄνω
823 2704 1007 2749 ἐγγυήσεως,
1026 2707 1192 2750 προκύψωσι

131 2748 238 2781 βλάβαι
259 2749 308 2782 ἐπὶ
330 2753 388 2783 τῶν
410 2748 676 2790 καταστρωμάτων
698 2750 716 2791 ἢ
738 2751 796 2783 τῶν
817 2751 1017 2792 πεζοδρομίων
1117 2753 1193 2788 ὁδῶν
1024 2754 1097 2788 τῶν

137 2794 154 2834 ἢ
174 2797 232 2830 τῶν
252 2799 387 2837 γεφυρῶν
409 2795 498 2829 ἅτινα
517 2797 532 2830 ὁ
555 2795 700 2838 ἀνάδοχος
723 2796 969 2839 ἐχρησιμοποίησε
990 2799 1038 2831 διὰ
1060 2800 1097 2832 τὰ
1119 2800 1195 2843 ἔργα

137 2841 230 2884 αὐτοῦ,
252 2842 446 2884 ὑποχρεοῦται
469 2842 555 2882 οὗτος
576 2844 612 2877 νὰ
633 2844 728 2884 προβῇ
750 2845 795 2883 εἰς
819 2842 874 2881 τὰς
895 2846 1194 2887 συμπληρωματικάς

137 2887 278 2929 ἐργασίας
307 2888 513 2931 βελτιώσεως,
542 2889 644 2923 τούτου
673 2890 705 2922 δὲ
734 2890 909 2932 ἀρνουμένου
933 2892 1083 2931 προβαίνει
1112 2893 1126 2926 ὁ
1155 2893 1194 2935 οἰ-

137 2937 216 2974 κεῖος
236 2937 494 2979 Νομομηχανικὸς
518 2936 665 2975 δαπάναις
761 2937 914 2979 ἀναδόχου.
686 2939 739 2970 τοῦ

178 2983 206 3023 ε)
231 2982 303 3016 Ἐὰν
322 2984 354 3018 ἐν
373 2984 418 3023 τῷ
436 2983 581 3024 μέλλοντι
600 2983 677 3023 μετὰ
693 2984 750 3024 τὴν
769 2984 988 3025 ἐγκατάστασιν
1077 2986 1193 3020 δικτύου
1009 2988 1057 3019 τοῦ

138 3030 183 3061 τοῦ
204 3025 350 3072 ἀναδόχου
369 3032 578 3072 παρουσιασθῇ
602 3029 720 3071 ἀνάγκη
741 3030 939 3072 μεταθέσεως
961 3032 1121 3073 τμημάτων
1146 3034 1195 3067 τοῦ

138 3075 249 3109 δικτύου
266 3076 405 3119 συνεπείᾳ
424 3076 613 3119 ἀνεγέρσεως
632 3076 708 3111 νέων
727 3077 891 3118 οἰκοδομῶν
907 3079 938 3112 ἐν
959 3081 994 3120 τῇ
1013 3079 1127 3121 πόλει,
1129 3079 1195 3114 ὑπο-

138 3125 272 3163 χρεοῦται
289 3125 303 3157 ὁ
323 3123 472 3166 ἀνάδοχος
490 3123 575 3163 ὅπως
594 3124 743 3166 ἐκτελέσῃ
761 3124 815 3166 τὴν
832 3125 995 3164 μετάθεσιν
1016 3125 1124 3166 ταύτην
1143 3127 1195 3159 τοῦ

140 3167 250 3204 δικτύου
272 3184 323 3206 του
346 3171 438 3211 ἰδίαις
462 3171 622 3212 δαπάναις.

179 3217 227 3260 στ)
251 3218 303 3253 Ἐν
321 3221 360 3263 τῇ
379 3219 518 3264 ἐκσκαφῇ
537 3222 599 3256 τῶν
615 3220 702 3264 ὁδῶν,
721 3220 885 3265 πλατειῶν,
904 3220 978 3265 πρὸς
998 3220 1194 3258 τοποθέτησιν

1275 24 1433 60 καλωδίων
1456 25 1535 65 ὅπως
1559 26 1609 60 καὶ
1632 26 1712 59 κατὰ
1735 26 1788 67 τὴν
1813 27 2007 67 τοποθέτησιν
2030 29 2088 61 τῶν
2110 29 2237 68 σιδηρῶν
2259 30 2328 68 βρα-

1276 72 1381 114 χιόνων
1409 72 1456 104 ἐπὶ
1483 75 1540 105 τῶν
1568 74 1730 112 οἰκοδομῶν
1757 73 1775 112 ἢ
1804 73 1891 106 ἱστῶν
1918 73 2138 115 ὑποστηρίξεως
2248 74 2328 106 ἐναε-
2164 76 2222 106 τῶν

1272 117 1342 160 ρίων
1367 119 1508 159 γραμμῶν
1535 118 1727 161 ὑποχρεοῠται
1753 119 1766 152 ὁ
1792 118 1940 160 ἀνάδοχος
1963 118 2044 157 ὅπως
2068 118 2206 160 λαμβάνῃ
2230 118 2326 151 πάντα

1272 162 1308 196 τὰ
1336 163 1522 203 κατάλληλα
1548 164 1643 205 μέτρα
1669 163 1743 205 πρὸς
1772 164 1940 206 ἀποτροπὴν
1968 164 2165 206 ἀτυχημάτων
2193 163 2238 197 ἐπὶ
2267 165 2324 195 τῶν

1272 211 1431 248 οἰκοδομῶν
1458 211 1515 241 τῶν
1540 209 1698 252 παροδίων,
1724 212 1802 243 πᾶσα
1827 210 1857 243 δὲ
1883 210 1928 242 ἐπ'
1954 211 2049 243 αὐτῶν
2073 209 2164 249 ζημία
2187 220 2326 250 προερχο-

1270 254 1343 295 μένη
1370 256 1405 287 ἐκ
1430 257 1488 287 τῶν
1516 255 1576 305 ἄνω
1603 255 1706 288 αἰτίων
1734 256 1850 298 βαρύνει
1879 256 2123 293 ἀποκλειστικῶς
2224 253 2325 287 ἀνάδο-
2149 255 2197 287 τὸν

1270 313 1331 343 χον.

1235 0 1236 1 ς

1690 347 1832 388 Ἄρθρον
1855 347 1906 381 11.

1643 394 1774 425 Εὐθῦναι
1801 394 1983 435 ἀναδόχου.

1317 459 1349 498 α)
1377 458 1412 489 Ὁ
1436 456 1581 498 ἀνάδοχος
1603 455 1676 489 εἷναι
1700 457 1852 496 ἀτομικῶς
1874 455 2036 493 ὑπεύθυνος
2057 455 2095 487 δι'
2253 452 2322 491 τοὺς
2117 454 2231 495 ἑαυτόν,

1272 502 1511 543 ἀντιπροσώπους
1538 514 1580 536 του
1601 502 1650 534 καὶ
1672 502 1747 535 ἅπαν
1769 501 1801 535 τὸ
1821 503 1849 535 ἐν
1873 504 1941 540 ταῖς
2235 499 2323 531 αὐτοῦ
1960 500 2213 542 ἐγκαταστάσεσιν

1270 548 1465 588 ἐργαζόμενον
1494 546 1683 588 προσωπικὸν
1704 548 1741 580 δι'
1770 548 1942 586 οἱανδήποτε
1970 546 2095 587 βλάβην,
2302 542 2321 582 ἢ
2145 544 2251 586 ζημίαν

1277 593 1413 635 ἁτύχημα
1439 595 1485 632 εἰς
1513 594 1631 636 τρίτους
1649 594 1727 636 ὅπερ
1755 593 1867 633 ἤθελεν
1895 592 2014 634 ἐπέλθῃ
2040 590 2177 632 συνεπείᾳ
2204 591 2320 629 ἀνωμα-

1272 641 1347 673 λιῶν
1369 641 1399 673 ἐν
1425 643 1461 681 τῇ
1485 639 1659 682 λειτουργίᾳ
1683 640 1700 679 ἢ
1726 639 1917 680 ἀτυχήματος
1941 641 1990 671 τοῦ
2013 636 2205 678 ἐργοστασίου
2228 635 2246 675 ἢ
2270 637 2319 667 τοῦ

1275 685 1390 717 δικτύου
1415 688 1557 724 διανομῆς
1581 688 1629 720 τοῦ
1655 685 1811 727 ρεύματος.
1836 685 1879 727 ἐφ'
1905 684 1969 716 ὅσον
1995 683 2024 717 τὸ
2051 682 2143 714 αἴτιον
2248 680 2320 714 βλά-
2168 683 2225 720 τῆς

1273 733 1329 770 βης
1353 731 1370 771 ἢ
1394 736 1442 765 τοῦ
1467 732 1657 772 ἀτυχήματος
1681 730 1729 763 δὲν
1753 731 1868 772 βαρύνει
1967 727 2165 770 ἀτυχήσαντα.
1893 730 1942 763 τὸν

1315 777 1347 817 β)
1375 778 1411 810 Ὁ
1434 777 1579 819 ἀνάδοχος
1599 779 1674 812 εἷναι
1695 779 1800 821 ἐπίσης
1822 782 1983 821 ὑπεύθυνος
2005 783 2055 816 καὶ
2077 782 2112 816 ἂν
2135 783 2231 824 ἀκόμη
2252 783 2319 816 οὔτε

1271 822 1360 860 αὐτός
1365 850 1371 863 ,
1399 823 1463 855 οὔτε
1491 825 1515 856 οἱ
1544 824 1713 865 ὑπάλληλοι
1741 829 1828 860 αὐτοῦ
1853 827 1929 860 εἷναι
1958 828 2046 861 αἴτιοι
2072 828 2319 870 προξενηθείσης

1272 868 1391 907 βλάβης
1412 868 1430 908 ἢ
1453 869 1654 913 ἀτυχήματος,
1676 871 1727 905 ἐὰν
1750 874 1767 913 ἡ
1791 872 1889 914 βλάβη
1911 873 1929 913 ἢ
1952 872 1983 906 τὸ
2006 872 2144 916 ἀτύχημα
2164 876 2318 916 προῆλθεν

1262 912 1300 945 ἐκ
1326 914 1381 952 τῆς
1409 913 1509 953 ἁπλῆς
1536 917 1696 957 παρουσίας
1724 921 1781 951 τῶν
1807 919 2057 960 ἐγκαταστάσεων
2084 921 2171 953 αὐτοῦ
2284 919 2320 953 ἐκ
2196 932 2258 961 π.χ.

1269 959 1412 997 πτώσεως
1451 962 1665 1001 θραυσθέντων
1706 963 1866 1003 τμημάτων
1907 965 1964 996 τῶν
1993 964 2135 1007 ἐναερίων
2153 967 2316 1007 γραμμῶν

1271 1005 1368 1037 αὐτοῦ.

1315 1037 1347 1091 γ)
1376 1051 1435 1083 Διὰ
1456 1051 1512 1090 τὰς
1536 1052 1718 1096 ἐσωτερικὰς
1742 1055 1980 1096 ἐγκαταστάσεις
1999 1057 2031 1089 ἐν
2146 1057 2316 1096 οἰκοδομαῖς
2055 1058 2123 1094 ταῖς

1270 1098 1328 1129 τῶν
1354 1099 1492 1130 πελατῶν
1520 1098 1632 1137 αἶτινες
1659 1097 1902 1141 ἐξετελέσθησαν
1928 1100 1978 1133 ὑπὸ
2004 1100 2115 1141 ἑτέρων
2141 1102 2315 1144 ἐργολάβων

1270 1143 1282 1175 ὁ
1307 1141 1452 1184 ἀνάδοχος
1475 1143 1574 1185 ὑπέχει
1598 1146 1649 1185 τὴν
1670 1145 1797 1187 εὐθύνην
1819 1147 1854 1179 νὰ
1874 1144 2037 1187 ἐξελέγξῃ
2056 1146 2108 1180 ἐὰν
2239 1147 2316 1180 εἶναι
2132 1148 2217 1180 αὗται

1270 1186 1414 1229 σύμφωναι
1439 1189 1513 1230 πρὸς
1538 1193 1606 1230 τοὺς
1630 1193 1682 1227 ὑπὸ
1707 1199 1756 1229 τοῦ
1780 1197 1919 1237 Κράτους
1944 1200 2197 1241 καθοριζομένους
2219 1212 2317 1243 σχετι-

1274 1232 1345 1273 κοὺς
1371 1237 1561 1277 κανονισμοὺς
1588 1239 1755 1280 ἀσφαλείας
1780 1243 1843 1282 πρὶν
1869 1242 1886 1283 ἣ
1912 1247 2006 1285 προβῇ
2030 1244 2076 1283 εἰς
2103 1245 2156 1286 τὴν
2182 1247 2316 1290 παροχὴν

1271 1281 1327 1318 τῆς
1355 1281 1542 1322 ἠλεκτρικῆς
1568 1284 1733 1325 ἐνεργείας.
1761 1282 1995 1330 Ἀπαγορεύεται
1995 1290 2068 1327 εἰς
2173 1290 2316 1335 ἀνάδοχον
2096 1291 2145 1324 τὸν

1267 1325 1302 1357 νὰ
1329 1330 1443 1367 χορηγῇ
1471 1329 1654 1370 ἠλεκτρικὴνν
1682 1330 1831 1373 ἐνέργειαν
1858 1333 1903 1371 εἰς
1931 1336 2170 1374 ἐγκαταστάσεις
2197 1336 2317 1378 γενομέ-

1268 1382 1322 1409 νας
1344 1372 1394 1404 ὑπὸ
1412 1374 1453 1413 μὴ
1465 1374 1634 1417 ἀδειούχων
1655 1377 1896 1420 ἠλεκτρολόγων.
1916 1379 1978 1412 Διὰ
1997 1380 2044 1415 τὸν
2063 1382 2193 1424 ἔλεγχον
2214 1386 2315 1416 τοῦτον

1269 1419 1326 1457 τῆς
1352 1418 1604 1459 ἐγκαταστάσεως
1614 1425 1794 1456 δικαιοιῦται
1821 1425 1835 1457 ὁ
1863 1425 2009 1468 ἀνάδοχος
2033 1426 2070 1459 νὰ
2093 1427 2211 1471 ζητήσῃ
2237 1428 2315 1469 παρὰ

1267 1464 1316 1495 τοῦ
1344 1464 1472 1498 πελάτου
1498 1466 1545 1507 ἐφ'
1571 1467 1655 1506 ἄπαξ
1683 1468 1881 1510 ἀποζημίωσιν
1907 1471 1950 1512 μὴ
1977 1472 2203 1513 ὑπερβαίνουσαν
2231 1473 2315 1513 2%

1268 1510 1322 1547 τῆς
1345 1509 1421 1549 ὅλης
1444 1511 1537 1551 ἄξίας
1638 1513 1901 1556 ἐγκαταστάσεως.
1561 1516 1616 1554 τῆς

1682 1567 1820 1611 Ἄρθρον
1846 1570 1896 1604 12.

1428 1616 1629 1681 Σταθερότης
1663 1646 1820 1684 φωτισμοῦ.
1857 1645 1991 1686 Πτῶσις
2024 1647 2153 1689 τάσεως.

1621 1688 1793 1730 Ἐφεδρικαὶ
1817 1693 1961 1733 μηχαναί.

1311 1696 1343 1773 α)
1376 1729 1414 1765 Ἡ
1437 1732 1553 1774 ἐκλογὴ
1575 1737 1633 1768 τῶν
1657 1735 2005 1777 ἐγκατασταθησομένων
2028 1744 2170 1782 μηχανῶν
2193 1744 2258 1778 δέον
2280 1747 2316 1778 νὰ

1265 1776 1340 1810 εἶναι
1368 1778 1501 1819 τοιαύτη,
1530 1779 1605 1817 ὥστε
1633 1782 1646 1813 ὁ
1674 1783 1876 1823 παρεχόμενος
1904 1784 2054 1826 φωτισμὸς
2080 1787 2118 1819 νὰ
2145 1787 2221 1829 εἶναι
2249 1803 2317 1824 στα-

1264 1822 1368 1865 θερός,
1396 1823 1433 1856 νὰ
1459 1825 1499 1865 μὴ
1528 1826 1710 1869 παρουσιάζῃ
1736 1828 1947 1868 διακυμάνσεις
1973 1831 2166 1873 ἐπαισθητὰς
2193 1830 2241 1872 εἰς
2268 1836 2316 1870 τὸν

1264 1868 1431 1908 ὀφθαλμόν.
1465 1871 1515 1903 Ἐν
1546 1871 1668 1914 ἐναντίᾳ
1709 1874 1885 1914 περιπτώσει
1928 1875 1976 1908 δὲν
2151 1883 2315 1922 χορηγηθῇ
2018 1876 2109 1910 θέλει

1266 1912 1352 1946 ἄδεια
1382 1915 1574 1956 λειτουργίας
1604 1918 1657 1959 πρὸ
1689 1921 1744 1958 τῆς
1775 1921 2058 1969 ἀντικαταστάσεως
2088 1926 2146 1957 τῶν
2174 1930 2316 1967 μηχανῶν

1266 1958 1386 1994 τούτων.

1312 2006 1343 2047 β)
1374 2007 1415 2038 Ἡ
1437 2006 1465 2040 ἐν
1491 2011 1534 2048 τῷ
1557 2009 1666 2049 δικτύῳ
1674 2012 1833 2051 διανομῆς
1851 2014 1969 2051 πτῶσις
1992 2013 2108 2051 τάσεως
2132 2016 2195 2048 δέον
2217 2016 2254 2049 νὰ
2274 2018 2315 2058 μὴ

1266 2051 1341 2085 εἶναι
1369 2053 1504 2095 ἀνωτέρα
1531 2057 1589 2089 τῶν
1616 2054 1702 2095 8%
1728 2058 1785 2096 τῆς
1809 2060 1971 2097 κανονικῆς
1998 2057 2114 2097 τάσεως
2140 2063 2317 2103 τροφοδοτή-

1266 2108 1353 2135 σεως.
1384 2099 1434 2132 Ἐν
1462 2099 1640 2140 περιπτώσει
1667 2101 1858 2141 ὑπερβάσεως
1885 2104 1935 2135 τοῦ
1960 2101 2039 2145 ὁρίου
2066 2104 2167 2139 τούτου
2196 2106 2317 2141 ἐπιβάλ-

1270 2144 1357 2176 λεται
1383 2143 1430 2182 εἰς
1457 2145 1504 2178 τὸν
1534 2145 1675 2187 ἀνάδοχον
1703 2146 1860 2187 πρόστιμον
1887 2147 1973 2189 μέχρι
2000 2153 2088 2183 ποσοῦ
2115 2150 2155 2184 30
2183 2152 2222 2184 Φ.
2248 2152 2318 2192 ἡμε-

1269 2189 1380 2229 ρησίως
1407 2190 1456 2223 καὶ
1483 2190 1570 2233 μέχρι
1597 2190 1791 2231 διορθώσεως
1818 2194 1868 2226 τοῦ
1893 2193 2009 2229 δικτύου
2036 2194 2082 2232 εἰς
2108 2195 2213 2236 τρόπον
2240 2197 2316 2232 ὥστε

1270 2236 1287 2274 ἡ
1311 2238 1446 2275 πτῶσις
1450 2236 1566 2276 τάσεως
1589 2236 1625 2270 νὰ
1648 2237 1688 2278 μὴ
1712 2236 1872 2280 ὑπερβαίνῃ
1896 2238 1929 2272 τὸ
1952 2240 1996 2277 ὡς
2041 2239 2101 2273 ἄνω
2149 2241 2317 2283 ὁριζόμενον

1267 2279 1353 2321 ὅριον.

1307 2330 1341 2370 γ)
1369 2329 1412 2362 Τὸ
1433 2334 1794 2375 χρησιμοποιηθησόμενον
1834 2339 1927 2378 ρεῦμα
1966 2336 2015 2370 διὰ
2037 2336 2083 2371 τὸν
2273 2338 2317 2371 θὰ
2106 2339 2252 2379 φωτισμὸν

1269 2374 1340 2407 εἶναι
1369 2376 1624 2418 ἐναλλασσόμενον
1654 2381 1824 2422 τριφασικὸν
1879 2381 1996 2421 τάσεως
2022 2383 2174 2427 220)127
2201 2385 2274 2425 βὸλτ
2301 2386 2319 2426 ἢ

1270 2419 1418 2460 220)380
1443 2422 1526 2461 βόλτ.

1303 2465 1347 2505 δ)
1371 2466 1408 2499 Ὁ
1436 2467 1581 2510 ἀνάδοχος
1609 2469 1800 2513 ὑποχρεοῦται
1829 2471 1874 2511 εἰς
1903 2472 1954 2513 τὴν
1984 2473 2180 2515 τοποθέτησιν
2207 2475 2319 2520 ἐφεδρι-

1270 2511 1326 2544 κῶν
1357 2515 1496 2554 μηχανῶν
1527 2515 1571 2553 ὡς
1602 2516 1652 2548 καὶ
1682 2521 1802 2558 γενικοῦ
1831 2517 1984 2559 γνώμονος
2015 2519 2100 2558 ἐντὸς
2129 2521 2317 2563 προθεσμίας

1268 2557 1311 2591 δύο
1330 2557 1403 2591 ἐτῶν
1423 2558 1476 2591 ἀπὸ
1496 2562 1551 2600 τῆς
1571 2562 1786 2604 δημοσιεύσεως
1806 2564 1854 2596 τοῦ
1873 2562 2020 2605 παρόντος
2036 2566 2073 2598 Β.
2091 2566 2318 2608 Διατάγματος.

1309 2603 1489 2646 Παράβασις
1530 2607 1588 2639 τῶν
1618 2607 1648 2640 ἐν
1679 2610 1715 2650 τῇ
1745 2609 1932 2651 παραγράφῳ
1974 2611 2067 2652 ταύτῃ
2107 2612 2317 2655 ὑποχρεώσεων

1270 2695 1460 2736 βραδύτητος.

1270 2659 1316 2682 του
1337 2650 1530 2691 συνεπάγεται
1554 2652 1710 2693 πρόστιμον
1732 2654 1820 2696 μνέχρι
1841 2656 1928 2689 ποσοῦ
1947 2656 2013 2691 200
2035 2657 2070 2692 Φ.
2095 2656 2151 2691 ἀνὰ
2171 2658 2319 2699 ἑβδομάδα

1683 2746 1822 2790 Ἄρθρον
1847 2747 1898 2781 13.

1312 2796 1513 2837 Περίπτωσις
1546 2800 1692 2840 διακοπῆς
1724 2799 1917 2842 λειτουργίας
1959 2801 2161 2844 ἐργοστασίου.
2204 2806 2277 2838 Δια-

1310 2845 1387 2885 κοπὴ
1407 2845 1595 2886 ἠλεκτρικῆς
1616 2845 1774 2888 ἐνεργείας
1794 2847 1840 2885 εἰς
1861 2846 1929 2881 κατ'
1953 2848 2104 2889 ἀποκοπὴν
2125 2849 2276 2890 πελάτας.

1311 2891 1343 2932 α)
1379 2891 1416 2925 Ὁ
1446 2891 1593 2934 ἀνάδοχος
1614 2892 1813 2935 ὑποχρεοῦται
1842 2893 1880 2926 νὰ
1907 2897 2036 2936 συντηρῇ
2064 2894 2219 2935 ἐπιμελῶς
2247 2896 2319 2931 ἁπά-

1270 2946 1322 2976 σας
1351 2937 1407 2976 τὰς
1432 2936 1674 2978 ἐγκαταστάσεις
1701 2940 1790 2973 αὐτοῦ
1815 2938 1866 2971 καὶ
1892 2937 1930 2972 νὰ
1955 2942 2085 2982 διατηρῇ
2110 2939 2224 2983 ταύτας
2250 2942 2320 2977 πάν-

1270 2992 1334 3016 τοτε
1361 2983 1408 3022 εἰς
1435 2983 1616 3018 κατάστασιν
1646 2985 1798 3026 ἀσφαλοῦς
1825 2984 1875 3018 καὶ
2046 2984 2251 3030 λειτουργίας.
1899 2985 2020 3027 ἑτοίμου

1312 3030 1343 3071 β)
1377 3031 1413 3063 Ὁ
1442 3029 1587 3073 ἀνάδοχος
1612 3030 1663 3064 δὲν
1690 3032 1855 3065 δικαιοῦται
1883 3027 1957 3064 καθ'
1985 3032 2057 3072 ὅλην
2163 3030 2317 3075 διάρκειαν
2085 3031 2138 3072 τὴν

1270 3077 1323 3116 τῆς
1349 3074 1500 3117 παρούσης
1525 3076 1630 3115 ἀδείας
1654 3076 1692 3110 νὰ
1717 3076 1845 3121 διακόψῃ
1870 3076 1939 3111 ἄνευ
1964 3077 2188 3119 προηγουμένης
2212 3078 2317 3119 ἀδείας

1270 3125 1317 3156 τοῦ
1345 3122 1539 3163 Ὑπουργείου
1565 3123 1776 3165 Βιομηχανίας
1805 3123 1859 3164 τὴν
1884 3122 2075 3166 λειτουργίαν
2188 3123 2318 3165 ἐγκατα-
2102 3124 2162 3158 τῶν

1270 3168 1399 3202 στάσεων
1424 3168 1521 3211 αὐτοῦ,
1543 3168 1699 3211 ἐξαιρέσει
1724 3169 1940 3212 περιπτώσεως
1965 3168 2121 3211 ἀνωτέρας
2146 3169 2216 3209 βίας
2239 3170 2316 3205 δεόν-

1270 3226 1326 3255 τως
1354 3214 1639 3259 δικαιολογημένης.
1680 3214 1752 3250 Ἐὰν
1792 3214 1982 3254 αὐτοβούλως
2021 3214 2147 3257 διακόψῃ
2174 3215 2229 3256 τὴν
2255 3217 2317 3250 λει-
