2595 3496
160 27 173 60 ὁ
197 24 395 67 προσφεύγον.
421 23 480 56 Ἂν
505 25 521 65 ἡ
546 25 695 67 προσφυγὴ
721 24 815 67 ἀφορᾷ
837 25 882 63 εἰς
908 25 1116 68 ἀμφισβήτησιν
1142 26 1205 59 ὁλο-

159 73 268 114 κλήρου
287 74 335 105 τοῦ
353 71 558 113 ἐγγραφέντος
576 75 672 113 ποσοῦ,
689 73 824 115 συνεπείᾳ
1021 73 1204 115 σφάλματος,
841 76 1002 114 προφανοῦς

160 121 232 160 αὔτη
258 120 503 160 συζητεῖταικαὶ
972 121 1030 153 ἄνω
1058 124 1203 154 ποσοστοῦ.
903 121 945 159 ὡς
830 123 876 153 τοῦ
533 120 599 153 ἄνευ
627 122 801 160 καταβολῆς

160 168 213 208 Μὴ
239 166 497 204 διαπιστοθέντος
525 168 711 209 σφάλματος,
740 168 756 207 ἡ
784 168 922 210 ἐπιτροπὴ
950 169 997 201 δὲν
1026 168 1142 201 δύναται
1171 169 1205 201 νὰ

160 215 322 257 ἀποφασίσε
349 213 412 255 ιπερὶ
440 213 594 253 μειώσεως
621 216 669 247 τοῦ
695 217 780 247 ποσοῦ
885 215 1050 257 ἐγγραφῆς.
805 219 859 255 τῆς

202 262 260 296 Δὲν
286 264 456 296 ἀπαιτεῖται
483 262 499 301 ἡ
524 262 694 299 κατάθεσις
719 264 766 294 τοῦ
790 262 832 300 ὡς
859 262 916 294 ἄνω
941 267 1076 296 ποσοστοῦ
1099 263 1143 301 εἰς
1169 264 1204 302 ἄς

1109 311 1206 343 ἀνατί-
941 310 1083 353 προσόδων
860 311 915 341 τῶν
676 308 836 350 εἴσπραξις
602 308 651 341 καὶ
419 309 578 348 βεβαίωσις
378 309 394 348 ἡ
158 311 353 353 περιπτώσεις

157 363 261 393 θενται
285 358 329 395 εἰς
352 358 549 396 ἐνοικιαστήν.

202 407 228 438 5.
251 406 290 439 Ἡ
311 404 463 444 προσφυγὴ
483 404 526 436 θὰ
548 403 687 446 περιέχῃ:
711 404 741 440 1)
1107 405 1136 438 τὸ
1157 418 1207 437 πα-
768 403 799 437 τὸ
820 403 1085 446 ὀνοματεπώνυμον,

154 453 311 498 τρώνυμον,
331 451 363 485 τὸ
381 451 572 492 ἐπάγγελμα,
594 452 644 491 τὴν
664 451 820 483 κατοικίαν
840 452 888 484 καὶ
909 452 960 491 τὴν
980 452 1139 485 διεύθυνσιν
1160 456 1207 485 τοῦ

158 501 390 545 προσφεύγοντος
486 499 529 537 εἰς
752 499 825 531 καθ'
849 499 880 539 ἥν
902 500 987 536 οὖτος
1078 499 1205 539 διαμένει
1009 500 1054 532 δὲν
413 499 462 531 καὶ
552 498 730 540 περίπτωσιν

159 552 188 583 ἐν
210 550 244 588 τῇ
265 548 336 590 ἕδρᾳ
357 549 413 586 τῆς
435 548 597 587 ἐπιτροπῆς
619 548 649 577 τὸ
670 546 939 586 ὀνοματεπώνυμον,
960 547 989 579 υὸ
1011 547 1208 588 πατρώνυμον,

160 598 190 630 τὸ
216 595 396 634 ἐπάγγελμα
424 593 474 624 καὶ
502 593 535 633 ὴν
564 593 728 625 διεύθυνσιν
757 596 803 625 υοῦ
831 593 876 625 ὑπ'
1016 593 1208 634 διοριζομένου
904 594 990 626 αὐτοῦ

160 643 349 683 ἀντικλήτου,
367 640 401 680 2)
428 639 459 686 τὸ
478 639 679 680 ἀντικείμενον
699 640 773 672 καθ
792 641 821 673 οὗ
837 639 993 681 στρέφεται
1015 641 1085 680 αὗτη
1105 640 1152 674 καὶ
1173 642 1209 673 τὰ

161 689 353 734 πραγματικὰ
374 688 390 727 ἢ
410 688 518 733 νόμιμα
539 685 694 729 γεγονότα.
717 686 762 719 ἐπὶ
785 690 840 720 τῶν
864 687 967 720 ὁποίων
987 688 1156 730 στηρίζεται
1180 688 1209 721 τὸ

153 739 189 773 δι'
211 737 300 778 αὐτῆς
323 734 565 777 προβαλλόμενον
589 734 710 773 αἴτημα.

589 810 728 851 Ἄρθρον
752 810 781 843 3.

201 870 230 904 1.
257 870 295 902 Ὁ
322 867 465 909 πρόεδρος
492 870 548 907 τῆς
573 868 747 908 ἐπιτροπῆς,
773 867 818 905 εἰς
842 868 872 900 ὅν
899 867 1107 908 παραδίδονται
1134 867 1211 907 παρὰ

158 920 205 952 τοῦ
229 914 434 958 γραμματέως
462 913 570 947 ἅπασαι
599 914 628 946 αἱ
656 916 894 946 διαβιβασθεῖσαι
1121 913 1208 956 ὁρίζει
922 914 1093 956 προσφυγαί,

1057 962 1211 1001 συζήτησιν
966 961 1036 1002 προς
782 960 942 1001 διαδίκους,
692 960 759 998 τοὺς
505 963 670 1002 προσκαλεῖ
431 960 480 993 καὶ
236 962 407 1001 δικασίμους
160 966 214 1003 τὰς

157 1014 192 1046 δι'
221 1012 368 1051 ἀτομικῆς
394 1009 612 1049 προσκλήσεως
639 1007 884 1048 κονοποιούμενης
912 1008 955 1040 ἐπὶ
985 1008 1135 1048 ἀποδείξει
1163 1021 1210 1048 με-

1160 1055 1210 1097 πρὸ
1017 1056 1130 1098 ἡμέρας
796 1055 986 1099 τοὺλάχιστον
709 1055 757 1097 (5)
585 1054 672 1088 πέντε
351 1054 555 1098 γραμματέος
161 1060 242 1103 ρίμνη
272 1060 321 1091 τοῦ

159 1110 213 1148 τῆς
235 1105 350 1147 ἡμέρας
374 1101 562 1140 ἐκδικάσεως
587 1105 642 1144 τῆς
665 1105 846 1144 προσφυγῆς.

202 1153 230 1187 2.
256 1153 292 1185 Ὁ
318 1154 411 1191 δῆμος
438 1150 456 1190 ἢ
481 1149 621 1190 κοινότης
648 1149 884 1191 ἐκπροσωπεῖται
910 1149 1031 1183 ἐνώπιον
1058 1154 1112 1191 τῆς
1137 1162 1214 1191 πρω-

160 1199 320 1238 τοβαθμίου
352 1198 369 1237 ἢ
400 1196 653 1238 δευτεροβαθμίου
684 1196 846 1238 ἐπιτροπῆς
877 1196 954 1238 παρὰ
1063 1196 1213 1238 δημάρχου
986 1199 1033 1230 τοῦ

973 1244 1023 1277 ὑπὸ
661 1242 952 1284 ἐξουσιοδοτουμένου
592 1246 640 1276 τοῦ
553 1245 570 1284 ἢ
354 1243 532 1283 κοινότητος
195 1245 333 1290 προέδρου
159 1250 176 1290 ἢ
1046 1244 1143 1278 τούτου
1165 1246 1213 1284 δη-

154 1297 272 1338 μοτικοῦ
296 1294 312 1333 ἢ
527 1288 698 1330 συμβούλου.
337 1291 505 1324 κοινοτικοῦ

201 1343 228 1375 3.
250 1341 289 1374 Ἡ
309 1338 497 1381 πρόσκλησις
520 1338 730 1370 κοινοποιεῖται
754 1337 798 1375 εἰς
819 1337 866 1371 τὸν
887 1336 957 1370 ἴδιον
1049 1336 1213 1377 ἐνδιαφερό-
980 1337 1026 1370 τὸν

151 1402 233 1431 μενον
256 1388 285 1421 ἐν
309 1389 345 1426 τῇ
370 1385 451 1426 οἰκίᾳ
476 1385 560 1417 αὐτοῦ
584 1384 635 1417 καὶ
659 1384 688 1415 ἐν
714 1384 836 1426 ἀπουσίᾳ
953 1384 1012 1423 εἰς
1036 1386 1102 1424 τοὺς
859 1385 943 1417 αὐτοῦ
1124 1385 1152 1417 ἐν
1177 1387 1212 1425 τῇ

158 1438 229 1475 αὐτῇ
252 1434 333 1476 οἰκίᾳ
357 1434 577 1470 κατοικοῦντας
601 1433 758 1472 συγγενεῖς
784 1433 800 1472 ἢ
825 1430 973 1473 ὑπηρέτας
1000 1432 1083 1465 αὐτοῦ
1108 1431 1156 1465 καὶ
1182 1432 1211 1463 ἐν

157 1482 277 1524 ἀπουσίᾳ
304 1482 321 1522 ἢ
348 1479 485 1521 ἐλλείψει
513 1479 563 1512 καὶ
591 1479 714 1519 τούτων,
741 1478 785 1517 εἰς
812 1480 879 1516 τοὺς
905 1478 1026 1516 λοιποὺς
1051 1479 1211 1516 συνοίκους.

157 1530 226 1565 Ἐὰν
246 1530 294 1563 δὲν
316 1528 429 1570 εὑρεθῇ
452 1526 548 1564 οὐδεὶς
570 1526 616 1563 εἰς
638 1525 689 1565 τὴν
713 1524 808 1558 οἰκίαν
831 1527 1071 1567 τοιχοκολλεῖται
1095 1525 1139 1559 ἐπὶ
1162 1538 1214 1557 πα-

1116 1584 1215 1606 κατοι-
1042 1576 1095 1614 τῆς
1005 1572 1022 1613 ἢ
839 1571 986 1613 δωματίου
772 1575 820 1605 τοῦ
657 1571 751 1614 θύραν
584 1572 636 1612 τὴν
519 1572 564 1610 εἰς
340 1573 498 1615 μαρτύρων
158 1576 254 1621 ρουσίᾳ
272 1577 321 1609 δύο

249 1624 346 1657 αὐτοῦ.
157 1625 225 1662 κίας

200 1671 240 1704 Ἡ
268 1670 457 1710 πρόσκλησις
487 1666 561 1708 πρὸς
592 1668 790 1707 διατηροῦντα
820 1666 997 1707 κατάστημα
1028 1667 1045 1707 ἢ
1073 1668 1213 1709 γραφεῖον

157 1712 318 1760 οἱοδήποτε
343 1717 374 1748 ἐν
401 1714 425 1756 ᾧ
452 1714 540 1747 ἀσκεῖ
565 1715 596 1748 τὸ
622 1713 803 1755 ἐπάγγελμα
830 1716 925 1755 αὐτοῦ,
953 1713 1070 1747 δύναται
1097 1714 1132 1748 νὰ
1157 1715 1216 1747 ἐπι-

157 1768 232 1806 δοθῇ
255 1764 305 1797 καὶ
332 1764 362 1795 ἐν
388 1764 432 1803 τῷ
456 1762 668 1802 καταστήματι
695 1762 712 1801 ἢ
738 1764 780 1803 τῷ
804 1761 938 1803 γραφείῳ
964 1761 1035 1803 πρὸς
1062 1761 1108 1794 τὸν
1135 1761 1216 1803 ίδιον,

157 1859 362 1898 καταστήματι
391 1858 408 1897 ἢ
433 1857 570 1897 γραφείῳ
597 1857 785 1895 ὑπαλλήλων
812 1856 829 1896 ἢ
855 1857 1017 1896 ὑπηρετῶν.

158 1812 383 1849 ἀπουσιάζοντος
413 1808 445 1841 δὲ
477 1809 563 1841 αὐτοῦ
592 1808 666 1848 πρὸς
697 1820 763 1840 τινα
793 1811 850 1841 τῶν
879 1808 1083 1850 ἐργαζομένων
1112 1809 1141 1841 ἐν
1172 1811 1213 1849 τῷ

204 1903 414 1948 Προκειμένου
441 1902 506 1944 περὶ
535 1901 689 1944 προσώπου
716 1902 754 1942 μὴ
782 1901 905 1946 ἔχοντος
931 1901 1138 1943 δεδηλωμένην
1166 1915 1218 1955 κα-

1133 1963 1217 1992 προσ-
1090 1950 1107 1991 ἡ
889 1950 1063 1988 κοινότητος
807 1953 863 1991 τῆς
763 1949 780 1989 ἢ
645 1949 736 1989 δήμου
569 1952 617 1983 τοῦ
414 1951 542 1992 περιοχῇ
352 1953 388 1993 τῇ
157 1952 267 1988 τοικίαν
293 1953 324 1986 ἐν

157 2004 264 2041 κλησις
288 1997 454 2032 ἐπιδίδεται
481 1996 527 2034 εἰς
552 1996 600 2029 τὸν
626 1995 673 2029 ὑπ'
699 1998 785 2029 αὐτοῦ
811 1996 999 2038 διωρισμένον
1026 1996 1216 2041 ἀντικλητον,

157 2049 235 2086 ὅστις
259 2046 324 2080 δέον
349 2045 386 2078 νὰ
409 2046 541 2085 κατοικῇ
566 2044 611 2081 εἰς
638 2042 686 2076 τὸν
712 2045 803 2083 δῆμον
828 2045 844 2084 ἢ
862 2045 921 2085 τὴν
946 2043 1114 2085 κοινότητα,
1140 2044 1216 2076 ἔνθα

1087 2090 1215 2124 τοιούτου
918 2092 1063 2133 διορισμοῦ
855 2090 893 2132 μη
650 2090 829 2131 περιπτώσει
573 2091 623 2122 Ἐν
370 2093 546 2133 ἐπιτροπῆς.
288 2097 344 2134 τῆς
195 2094 264 2136 ἕδρα
156 2096 172 2136 ἡ

156 2142 334 2182 ἀντικλήτου
361 2140 413 2179 τὴν
442 2137 523 2170 κατὰ
550 2137 587 2170 τὰ
614 2136 757 2179 ἀνωτέρω
783 2136 911 2171 ἐπίδοσιν
939 2137 1104 2179 ἀναπληροῖ
1130 2140 1217 2179 θυρο-

1126 2197 1218 2217 κατα-
940 2187 1104 2218 κοινοτικοῦ
902 2184 919 2223 ἢ
723 2186 882 2224 δημοτικοῦ
652 2186 700 2216 τοῦ
464 2183 628 2226 ἐξώθυραν
390 2185 441 2225 τὴν
322 2186 368 2224 εἰς
155 2190 300 2229 κόλλησις

156 2236 314 2276 στήματος,
342 2230 539 2274 βεβαιουμένη
565 2231 613 2264 διὰ
639 2230 766 2269 πάξεως
793 2234 841 2264 τοῦ
864 2232 1057 2273 ἐνεργοῦντος
1083 2233 1134 2273 τὴν
1159 2244 1219 2264 κοι-

156 2281 310 2323 νοποίησιν.

197 2330 250 2367 Εἰς
271 2328 453 2371 περίπτωσιν
478 2327 552 2358 καθ'
576 2327 609 2367 ἢν
634 2327 646 2359 ὁ
670 2324 925 2367 φορολογούμενος
948 2326 965 2366 ἢ
1200 2326 1216 2365 ἢ
986 2327 1175 2367 ἐνοικιαστὴς

1190 2373 1217 2405 αἱ
1003 2373 1160 2416 δικηγόρον
757 2371 974 2416 πληρεξούσιον
607 2372 728 2413 διορίσει
515 2373 578 2414 ἔχει
350 2373 489 2410 δι΄΄αδικος
156 2377 322 2417 οἱοσδήποτε

154 2424 300 2464 ἐπιδόσεις
325 2422 460 2466 γίνονται
489 2419 623 2459 νομίμως
653 2418 727 2460 πρὸς
757 2420 853 2454 αὐτόν.

200 2471 226 2504 4.
255 2471 293 2504 Ἡ
323 2466 510 2509 παράλειψις
540 2470 598 2499 τῶν
627 2465 820 2506 κλητεύσεων
851 2468 867 2508 ἢ
896 2467 913 2507 ἡ
941 2468 1073 2508 ἐλλιπὴς
1101 2468 1151 2501 καὶ
1181 2468 1219 2507 μὴ

1168 2515 1218 2547 καὶ
959 2515 1146 2548 διαδικασίαν
886 2514 936 2554 τὴν
729 2517 864 2557 καθιστᾷ
609 2514 706 2545 αὐτῶν
381 2512 586 2553 κοινοποίησις
152 2517 357 2560 ἐμπρόθεσμος

155 2569 243 2599 πᾶσαν
263 2561 558 2601 ἐπακολουθήσασαν
579 2560 735 2606 ἐνέργειαν
758 2560 942 2603 ἀκυρώσιμον
964 2562 1043 2603 παρὰ
1142 2562 1219 2600 ἰδιας
1065 2565 1119 2602 τῆς

154 2613 311 2653 ἐπιτροπῆς
336 2608 583 2650 ἐπανερχομένης
609 2610 646 2648 τῇ
670 2608 786 2645 αἰτήσει
814 2612 860 2641 τοῦ
1163 2609 1219 2647 Εἰς
885 2608 1136 2650 ἐνδιαφερομένου.

151 2707 166 2747 ἢ
187 2705 383 2747 τριπλοτύπθυ
401 2700 599 2743 εἰσπράξεως
692 2702 874 2741 παραβόλου.
621 2704 672 2735 τοῦ

1033 2656 1220 2697 γραμματίου
835 2653 1006 2697 ἐπισύναψις
791 2655 809 2695 ἡ
589 2656 762 2686 ἀπαιτεῖται
512 2654 561 2686 δὲν
372 2655 484 2695 ταύτην
230 2657 344 2699 αἴτησιν
156 2661 204 2701 τὴν

756 2757 784 2790 4.
589 2758 730 2800 Ἄρθρον

193 2819 217 2851 1.
241 2818 279 2851 Αἱ
539 2818 595 2855 τῆς
620 2814 855 2856 πρωτοβαθμίου
882 2815 1047 2857 ἐπιτροπῆς
1073 2816 1146 2849 εἰναι
1173 2818 1221 2854 δη-
305 2814 513 2857 συνεδριάσεις

149 2867 239 2904 μόσιαι
834 2861 851 2902 ἢ
648 2863 804 2900 δημοτικῷ
575 2863 618 2902 τῷ
515 2863 546 2893 ἐν
269 2865 318 2897 καὶ
350 2865 485 2905 γίνονται
1072 2863 1221 2900 καταστή-
880 2865 1041 2902 κοινοτικῷ

148 2924 222 2950 ματι.
502 2908 597 2950 κρίνει
630 2908 735 2945 τύποις
764 2908 816 2940 καὶ
847 2909 931 2947 οὐσίᾳ
1047 2909 1218 2950 προσφυγὰς
961 2910 1017 2947 τὰς
324 2908 471 2949 ἐπιτροπὴ
254 2910 293 2944 Ἡ

149 2958 195 2990 καὶ
221 2957 268 2989 δὲν
294 2957 417 2990 δύναται
717 2953 769 2993 τὴν
794 2954 881 2988 θέσιν
985 2952 1220 2999 προσφεύγοντος
909 2959 957 2988 τοῦ
444 2955 482 2988 νὰ
507 2955 689 2997 καταρτήσῃ

149 3004 271 3046 χείρονα.

191 3059 238 3092 Ἐν
271 3061 306 3100 τῇ
339 3057 523 3100 περιπτώσει
558 3058 641 3097 ὅμως
673 3057 709 3090 ἐκ
742 3060 798 3096 τῆς
831 3057 1025 3095 διαδικασίας
1057 3058 1219 3098 προκύψουν

151 3104 251 3145 ὁάσιμα
278 3108 425 3148 στοιχεῖα,
560 3104 577 3136 ἅ
604 3105 618 3137 ὁ
453 3104 530 3138 καθ'
648 3105 906 3145 φορολογούμενος
932 3103 992 3138 ἔδει
1020 3104 1056 3137 νὰ
1083 3106 1221 3147 ἐγγραφῇ

1173 3154 1221 3183 τοῦ
935 3152 1139 3192 μεγαλύτερον
817 3152 903 3184 ποσὸν
738 3152 788 3184 διὰ
530 3152 707 3191 κατάλογον
297 3152 498 3192 φορολογικὸν
148 3152 190 3190 εἰς
220 3152 266 3185 τὸν

150 3198 176 3230 ἐν
204 3199 281 3240 αὐτῷ
310 3196 522 3240 ἐγγραφέντος
551 3199 569 3239 ἡ
597 3198 745 3237 ἐπιτροπὴ
774 3198 969 3240 ὑποχρεοῦται
997 3197 1033 3230 νὰ
1064 3197 1222 3240 ἀναγράψη

150 3245 192 3283 εἰς
214 3245 263 3285 τὴν
289 3244 436 3287 ἀπόφασιν
586 3244 622 3277 τὰ
462 3244 559 3284 αὐτῆς
645 3245 782 3285 στοιχεῖα
807 3248 912 3278 ταῦτα.
939 3244 1139 3286 Ἀντίγραφον
1166 3247 1222 3283 τῆς

1128 3295 1223 3324 διαπι-
1045 3292 1095 3324 ἐὰν
929 3290 1013 3329 ὅστις
716 3289 897 3332 Νομάρχην,
634 3290 684 3323 τὸν
554 3292 601 3330 εἰς
151 3290 321 3331 ἀποφάσεως
352 3291 521 3325 ὑποβάλλει

151 3338 242 3378 στώσῃ
266 3338 397 3379 εὐθύνην
421 3339 595 3378 δημοτικῆς
623 3337 642 3377 ἢ
667 3341 845 3377 κοινοτικῆς
873 3339 972 3379 ἀρχῆς
1001 3337 1018 3377 ἢ
1045 3339 1223 3378 ὑπαλλήλου

1732 26 1884 68 προβαίνει
1371 27 1462 66 δήμου
2205 27 2382 67 ἁρμοδιότη-
1487 28 1504 67 ἢ
1528 28 1707 68 κοινότητος
1981 28 2034 67 τὴν
2061 28 2097 60 ἐκ
1911 29 1956 65 εἰς
1298 30 1346 60 τοῦ
2122 30 2178 68 τῆς

1377 74 1463 107 αὐτοῦ
1741 74 1906 116 ἐνέργειαν.
1490 75 1715 115 ἐνδεδειγμένην
1298 86 1349 112 τος

2036 120 2158 155 πάντων
1341 121 1370 155 2.
1402 121 1441 153 Ἡ
1471 122 1615 163 ἐπιτροπὴ
2189 124 2249 154 τῶν
1851 123 2007 164 παρόντων
2278 125 2380 162 μελῶν
1647 122 1821 163 ἀποφασίζει

1297 180 1364 208 της.

1412 214 1577 256 ἀποφάσεις
1609 214 1814 254 λαμβάνονται
1342 215 1379 248 Αἱ
1846 216 1926 249 κατὰ
1957 216 2173 252 πλειοψηφίαν,
2207 216 2376 249 ἐκδίδονται

2325 265 2377 302 τὴν
2216 263 2297 295 κατὰ
1295 262 1326 294 δὲ
1355 261 1591 303 ἠτιολογημέναι
1699 261 1947 303 ἀπαγγέλλονται
2069 262 2189 302 ἀμέσως
1619 263 1669 296 καὶ
1976 265 2038 295 εἴτε

1295 308 1437 349 δημοσίαν
1974 314 2036 342 εἴτε
1547 308 1742 352 ἀκροατηρίῳ
2069 309 2295 349 δημοσιεύονται
1470 310 1513 341 ἐπ'
1773 311 1943 350 συζήτησιν
2330 324 2376 350 με-

1297 355 1534 395 ταγενεστέρως.

1340 397 1369 436 3.
1469 403 1633 444 ἀποφάσεις
1399 404 1437 435 Αἱ
1747 403 1913 444 ἐπιτροπῆς
1941 403 2110 437 ἐκδίδονται
2142 404 2229 441 ἐντὸς
1663 405 1718 443 τῆς
2259 405 2376 437 εἰκοσα-

2098 449 2289 489 ἐκδικότεως
1296 450 1404 492 ημέρου
1432 450 1462 483 τὸ
1491 450 1669 491 βραδύτερον
1699 451 1753 484 ἀπὸ
1864 451 2070 491 ἡμερομηνίας
2318 455 2373 489 τῆς
1780 453 1836 490 τῆς

1910 496 2051 537 προέδρου
1507 497 1725 538 ὑπογράφονται
1836 502 1883 531 τοῦ
1755 498 1806 530 ὑπὸ
1295 499 1478 539 προσφυγῆς,
2080 499 2129 530 καὶ
2160 500 2208 532 τοῦ
2237 511 2373 539 γραμμα-

1295 543 1373 582 τέως
1754 544 1834 578 κατὰ
1406 545 1455 576 καὶ
1950 545 2139 578 διαδικασίαν
2174 545 2372 583 κλητεύσεως
1868 546 1918 584 τὴν
1488 548 1722 578 κοινοποιοῦνται

1372 589 1591 631 προηγουμένου
1623 591 1737 632 ἄρθρου
1767 591 1819 624 καὶ
1852 592 1935 630 ἐντος
2058 592 2136 629 ἰδίας
2168 594 2370 631 προθεσμίας
1295 595 1342 623 τοῦ
1967 595 2023 629 τῆς

1296 636 1331 670 Ὁ
1477 637 1494 677 ἢ
1520 638 1536 677 ἡ
1562 638 1703 677 κοινότης
1729 639 1938 678 ἐπιμελοῦνται
1966 639 2015 671 διὰ
2125 639 2275 677 ἁρμοδίων
1357 640 1450 678 δῆμος
2039 641 2098 671 τῶν
2303 641 2369 678 ὑπη-

1514 685 1562 716 διὰ
1672 685 1844 726 ἐφαρμογὴν
1958 685 2147 719 ἐκτελεστῶν
1590 686 1643 725 τὴν
2149 686 2368 725 ἀποφάσεων
1872 689 1930 718 τῶν
1295 688 1400 726 ρεσιῶν
1428 697 1486 717 των

2281 846 2366 876 δεκα-
2058 843 2248 884 προθεσμίας
1940 843 2025 881 ἐντος
1753 843 1908 879 διαδίκων
1292 843 1523 885 πρωτοβαθμίου
1556 843 1721 886 ἐπιτροπῆς

1732 741 1872 782 Ἄρθρον
1898 742 1924 774 5.

1340 797 1366 830 1.
1402 796 1442 829 Ἡ
1474 795 1575 838 έφεσις
1610 797 1745 829 ἀσκεῖται
1779 798 1944 838 ἐγγρ'αφως
1977 797 2028 830 ὑπὸ
2064 800 2119 829 τῶν
2152 796 2277 831 ἐνώπιον
2312 801 2368 837 τῆς

1292 891 1378 923 πέντε
1410 891 1484 930 (15)
1514 891 1632 931 ἡμερῶν
1661 890 1714 923 ἀπὸ
1740 894 1795 930 τῆς
1821 891 1866 928 εἰς
1894 890 1999 928 αὐτοὺς
2025 891 2190 929 ἐπιδόσεως
2300 892 2364 924 ἀπο-
2216 895 2273 930 τῆς

1800 937 1974 977 ἐπιτροπῆς.
1535 937 1768 977 πρωτοβαθμίου
1293 936 1412 977 φάσεως
1447 939 1501 976 τῆς

1400 983 1440 1016 Ἡ
1471 983 1572 1023 ἔφεσις
1605 982 1804 1016 ἀπευθύνεται
1865 979 1988 1017 ἐνώπιον
2111 985 2364 1021 δευτεροβαθμίου
2022 988 2078 1021 τῆς
1336 984 1365 1017 2.

1291 1030 1455 1072 ἐπιτροπῆς
1486 1031 1535 1062 καὶ
1567 1030 1730 1063 ἐπιδίδεται
1762 1029 1806 1064 ἐπὶ
1840 1030 1994 1068 ἀποδείξει
2026 1032 2072 1069 εἰς
2104 1032 2151 1064 τὸν
2183 1031 2363 1071 γραμματέα

1292 1081 1347 1117 τῆς
1384 1075 1617 1117 πρωτοβαθμίου
1655 1078 1830 1118 ἐπιτροπῆς.
1900 1078 1981 1115 ὅστις
2018 1078 2131 1118 ὀφείλει
2173 1077 2292 1119 ἀμέσως
2328 1079 2364 1110 νὰ

2271 1137 2363 1166 γραμ-
2197 1124 2245 1156 τὸν
2124 1127 2172 1163 εἰς
1898 1126 2100 1166 δικογραφίας
1728 1127 1875 1166 σχετικῆς
1648 1126 1703 1163 τῆς
1546 1125 1622 1163 μετὰ
1288 1119 1388 1165 πέμψῃ
1413 1123 1523 1164 ταύτην

1290 1171 1386 1211 ματέα
1413 1173 1469 1210 τῆς
1496 1170 1614 1217 οἰκείας
1640 1171 1892 1213 δευτεροβαθμλίου
1919 1173 2094 1217 ἐπιτροπῆς.
2122 1172 2204 1209 ὄστις
2231 1173 2281 1205 καὶ
2311 1185 2359 1204 κα-

2323 1221 2362 1251 βι-
2193 1219 2287 1259 υούτῳ
2111 1219 2156 1251 ἐπὶ
1992 1219 2079 1252 αὐτοῦ
1888 1231 1945 1256 παρ
1680 1219 1856 1258 τηρούμενον
1599 1219 1646 1256 εἰς
1291 1219 1425 1259 ταχωρεῖ
1457 1219 1565 1257 ταύτην

1290 1264 1383 1299 βλίον.

1334 1313 1362 1345 3.
1392 1312 1432 1344 Ἡ
1458 1309 1560 1350 ἔφεσις
1588 1310 1653 1345 δέον
1681 1310 1715 1343 νὰ
1742 1313 1930 1350 συνοδεύηται
1959 1312 2005 1344 ἐπὶ
2149 1311 2358 1350 ἀπαραδέκτου
2034 1315 2119 1350 ποινῆ

1289 1358 1403 1398 ταύτης
1435 1370 1452 1390 α
1459 1357 1467 1396 )
1505 1357 1554 1391 ὑπὸ
1587 1358 1772 1399 γραμματίου
1805 1359 1822 1396 ἢ
1855 1359 2050 1399 τριπλοτύπου
2083 1358 2277 1399 εἰσπράξεως
2311 1362 2358 1391 τοῦ

2218 1408 2358 1438 ποσοστοῦ
2102 1407 2187 1439 νόμον
1993 1405 2074 1439 κατὰ
1916 1407 1962 1438 τοῦ
1684 1405 1860 1444 κοινότητος
1638 1405 1655 1445 ἢ
1516 1404 1608 1444 δήμου
1290 1404 1410 1444 ταμείου
1439 1407 1488 1436 τοῦ

1289 1455 1337 1485 τοῦ
1371 1450 1638 1492 ἀμφισβητουμένου
1670 1455 1756 1484 ποσοῦ
1789 1455 1837 1484 τοῦ
1868 1452 1985 1495 χρέους,
2019 1453 2048 1491 β)
2169 1452 2357 1494 γραμματίου
2086 1453 2136 1486 ὑπὸ

1288 1499 1306 1539 ἢ
1339 1497 1536 1540 τριπλοτύπου
1568 1498 1762 1540 εἰσπράφεως
1796 1502 1845 1532 τοῦ
1878 1500 1964 1533 αὐτοῦ
2153 1498 2356 1532 καταθέσεως
1998 1499 2119 1538 ταμείου

1286 1545 1457 1585 παραβόλου
1484 1545 1517 1578 ἐκ
1708 1545 1758 1579 30.
1541 1546 1683 1585 δραχμῶν

1333 1591 1432 1625 Ὅταν
1628 1592 1756 1630 ἀσκῆται
1500 1591 1602 1632 ἔφεσις
1458 1591 1475 1631 ἡ
1783 1592 1835 1625 ὑπὸ
1860 1593 1948 1632 δήμου
1975 1592 1992 1631 ἢ
2017 1592 2193 1632 κοινότητος
2295 1591 2354 1631 ὑφί-
2220 1592 2269 1625 δὲν

1285 1651 1393 1673 σταται
1427 1638 1613 1680 ὑποχρέωσις
2190 1639 2353 1678 ἀπαιτῆται
2097 1641 2155 1680 ἐνῷ
1645 1637 1848 1677 καταθέσεως
1880 1640 2064 1679 παραβόλου,

1287 1689 1416 1719 τοιοῦτον
1445 1684 1614 1726 παράβολον
1783 1685 1884 1727 ἔφεσις
1642 1685 1710 1717 ὅταν
1740 1687 1756 1726 ἡ
1913 1687 2041 1726 ἀσκῆται
2072 1687 2121 1720 ὑπὸ
2227 1686 2354 1718 ἐνοικια-
2150 1688 2198 1719 τοῦ

1285 1735 1363 1766 στοῦ.

1332 1779 1360 1812 4.
1390 1779 1449 1815 Ὡς
1476 1778 1550 1818 πρὸς
1580 1778 1635 1816 τὰς
1664 1779 1875 1820 συνεδριάσεις,
1905 1780 1955 1819 τὴν
1984 1780 2170 1819 προθεσμίαν
2198 1778 2249 1811 καὶ
2279 1779 2354 1815 κλη-

2294 1828 2352 1857 τῶν
2104 1826 2268 1863 ἐπιδόσεως
1890 1826 2079 1859 διαδικασίαν
1784 1824 1865 1864 γένει
1731 1826 1760 1858 ἐν
1656 1824 1705 1857 καὶ
1489 1824 1630 1857 διαδίκων
1407 1826 1463 1858 τῶν
1288 1838 1380 1858 τευσιν

1285 1872 1499 1913 προσκλήσεων
1527 1871 1601 1911 πρὸς
1629 1870 1746 1911 αὐτούς,
1773 1866 1924 1910 ἐκδόσεως
1950 1872 2001 1905 καὶ
2030 1874 2266 1911 κοινοποιήσεως
2294 1874 2353 1904 τῶν

2336 1919 2353 1950 3
2174 1918 2302 1959 ἄρθροις
2111 1920 2139 1951 ἐν
2042 1919 2079 1952 τὰ
1846 1917 2010 1955 ἀναλογίαν
1743 1915 1816 1951 κατ'
1495 1917 1709 1958 ἐφαρμόζονται
1288 1918 1462 1959 ἀποφάσεων

1287 2012 1407 2053 τροπήν.

2028 1965 2261 2006 πρωτοβάθμιον
2293 1965 2354 1997 ἐπι-
1864 1965 1996 2002 διὰτὴν
1679 1963 1833 2005 ὁριζόμενα
1500 1963 1646 2004 παρόντος
1421 1966 1467 1996 τοῦ
1286 1964 1336 1997 καὶ
1371 1965 1388 1997 4

1329 2058 1368 2089 Αἱ
1398 2056 1599 2096 συνεδριάσεις
1628 2060 1684 2097 τῆς
1712 2056 1875 2098 ἐπιτροπῆς
1904 2057 2035 2099 γίνονται
2067 2059 2097 2090 ἐν
2198 2059 2353 2097 δημοτικῷ
2126 2061 2169 2099 τῷ

2038 2106 2214 2146 ἐπιτροπῆς.
1955 2107 2012 2145 τῆς
1837 2103 1928 2144 ἕδρας
1755 2108 1809 2144 τῆς
1517 2104 1725 2143 καταστήματι
1285 2104 1302 2144 ἢ
1329 2105 1490 2143 κοινοτικῷ

1329 2151 1368 2183 Αἱ
1394 2149 1555 2187 διατάξεις
1582 2153 1629 2183 τοῦ
1658 2148 1769 2191 ἄρθρου
1796 2150 1812 2181 4
1839 2154 1886 2184 τοῦ
1913 2150 2060 2190 παρόντος
2086 2151 2200 2194 ἔχουσιν
2228 2152 2354 2193 ἐφαρμο-

1903 2198 2077 2237 ἐπιτροπὰς.
1605 2197 1874 2237 δευτεροβαθμίους
1522 2196 1577 2234 τὰς
1447 2196 1495 2229 διὰ
1369 2197 1417 2230 καὶ
1285 2198 1341 2239 γὴν

1330 2244 1358 2276 5.
1388 2243 1517 2282 Ἔφεσις
1544 2243 1733 2283 ἐπιτρέπεται
1763 2244 1810 2277 διὰ
1840 2245 1908 2283 τοὺς
1936 2245 2125 2282 ἀκολούθους
2153 2246 2281 2282 λόγους:

1331 2290 1363 2330 α)
1396 2289 1455 2323 Διὰ
1481 2290 1578 2329 κακὴν
1606 2290 1741 2322 σύνθεσιν
1769 2293 1825 2330 τῆς
1852 2292 2086 2332 πρωτοβαθμίου
2318 2291 2348 2328 β)
2112 2293 2288 2333 ἐπιτροπῆς.

2310 2344 2354 2370 ἐσ-
2175 2342 2208 2379 γ)
2244 2343 2280 2370 δι'
1942 2339 2146 2377 διαδικασίας.
1859 2341 1914 2377 τῆς
1743 2337 1829 2370 τύπου
1555 2336 1712 2373 οὐσιώδους
1362 2334 1526 2378 παράβασιν
1285 2337 1334 2370 διὰ

2305 2389 2353 2419 τοῦ
2107 2386 2275 2425 παράβασιν
2030 2385 2080 2418 διὰ
1966 2386 1996 2421 δ)
1888 2385 1937 2417 καὶ
1704 2383 1860 2424 ἐκτίμησιν
1286 2383 1438 2430 φαλμένην
1466 2384 1676 2424 πραγματικὴν

1283 2430 1380 2470 νόμου.

1650 2495 1770 2528 Γενικαὶ
1799 2496 1982 2535 Διατάξεις.

1720 2559 1860 2602 Ἄρθρον
1884 2561 1913 2594 6.

1332 2616 1358 2648 1.
1395 2616 1472 2651 Πᾶς
1503 2613 1604 2655 τρίτος
1635 2614 1712 2656 ἔχων
1746 2615 1851 2655 ἄμεσον
1882 2618 2024 2655 ἀτομικὸν
2055 2619 2199 2659 συμφέρον
2233 2620 2354 2653 δύναται

1284 2660 1494 2704 προσκληθεὶς
1524 2661 1539 2700 ἢ
1570 2662 1608 2701 μὴ
2307 2666 2355 2699 διὰ
2215 2666 2276 2700 εἴτε
2026 2667 2186 2706 συζήτησιν
1944 2663 1995 2702 τὴν
1867 2664 1913 2702 εἰς
1701 2662 1838 2706 παρέμβη
1637 2663 1673 2694 νὰ

1286 2709 1393 2750 κυρίας
1595 2709 1759 2754 προσθέτου
1790 2711 2011 2750 παρεμβάσεως
1424 2706 1484 2740 εἴτε
1516 2707 1563 2739 διὰ
2070 2713 2237 2755 ἐγγράφως
2270 2714 2356 2755 μέχρι

1286 2759 1343 2796 τῆς
2163 2764 2356 2802 προφορικῶς
2077 2761 2126 2793 καὶ
2025 2759 2041 2798 ἢ
1794 2759 1988 2797 συζητήσεως
1617 2756 1761 2800 δημοσίας
1377 2755 1492 2801 ἡμερας
1527 2757 1582 2801 τῆς

1284 2803 1476 2843 προκειμένου
1505 2803 1569 2841 περὶ
1602 2802 1766 2841 προσθέτου
1793 2804 2015 2843 παρεμβάσεως
2045 2806 2095 2839 ὃτε
2124 2807 2242 2849 γίνεται
2273 2807 2357 2848 μνεία

1286 2847 1398 2887 ταύτης
1423 2846 1528 2884 ἁπλῶς
1551 2847 1580 2878 ἐν
1605 2850 1668 2885 τοῖς
1691 2852 1882 2888 πρακτικοῖς.

1329 2894 1358 2927 2.
1387 2894 1425 2927 Ἡ
1453 2893 1538 2934 κυρία
1565 2893 1753 2934 παρέμβασις
1780 2895 1855 2929 εἶναι
1883 2898 1975 2937 δεκτὴ
2003 2899 2089 2938 μόνον
2116 2902 2146 2934 ἐν
2246 2901 2356 2942 πρώτῷ
2176 2903 2217 2940 τῷ

1285 2943 1404 2982 βαθμῷ.

1331 2988 1359 3020 3.
1385 2988 1424 3019 Αἱ
1450 2986 1602 3027 ἐπιτροπαὶ
1629 2988 1679 3020 διὰ
1704 2992 1760 3028 τῆς
1787 2990 1882 3030 αὐτῆς
1910 2992 2091 3032 ἀποφάσεως
2116 2995 2162 3027 ἐπὶ
2192 2998 2247 3033 τῆς
2274 3008 2358 3033 προσ-

2313 3055 2357 3073 τυ-
2094 3041 2284 3081 ἀσκηθείσης
2008 3044 2064 3080 τῆς
1933 3039 1978 3072 ἐπὶ
1855 3039 1904 3071 καὶ
1614 3034 1825 3075 ἀποφαίνονται
1454 3032 1585 3079 ἐφέσεως
1411 3034 1426 3073 ἢ
1286 3037 1381 3076 φυγῆς

1364 3081 1589 3122 παρεμβάσεως.
1284 3082 1336 3123 χὸν

1720 3143 1863 3185 Ἄρθρον
1887 3147 1916 3179 7.

1334 3207 1360 3238 1.
1388 3204 1427 3237 Αἱ
1455 3200 1610 3241 ἐπιτροπαὶ
1639 3199 1746 3238 ὁσάκις
1775 3200 1892 3242 κρίνουν
1923 3201 1964 3235 ὄτι
1994 3202 2043 3234 διὰ
2073 3203 2124 3241 τὴν
2300 3200 2355 3237 τῆς
2154 3201 2270 3233 ἔκδοσιν

2263 3244 2356 3284 (ἐνέρ-
2096 3248 2228 3286 στοιχεῖα
1870 3248 2067 3281 ἀποδεικτικὰ
1713 3247 1840 3280 πλείονα
1494 3248 1685 3279 ἀπαιτοῦνται
1287 3251 1463 3293 ἀποφάσεως

1285 3312 1353 3341 γεια
1390 3296 1538 3334 αὐτοψίας
1540 3313 1578 3316 --
1581 3295 1947 3334 πραγματογνωμοσύνης,
2198 3292 2355 3333 μαρτύρων
2017 3295 2162 3334 ἐξέτασις

2154 3340 2310 3380 ἀπόφασιν.
1888 3341 2123 3384 προδικαστικὴν
1709 3341 1859 3374 ἐκδώσουν
1643 3341 1680 3373 νὰ
1431 3344 1612 3374 δικαιοῦνται
1285 3345 1395 3384 κ.λ.π.)
