2371 3334
147 21 175 52 3.
204 20 251 52 Τὰ
280 20 383 60 αἱρετὰ
410 20 488 59 μέλη
513 19 589 59 μετὰ
618 22 674 51 τῶν
702 19 1002 59 ἀναπληρωματικῶν
1116 18 1161 47 ἐκ-
1032 30 1088 62 των

102 64 244 105 λέγονται
277 66 325 97 ὑπὸ
357 67 414 96 τῶν
446 66 648 104 Διοικητικῶν
678 63 870 102 Συμβουλίων
903 66 959 95 τῶν
991 65 1019 95 ἐν
1052 66 1085 102 τῇ
1117 73 1162 94 πε-

106 111 191 149 ριοχῇ
218 109 419 146 δικαιοδοσίας
447 121 493 142 του
520 109 671 140 Γ.Ο.Ε.Β.
763 108 920 140 Τ.Ο.Ε.Β.

148 157 175 190 4.
202 157 241 187 Ἡ
264 158 392 197 χρονικὴ
411 156 552 197 διάρκεια
577 160 632 195 τῆς
657 157 701 193 εἰς
727 155 770 188 τὸν
972 153 1161 192 ἐκπροσωπή-
795 154 948 187 Γ.Ο.Ε.Β.

101 214 182 237 σεως
212 202 341 236 ἑκάστου
600 201 702 241 σειρὰ
732 203 926 241 συμμετοχῆς
933 212 998 231 του
1108 197 1159 235 τὴν
1032 198 1076 234 εἰς

103 247 366 287 ἐκπροσώπησιν
396 248 438 284 ὡς
468 246 518 280 καὶ
589 245 696 287 χρόνος
726 246 857 284 θητείας
887 243 1012 275 ἑκάστου
1044 244 1159 284 αἱρετοῦ

103 293 238 332 μέλους
256 286 473 332 καθορίζεται
474 291 659 331 συμφώνως
692 294 731 329 τῷ
763 292 863 331 ἂρθρῳ
894 290 932 329 44
962 301 1030 329 παρ.
1107 287 1157 322 καὶ

104 339 121 369 6
151 342 201 370 τοῦ
229 337 283 369 ἀπὸ
314 338 439 370 13.9.59
468 339 504 370 Β.
531 335 633 374 Δ)τος
661 336 742 375 «περὶ
1012 334 1158 374 Ἐγγείω
773 337 980 376 Ὀργανισμῶν

355 379 520 423 ὁριζόμενα.
103 382 324 415 Βελτιώσεων»

146 429 177 469 5.
209 429 248 460 Ὁ
275 428 430 469 Πρόεδρος
462 430 509 459 τοῦ
537 416 730 466 Διοικητικοῦ
761 425 942 465 Συμβουλίου
954 425 1020 458 καὶ
1076 426 1159 456 ἀνα-

103 474 271 513 πληρωτὴς
314 475 398 505 αὐτοῦ
439 473 585 514 ὁρίζονται
626 472 665 503 δι'
708 470 884 513 ἀποφάσεως
993 470 1158 510 Ὑπουργοῦ
915 476 961 504 τοῦ

103 518 274 559 Γεωργίας,
308 518 444 558 προτάσει
478 519 534 556 τῆς
567 518 683 550 Υ.Ε.Β.
717 519 751 548 ἐκ
784 520 839 548 τῶν
1001 513 1157 554 Δημοσίων
871 514 986 556 μελῶν

88 558 352 605 Ὑπαλλήλων.

150 610 178 640 6.
205 610 293 648 Χρέη
318 608 525 649 Γραμματέως
555 611 639 641 ἀσκει
666 609 844 646 ὑπάλληλος
874 612 921 639 τοῦ
942 602 1164 648 Ὀργανισμοῦ,

105 653 274 695 ὁριζόμενος
294 654 335 693 δι'
364 654 538 694 ἀποφάσεως
565 658 612 686 τοῦ
856 649 1048 691 Συμβουλίου.
638 654 830 691 Διοικητικοῦ

149 700 178 731 7.
205 700 243 729 Ἡ
271 699 472 738 ἀποζημίωσις
499 704 545 731 τοῦ
571 698 734 739 Προέδρου,
761 701 817 729 τῶν
841 700 940 735 μελῶν
1037 697 1158 733 Διοικη-
966 700 1012 727 τοῦ

105 746 185 774 τικοῦ
210 744 402 782 Συμβουλίου.
427 745 469 780 ὡς
493 744 541 776 καὶ
565 747 612 775 τοῦ
633 742 852 784 Γραμματέως,
877 742 1004 782 ὁρίζεται
1027 742 1065 773 δι'
1090 743 1157 773 ἀπο-

105 788 224 829 φάσεως
253 794 299 821 τοῦ
320 790 493 830 Ὑπουργοῦ
518 781 687 828 Γεωργίας.
714 787 851 829 προτάσει
881 789 934 825 τῆς
1107 784 1156 816 καὶ
962 786 1078 818 Υ.Ε.Β.

105 833 223 875 βαρύνει
257 835 313 872 τὸν
335 833 585 876 προϋπολογισμὸν
701 834 906 874 Ὀργανισμοῦ.
620 838 668 866 τοῦ

697 896 725 927 7.
535 897 666 938 Ἂρθρον

343 959 591 998 Ἐκπροσώπησις
628 963 674 990 τοῦ
711 944 917 997 Ὀργανισμοῦ.

152 1013 190 1044 Ἠ
222 1012 450 1051 ἐκπροσώπησις
485 1015 535 1043 τοῦ
568 1012 768 1053 Ὀργανισμοῦ
799 1011 913 1052 γίνεται
945 1012 1025 1042 κατὰ
1060 1010 1094 1041 τὰ
1127 1011 1154 1041 ἐν

107 1069 172 1098 παρ.
198 1059 214 1089 8
241 1060 286 1087 τοῦ
310 1057 420 1097 ἄρθρου
445 1058 484 1088 44
509 1062 555 1089 τοῦ
580 1058 633 1089 ὰπὸ
662 1056 783 1088 13.9.59
809 1058 844 1088 Β.
990 1055 1155 1095 ὁριζόμενα.
869 1057 968 1094 Δ)τος

696 1119 724 1150 8.
534 1106 665 1159 Ἂρθρον

107 1545 142 1577 τὰ
168 1546 332 1585 συζητητέα
359 1546 488 1585 θέματα.

149 1503 204 1538 Εἰς
229 1502 324 1539 πάσας
349 1502 403 1539 τὰς
427 1502 621 1542 περιπτώσεις
646 1503 662 1540 ἡ
686 1500 867 1545 πρόσκλησις
892 1500 953 1532 δέον
977 1500 1010 1532 νὰ
1034 1501 1184 1541 περιέχῃ

105 1460 227 1495 κητικοῦ
259 1456 449 1495 Συμβουλίου.

148 1414 202 1449 τῆς
227 1413 341 1443 Υ.Ε.Β.
408 1415 442 1450 τῇ
468 1411 608 1452 ἐγγράφῳ
636 1410 747 1449 αἰτήσει
773 1415 860 1451 τριῶν
879 1413 983 1450 μελῶν
1079 1412 1179 1455 Διοι-
1010 1414 1056 1442 τοῦ

106 1373 199 1410 τοῦτο,
216 1372 253 1409 τῇ
275 1369 454 1409 προσκλήσει
476 1371 523 1400 τοῦ
544 1370 696 1409 Προέδρου
716 1370 732 1407 ἢ
753 1373 802 1400 τοῦ
1059 1367 1155 1406 αὐτοῦ,
811 1370 1037 1409 ἀναπληρωτοῦ

105 1323 263 1360 ἐκτάκτως
298 1325 326 1355 δὲ
361 1325 465 1362 ὁσάκις
499 1324 534 1355 αἱ
559 1324 686 1364 ἀνάγκαι
721 1329 768 1356 τοῦ
802 1324 999 1363 Ὀργανισμοῦ
1031 1325 1153 1354 καλοῦσι

105 1284 259 1318 τακτι		κῶς
287 1279 336 1317 μὲν
363 1280 448 1315 ἐντὸς
477 1285 523 1312 τοῦ
550 1281 664 1320 πρώτου
689 1280 874 1319 δεκαημέρου
902 1279 1024 1310 ἑκάστου
1051 1279 1154 1318 μ

ηνός,

151 1235 177 1266 1.
205 1235 246 1267 Τὸ
273 1235 463 1274 Διοικητικὸν
492 1236 674 1274 Συμβούλιον
703 1235 873 1276 συνέρχεται
976 1231 1154 1274 συνεδρίασιν
904 1234 947 1272 εἰς

320 1181 503 1221 Λειτουργία
744 1180 937 1220 Συμβουλίου.
527 1183 719 1219 Διοικητικοῦ

148 1600 176 1632 2.
203 1602 245 1634 Τὸ
270 1601 449 1641 Συμβούλιον
475 1601 641 1642 εὑρίσκεται
666 1602 694 1631 ἐν
720 1601 848 1641 ἀπαρτίᾳ
966 1599 1159 1642 παρίστανται
873 1600 941 1633 ὃταν

103 1647 188 1678 πέντε
214 1648 405 1687 τοὺλάχιστον
637 1649 775 1680 αὐτοῦ.

148 1694 175 1723 3.
204 1692 240 1724 Αἱ
270 1694 431 1733 ἀποφάσεις
459 1698 508 1725 τοῦ
532 1697 723 1732 Διοικητικοῦ
956 1692 1157 1730 λαμβάνονται
750 1693 931 1731 Συμβουλίου

102 1738 180 1769 κατὰ
204 1739 412 1780 πλειοψηφίαν,
437 1740 464 1770 ἐν
492 1739 627 1779 ἰσοψηφίᾳ
651 1739 782 1778 νικώσης
806 1741 860 1778 τῆς
884 1739 975 1779 ψήφου
1076 1739 1159 1778 Προ-
1000 1744 1046 1771 τοῦ

78 1779 207 1831 έδρου.

147 1847 174 1877 4.
210 1839 251 1879 Τὸ
285 1848 475 1887 Διοικητικὸν
511 1848 692 1887 Συμβούλιον
728 1847 870 1886 λαμβάνει
907 1847 1079 1887 ἀποφάσεις,
1113 1847 1156 1879 ἐπὶ

102 1892 212 1931 παντὸς
242 1893 378 1931 θέματος
408 1895 578 1934 ἀφορῶντος
612 1894 659 1925 τὸν
692 1894 899 1934 Ὀργανισμόν,
930 1893 1092 1933 συμφώνως
1125 1896 1158 1932 τῇ

101 1937 221 1977 κειμένῃ
243 1939 422 1979 Νομοθεσίᾳ
443 1941 491 1971 καὶ
517 1945 557 1981 τῷ
583 1939 702 1980 παρόντι
727 1938 916 1979 εἰδι	κώτερον
940 1939 985 1971 δέ:

148 1994 177 2032 α)
193 1993 358 2033 Ἐγκρίνει
387 1993 452 2029 τοὺς
477 1993 722 2031 συντασσομένους
747 1993 797 2024 ὑπὸ
823 1996 877 2032 τῆς
1111 1996 1157 2024 το
902 1993 1085 2034 Ὑπηρεσίας

102 2039 303 2078 Ὀργανισμοῦ
333 2040 545 2078 Κανονισμούς,
581 2036 786 2079 Ἐσωτερικῆς
808 2039 1014 2079 Ὑπηρεσίας,
1049 2041 1157 2079 Συντη-

101 2084 256 2123 ρήρήσεως
279 2086 328 2116 καὶ
353 2085 555 2125 Λειτουργίας
580 2088 636 2116 τῶν
661 2085 782 2125 Ἒργων
900 2086 1159 2124 διατυπωθησομέ-
806 2087 876 2116 κλπ.

100 2141 166 2165 νους
196 2130 273 2160 κατὰ
306 2130 358 2167 τὰς
388 2130 651 2170 παραδεδεγμένας
681 2130 778 2170 ἀρχὰς
835 2130 889 2170 τὰς
915 2130 1072 2168 διεπούσας
1103 2131 1157 2168 τὰς

100 2176 357 2215 συνεταιριστικὰς
385 2177 568 2216 ὀργανώσεις
597 2177 645 2208 καὶ
677 2176 747 2213 τὰς
763 2177 917 2215 ἰδιωτικὰς
945 2177 1157 2216 ἐπιχειρήσεις.

145 2221 173 2257 β)
205 2221 395 2261 Ἀποφασίζει
421 2223 470 2253 καὶ
495 2222 624 2262 ἐγκρίνει
651 2221 705 2259 τὰς
730 2222 864 2259 δαπάνας
961 2223 1157 2262 Ὀργανισμοῦ
889 2224 936 2257 τοῦ

100 2266 183 2301 ἐντὸς
212 2270 268 2297 τῶν
296 2268 381 2307 ὁρίων
410 2271 456 2299 τοῦ
484 2267 692 2308 ἐγκεκριμένου
724 2269 1038 2308 Προϋπολογισμοῦ.

141 2313 173 2352 γ)
205 2315 350 2354 Μεριμνᾶ
370 2314 415 2345 διὰ
438 2315 493 2352 τὴν
518 2314 656 2350 σύνταξιν
683 2317 737 2353 τῆς
764 2314 950 2354 ἀπογραφῆς,
1051 2315 1158 2345 Ἰσολο-
976 2317 1022 2345 τοῦ

99 2363 211 2398 γισμοῦ.
241 2362 290 2391 τοῦ
315 2362 526 2400 Λογαριασμοῦ
555 2360 803 2402 ἀποτελεσμάτων
830 2360 968 2400 χρήσεως
997 2356 1043 2390 τοῦ
1062 2373 1157 2399 προη-

99 2398 236 2443 γουμένου
257 2404 341 2442 έτους
362 2406 410 2436 καὶ
434 2409 480 2436 τοῦ
505 2406 773 2444 Προϋπολογισμοῦ
796 2408 842 2435 τοῦ
864 2404 1010 2442 ἑπομένου,
1033 2405 1153 2445 ἐλέγχει

98 2450 213 2488 πάντας
247 2451 365 2489 τούτους
398 2451 449 2484 καὶ
481 2450 643 2483 ὑποβάλλει
674 2450 781 2487 αὐτοὺς
812 2449 888 2489 μετὰ
919 2453 977 2481 τῶν
1011 2453 1156 2490 σχετικῶν

96 2494 247 2529 ἐκθέσεών
270 2509 316 2527 του
339 2498 382 2534 εἰς
406 2496 434 2527 τὸ
456 2497 648 2536 Ὑπουργεῖον
669 2495 827 2535 Γεωργίας
854 2495 1001 2534 (Υ.Ε.Β.)
1027 2496 1075 2527 καὶ
1099 2496 1149 2535 τὴν

103 2544 351 2584 Περιφερειακὴν
382 2544 555 2575 Διεύθυνσιν
584 2546 659 2576 Ε.Β.

143 2590 171 2627 δ)
202 2589 330 2629 Δι					ορίζει
356 2590 413 2621 καὶ
430 2590 512 2621 παύει
538 2589 567 2620 τὸ
592 2581 689 2627 πάσης
715 2582 827 2628 φύσεως
853 2589 1047 2629 προσωπικόν.

141 2636 198 2668 Διὰ
224 2635 253 2667 τὸ
279 2635 418 2667 τακτι		κὸν
444 2636 523 2673 ὅμως
547 2635 741 2675 προσωπικόν,
764 2634 831 2675 ὅπερ
1097 2648 1157 2666 συν-
858 2635 1072 2674 ἀπασχολεῖται

97 2684 176 2720 εχῶς
202 2682 251 2713 καὶ
278 2682 338 2721 οὐχὶ
356 2683 400 2713 δι'
425 2681 584 2720 ὡρισμένον
609 2681 723 2721 χρόνον,
750 2682 918 2711 ἀπαιτεῖται
942 2679 1067 2713 πάντοτε
1092 2694 1156 2722 σχε-

98 2727 164 2765 τικὴ
186 2727 324 2767 ἔγκρισις
423 2728 538 2759 Υ.Ε.Β.
344 2731 398 2766 τῆς

140 2773 180 2811 ε)
205 2774 387 2813 Καταρτίζει
420 2773 456 2804 τὰ
485 2760 701 2813 προγράμματα
731 2770 964 2813 καλλιεργειῶν,
1110 2775 1156 2805 τοῦ
997 2771 1078 2805 βάσει

97 2817 209 2858 ἂρθρου
234 2821 250 2851 6
278 2822 325 2851 τοῦ
351 2819 404 2850 ἀπὸ
432 2819 560 2851 13.9.59
645 2812 870 2857 Διατάγματος.
583 2820 619 2850 Β.

133 2866 188 2901 στ)
226 2865 367 2897 Δύναται.
401 2866 430 2896 ἐν
464 2868 498 2904 τῇ
531 2865 652 2903 ἀσκήσει
687 2869 743 2896 τῶν
777 2864 997 2904 ἁρμοδιοτήτων
1121 2865 1156 2896 νὰ
1032 2877 1089 2898 του.

96 2908 247 2949 ἐπιβάλλῃ
269 2909 415 2950 κυρώσεις
437 2910 453 2947 ἤ
479 2908 684 2948 ἀναγκαστικὰ
707 2908 810 2948 μέτρα,
833 2907 911 2940 κατὰ
1012 2908 1154 2946 κειμένας
934 2909 988 2945 τὰς

96 2955 265 2994 διατάξεις,
291 2956 368 2987 κατὰ
396 2960 451 2988 τῶν
476 2957 516 2995 μὴ
539 2952 766 2995 ἐκπληρούντων
793 2954 847 2991 τὰς
873 2953 1071 2995 ὑποχρεώσεις
1099 2968 1155 2988 των

75 2999 221 3042 μελῶν.

138 3058 205 3094 Τῆς
231 3057 376 3096 ἐπιβολῆς
401 3056 557 3097 κυρώσεων
626 3052 854 3096 ἀναγκαστικῶν
877 3055 994 3097 μέτρων
1020 3060 1156 3096 προηγεῖ-

94 3116 141 3134 ται
167 3102 319 3143 ἔγγραφος
345 3102 524 3147 εἰδοποίησις
550 3106 597 3134 τοῦ
621 3103 693 3133 καθ'
719 3102 748 3135 οὗ
774 3104 876 3141 ταῦτα,
922 3102 950 3132 ἐν
1017 3101 1155 3135 τάσσεται
975 3102 991 3141 ᾗ

94 3147 271 3191 προθεσμία.
303 3149 388 3186 ἐντὸς
422 3151 476 3189 τῆς
510 3148 615 3188 ὁποίας
646 3147 835 3188 προκειμένου
966 3148 1155 3189 ἀναγκασμοῦ
869 3149 931 3189 περὶ

94 3195 138 3232 εἰς
163 3193 327 3241 ἐνέργειαν,
354 3195 416 3228 δέον
431 3197 476 3229 νὰ
700 3194 781 3234 αὓτη.
503 3196 673 3236 ἐκτελεσθῇ

0 0 1 1 ἢ,,ἢΤ.Ο.Ε..Β.
,ὁἡἢ-ὁ4

1276 29 1364 63 Κατὰ
1385 26 1441 65 τῶν
1462 30 1526 71 περὶ
1548 23 1692 69 ἐπιβολῆς
1711 23 1867 72 κυρώσεων
1888 20 1904 71 ἢ
1917 23 2154 73 ἀναγκαστικῶν
2175 23 2289 74 μέτρων

1232 77 1403 117 ἀποφάσεων
1430 81 1477 109 τοῦ
1501 78 1693 115 Διοικητικοῦ
1719 77 1900 116 Συμβουλίου
1925 78 2112 119 ἐπιτρέπεται
2139 81 2302 121 προσφυγὴ

1231 126 1275 160 εἰς
1299 124 1349 162 τὴν
1371 123 1409 154 Α'
1440 123 1686 162 Περιφερειακὴν
1707 122 1880 155 Διεύθυνσιν
1902 126 1983 162 Ε.Β.
1989 125 2083 164 ἐντὸς
2105 125 2290 166 προθεσμίας

1234 173 1271 203 10
1303 169 1419 208 ἡμερῶν
1453 168 1505 200 ἀπὸ
1537 170 1591 206 τῆς
1622 169 1861 209 κοινοποιήσεως
1887 171 1992 211 αὐτῶν,
2021 170 2187 212 συμφώνως
2218 170 2291 212 πρὸς

1233 216 1288 252 τὰς
1318 213 1476 251 διατάξεις
1508 216 1561 253 τῆς
1590 218 1657 254 παρ.
1688 217 1704 247 2
1735 218 1784 246 τοῦ
1812 215 1922 257 ἄρθρου
2001 222 2049 250 τοῦ
2067 217 2131 251 ἀπὸ
2163 217 2289 251 13.9.59
1940 213 1977 254 1

1231 264 1267 294 Β.
1294 253 1519 305 Διατάγματος.
1544 260 1588 299 ἐφʹ
1615 259 1678 291 ὅσον
1705 260 1751 292 διὰ
1777 264 1831 300 τῆς
1855 261 2121 303 προσβαλλομένης
2148 263 2291 303 ἀποφάσε-

1230 321 1272 345 ως
1301 306 1441 345 θίγονται
1469 304 1659 343 δικαιώματα
1735 306 1858 345 ἔννομα
1870 307 2051 349 συμφέροντα
2081 312 2128 341 τοῦ
2261 308 2290 341 οὗ
2157 309 2230 340 καθ'

1230 353 1256 383 αἱ
1280 350 1429 391 κυρώσεις
1490 351 1525 382 τὰ
1549 351 1757 390 ἀναγκαστικὰ
1777 349 1881 394 μέτρα,
1904 353 1987 394 λόγῳ
2009 355 2051 392 μὴ
2267 354 2284 392 ἢ
2071 355 2244 394 ἐφαρμογῆς

1227 396 1326 438 κακῆς
1347 399 1520 437 ἐφαρμογῆς
1544 401 1596 436 τῆς
1619 399 1681 437 περὶ
1705 395 1820 430 Ο.Ε.Β.
1842 400 2038 438 Νομοθεσίας
2060 400 2132 432 διότι
2155 401 2201 431 δὲν
2224 413 2284 431 συν-

1231 447 1373 488 τρέχωσιν
1399 447 1426 477 αἱ
1452 446 1655 486 πραγματικαὶ
1681 446 1897 490 προϋποθέσεις
1920 449 1948 479 αἱ
2239 449 2290 487 τὴν
1971 450 2213 488 δικαιολογοῦσαι

1230 493 1370 531 ἐπιβολὴν
1399 491 1555 533 κυρώσεων
1584 493 1633 523 καὶ
1665 493 1893 533 ἀναγκαστι	κῶν
1920 492 2035 534 μέτρων
2064 494 2081 532 ἢ
2110 493 2181 525 διότι
2212 493 2291 525 κατὰ

1235 539 1284 569 τὸν
1316 537 1499 577 καθορισμὸν
1535 540 1595 568 τῶν
1628 538 1858 576 ἀναγκαστικῶν
1893 537 2008 580 μέτρων
2044 538 2153 571 ἔλαβον
2187 539 2288 579 χώραν

1434 583 1657 623 διακρίσεις.
1228 584 1399 625 χαριστικαὶ

1274 630 1304 665 ζ)
1343 623 1520 659 Ἐπιβάλλει
1554 630 1742 669 προσωπικὴν
1773 630 1914 672 ἐργασίαν
1945 630 2024 662 κατὰ
2056 633 2090 665 τὰ
2174 631 2289 672 ἄρθρῳ
2122 632 2150 661 ἐν

1230 666 1268 707 35
1297 679 1350 711 τοῦ
1363 669 1462 714 Ν.Δ.
1471 668 1637 711 3881)58
1644 671 1840 719 ὁριζόμενα.

1275 716 1306 758 η)
1340 719 1380 749 Ἡ
1407 716 1583 758 διαχείρισις
1612 722 1668 750 τῶν
1695 721 1790 760 πόρων
1810 724 1877 754 τοῦ
1884 720 2091 764 Ὀργανισμοῦ
2107 722 2283 762 ἐνεργεῖται

1230 762 1310 795 κατὰ
1334 762 1369 795 τὰ
1393 762 1442 793 ὑπὸ
1467 767 1513 794 τοῦ
1539 762 1650 803 ἄρθρου
1679 765 1715 795 15
1741 771 1807 805 παρ.
1833 767 1850 797 3
1872 766 1963 797 Ν.Δ.
1989 766 2137 804 3881)58
2163 766 2213 798 καὶ
2239 768 2284 797 τοῦ

1233 808 1343 849 ἄρθρου
1369 809 1385 839 3
1412 806 1458 839 τοῦ
1485 808 1537 839 ἀπὸ
1551 808 1690 842 13.9.59
1715 810 1815 847 Β.Δ)
1826 808 1890 846 τος
1901 809 2209 851 ὁριζόμενα.

1661 870 1797 912 ρθρον
1808 873 1856 904 9.

1516 932 1692 975 Ὑπηρεσίαι
1719 936 1779 965 τοῦ
1792 935 1999 975 Ὀργανισμοῦ

1278 989 1304 1019 1.
1332 986 1389 1018 Διὰ
1409 984 1478 1028 τὴν
1479 986 1638 1027 εὒρυθμον
1665 986 1854 1028 λειτουργίαν
1882 1002 1929 1021 του
1956 989 1989 1020 ὁ
1998 988 2198 1036 Ὀργανισμὸς
2225 993 2285 1021 δια-

1233 1033 1313 1064 θέτει
1342 1032 1507 1071 ἀναλόγους
1535 1032 1770 1072 Ὑπηρεσίας.

1276 1095 1303 1127 2.
1331 1095 1400 1125 Τῶν
1430 1093 1614 1133 Ὑπηρεσιῶν
1643 1097 1690 1125 τοῦ
1719 1095 1915 1133 Ὀργανισμοῦ
1931 1091 2132 1140 προΐσταται

1233 1139 1296 1178 τής.
1325 1138 1422 1175 Οὗτος
1450 1138 1523 1169 εἶναι
1553 1137 1582 1169 τὸ
1611 1137 1820 1171 ἐκτελεστικὸν
1847 1138 1971 1180 ὄργανον
2076 1141 2284 1180 Ὀργανισμοῦ,
2001 1143 2047 1171 τοῦ

1233 1183 1393 1221 ὑπεύθυνος
1423 1181 1518 1213 ἔναντι
1541 1187 1598 1215 τοῦ
1612 1184 1819 1222 Διοικητικοῦ
1875 1185 2058 1222 Συμβουλίου
2085 1185 2133 1217 καὶ
2165 1186 2283 1226 μετέχει

1233 1231 1288 1260 τῶν
1319 1226 1527 1268 συνεδριάσεων
1561 1231 1607 1259 τοῦ
1638 1221 1820 1267 Συμβουλίου
1849 1228 1916 1261 ἄνευ
1947 1224 2150 1269 δικαιώματος
2181 1229 2284 1272 ψήφου.

1233 1273 1321 1305 Κατὰ
1345 1273 1395 1312 τὴν
1419 1271 1536 1313 πρώτην
1560 1273 1729 1313 ἐφαρμογὴν
1753 1275 1800 1305 τοῦ
1824 1273 1969 1313 παρόντος
2025 1276 2213 1314 Διευθυντὴς
2237 1277 2284 1307 τοῦ

1233 1317 1430 1358 Ὀργανισμοῦ
1460 1316 1618 1357 διορίζεται
1640 1319 1684 1349 δι'
1714 1318 1889 1357 ἀποφάσεως
1920 1322 1966 1350 τοῦ
2188 1314 2285 1361 Γεωρ-
1997 1319 2160 1360 Ὑπουργοῦ

1233 1361 1301 1401 γίας
1323 1361 1475 1401 εἰσηγήσει
1580 1362 1696 1394 Υ.Ε.Β.
1501 1364 1555 1400 τῆς

1277 1424 1304 1456 3.
1336 1425 1372 1455 Ὁ
1401 1423 1586 1461 Κανονισμὸς
1618 1423 1822 1465 Ἐσωτερικῆς
1853 1424 2038 1466 Ὑπηρεσίας
2147 1426 2285 1467 Ὀργανι-
2070 1429 2116 1457 τοῦ

1233 1472 1300 1507 σμοῦ
1326 1467 1413 1504 θέλει
1440 1469 1598 1509 προβλέψει
1627 1470 1678 1507 τὴν
1703 1468 1886 1509 διάρθρωσιν
1914 1470 1963 1502 καὶ
1991 1470 2124 1503 σύνθεσιν
2237 1472 2285 1503 Ὑ-
2151 1475 2208 1503 τῶν

1233 1515 1388 1553 πηρεσιῶν.
1417 1512 1471 1549 τὰς
1499 1514 1716 1553 ἁρμοδιότητας
1744 1515 1849 1550 αὐτῶν,
1877 1514 1940 1552 τὰς
1958 1515 2144 1556 κατηγορίας
2171 1516 2221 1547 καὶ
2249 1516 2285 1547 τὰ

1233 1557 1375 1598 προσόντα
1402 1560 1447 1589 τοῦ
1471 1560 1656 1598 προσωπικοῦ
1681 1560 1763 1597 κλπ.,
1786 1558 1947 1599 συμφώνως
1973 1562 2013 1599 τῷ
2041 1560 2146 1601 ἄρθρῳ
2172 1562 2211 1592 45
2237 1564 2294 1593 τοῦ

1234 1602 1287 1633 ἀπὸ
1314 1602 1439 1634 13.9.59
1464 1603 1501 1634 Β.
1527 1602 1638 1639 Δ)τος,
1662 1603 1705 1640 ὡς
1716 1603 1778 1635 καὶ
1799 1604 1899 1641 πάσας
1925 1604 1979 1642 τὰς
2005 1604 2076 1646 πρὸς
2102 1605 2156 1642 τὰς
2181 1607 2285 1646 ὑπηρε-

1233 1647 1298 1684 σίας
1323 1646 1371 1679 καὶ
1400 1646 1445 1678 τὸν
1473 1639 1668 1688 Ὀργανισμὸν
1684 1647 1811 1689 σχέσεις
1837 1649 1931 1690 αὐτοῦ.

1277 1826 1303 1856 1.
1333 1825 1421 1865 Πρὸς
1443 1825 1594 1861 ἐπίτευξιν
1618 1828 1674 1857 τῶν
1695 1828 1811 1857 σκοπῶν
1951 1817 2150 1867 Ὀργανισμὸς
2173 1827 2289 1861 ἐκδίδει
1835 1838 1898 1862 του

1233 1869 1422 1908 κανονισμοὺς
1442 1869 1606 1910 συμφώνως
1631 1870 1701 1910 πρὸς
1727 1871 1781 1908 τὰς
1806 1866 1964 1908 διατάξεις
1988 1876 2034 1905 τοῦ
2059 1872 2170 1913 ἄρθρου
2196 1874 2206 1904 1
2236 1877 2282 1905 τοῦ

1233 1914 1285 1946 ἀπὸ
1315 1915 1439 1946 13.9.59
1529 1913 1638 1951 Δ)τος.
1465 1916 1502 1946 Β.

1275 1975 1303 2007 2.
1328 1975 1385 2007 Διὰ
1409 1977 1475 2013 τοὺς
1498 1974 1536 2016 μὴ
1561 1969 1829 2017 συμμορφουμένους
1848 1971 1922 2018 πρὸς
1948 1978 2015 2015 τοὺς
2040 1980 2080 2017 ὡς
2179 1981 2283 2019 Κανο-
2102 1966 2163 2011 ἄνω

1233 2020 1348 2058 νισμοὺς
1372 2020 1483 2061 ἔχουσιν
1509 2022 1676 2062 ἐφαρμογὴν
1701 2023 1729 2053 αἱ
1755 2019 1915 2065 διατάξεις
1939 2025 1996 2064 τῶν
2005 2022 2142 2064 ἄρθρων
2232 2024 2281 2056 καὶ
2168 2025 2209 2057 39

1233 2066 1272 2097 40
1298 2068 1344 2096 τοῦ
1368 2066 1457 2097 Ν.Δ.
1482 2066 1675 2105 3881)58.

1815 2129 1863 2161 11.
1650 2128 1787 2169 Ἄρθρον

1559 2191 1656 2231 Πόροι
1749 2180 1957 2231 Ὀργανισμοῦ.
1681 2181 1728 2222 τοῦ

1281 2253 1379 2293 Πόροι
1408 2255 1453 2284 τοῦ
1482 2253 1678 2293 Ὀργανισμοῦ
1705 2253 1795 2284 εἶναι:

1277 2306 1308 2343 α)
1340 2305 1387 2337 Tὰ
1412 2306 1600 2344 δικαιώματα
1625 2297 1779 2346 ἐγγραφῆς
1802 2307 1862 2338 τῶν
1888 2309 1987 2345 μελῶν
2005 2292 2074 2346 τοῦ
2078 2296 2291 2355 Ὀργανισμοῦ

1233 2334 1295 2387 ἤτοι
1320 2353 1376 2382 τῶν
1398 2351 1553 2382 Τ.Ο.Ε.Β.
1576 2351 1618 2388 ὡς
1634 2350 1688 2387 καὶ
1712 2352 1814 2383 ἄλλων
1837 2355 1961 2390 νομικῶν
1986 2355 2002 2393 ἢ
2173 2354 2283 2394 προσώ-
2024 2356 2151 2392 φυσικῶν

1233 2407 1302 2435 πων,
1327 2395 1365 2434 μὴ
1390 2394 1611 2434 ἐντεταγμένων
1638 2396 1680 2434 εἰς
1707 2396 1874 2435 Τ.Ο.Ε.Β.,
1899 2396 2052 2437 ὁριζόμενα
2146 2398 2283 2441 δραχμὰς
2076 2399 2120 2434 εἰς

1234 2438 1279 2472 δύο
1305 2438 1359 2471 ἀνὰ
1379 2439 1511 2479 στρέμμα
1536 2440 1579 2479 ἐφ'
1605 2440 1696 2477 ἅπαξ.

1277 2483 1368 2516 Μετὰ
1395 2484 1453 2523 τὴν
1471 2485 1604 2517 σύστασίν
1632 2497 1688 2516 των
1714 2487 1737 2517 οἱ
1766 2478 1866 2517 οἰκεῖοι
2074 2487 2280 2527 ὑποχρεοῦνται
1893 2487 2049 2518 Τ.Ο.Ε.Β.

1234 2529 1277 2566 εἰς
1304 2530 1354 2568 τὴν
1380 2522 1550 2568 καταβολὴν
1576 2529 1759 2568 δικαιώμαος
1784 2531 1939 2570 ἐγγραφῆς
1964 2533 1999 2562 δι'
2010 2531 2075 2563 ὅσα
2101 2532 2280 2572 στρέμματα.

1234 2576 1289 2612 τῆς
1317 2576 1459 2615 περιοχῆς
1488 2574 1687 2612 δικαιοδοσίας
1717 2587 1801 2616 των,
1813 2575 1859 2606 δὲν
1888 2574 1948 2615 ἔχει
1979 2575 2068 2606 εἰσέτι
2097 2580 2281 2616 καταβληθῆ

1223 2617 1335 2657 τοῦτο.

1271 2664 1302 2703 β)
1333 2665 1371 2694 Αἱ
1400 2664 1495 2702 πάσης
1523 2655 1637 2704 φύσεως
1665 2664 1804 2704 εἰσφοραὶ
1822 2666 1920 2701 μελῶν
1949 2660 1998 2695 καὶ
2027 2665 2132 2706 τρίτων
2160 2667 2279 2699 ἐπιβαλ-

1233 2708 1347 2748 λόμεναι
1374 2710 1424 2742 ὑπὸ
1450 2714 1496 2742 τοῦ
1522 2711 1717 2750 Ὀργανισμοῦ
1744 2709 1815 2750 πρὸς
1837 2704 2056 2750 ἐξυπηρέτησιν
2082 2715 2138 2743 τῶν
2150 2716 2278 2752 σκοπῶν

1228 2756 1297 2796 του.

1272 2803 1310 2843 γ)
1340 2803 1377 2833 Αἱ
1409 2802 1491 2846 τυχὸν
1522 2803 1620 2840 ἄμεσοι
1697 2804 1815 2849 ἔμμεσοι
1840 2800 2029 2842 ἐπιδοτήσεις
2046 2805 2119 2847 τοῦ
2127 2796 2288 2848 Δημοσίου

1233 2850 1270 2886 ὡς
1367 2849 1481 2881 δάνεια.
1294 2850 1342 2881 καὶ

1275 2897 1303 2934 δ)
1330 2896 1369 2926 Αἱ
1382 2895 1488 2934 πάσης
1514 2895 1626 2935 φύσεως
1651 2888 1781 2940 πρόσοδοι
1806 2896 1839 2926 ἐκ
1862 2898 1998 2938 παροχῶν
2050 2886 2238 2936 ὑπηρεσιῶν.

1281 2944 1308 2982 ε)
1330 2942 1445 2973 Πᾶσα
1477 2942 1560 2981 ἄλλη
1578 2941 1730 2982 πρόσοδος
1760 2940 1972 2981 περιερχομένη
2001 2940 2129 2980 νομίμως
2161 2942 2205 2978 εἰς
2230 2942 2282 2975 τὸν

1233 2987 1439 3027 Ὀργανισμόν.

1648 3034 1784 3074 Ἄρθρον
1817 3033 1864 3065 12.

1616 3097 1858 3139 Διαχειριστικά:

1279 3153 1304 3186 1.
1327 3154 1369 3186 Τὸ
1391 3154 1580 3193 οἰκονομικὸν
1594 3142 1659 3192 ἔτος
1682 3154 1729 3184 διὰ
1750 3153 1801 3191 τὴν
1809 3144 2000 3195 διαχείρισιν
2008 3141 2078 3188 τοῦ
2079 3138 2300 3202 Ὀργανισμοῦ

1233 3199 1384 3239 συμπίπτει
1411 3200 1481 3243 πρὸς
1510 3200 1539 3234 τὸ
1568 3199 1818 3240 ἀκολουθούμενον
1845 3197 1894 3232 ὑπὸ
1922 3194 1968 3232 τοῦ
1994 3195 2149 3239 Δημοσίου.

1642 1769 1858 1816 Κανονισμοί.

1213 0 1214 1 ἢἢἌἢ
1814 1711 1862 1743 10.
1649 1710 1785 1752 Ἄρθρον
