2496 3500
97 118 121 146 σ’
146 118 218 155 αὐτὴ
240 120 290 154 τὴν
313 120 384 159 ἕδρα
408 121 453 152 καὶ
477 122 537 162 ἔχω
561 124 609 162 τὴν
635 124 800 159 ἀθωότητα
821 126 856 157 νὰ
877 127 1002 159 πιστεύω
1024 127 1066 160 ὅτι
1090 129 1170 164 ὅταν

98 162 148 192 ἕνα
173 164 293 203 πράγμα
318 166 391 198 εἶναι
419 166 526 208 δίκαιο,
552 169 596 200 θὰ
620 169 721 208 πρέπει
746 171 781 201 νὰ
806 174 957 211 θεωρηθῆ
981 173 1079 205 δίκαιο
1104 175 1155 204 ἀπὸ

96 208 184 243 ὅλους
213 209 324 250 ἄσχετα
352 212 406 243 ἀπὸ
435 213 593 253 Κόμματα,
624 215 803 255 ἰδεολογίες,
831 219 1000 255 γυναικείες
1031 221 1169 260 ὀργανώ-

96 266 158 289 σεις
185 258 454 297 τηλεγραφήματα,
479 260 514 290 νὰ
540 259 677 300 ἐκφράσω
703 263 754 298 τὴν
780 263 851 302 εὐχὴ
877 263 918 294 ὅτι
945 265 1012 296 αὐτὸ
1039 266 1068 297 τὸ
1093 266 1156 306 σχέ-

96 300 138 329 διο
163 300 257 341 νόμου,
284 303 351 333 αὐτὸ
379 303 409 335 τὸ
436 308 513 340 βῆμα
540 309 594 343 τῆς
620 307 777 347 γυναίκας,
803 309 853 340 ποὺ
879 309 998 349 ἔρχεται
1026 312 1060 342 νὰ
1085 315 1156 347 πλη-

95 344 185 376 σιάσει
212 347 277 378 ἐκεῖ
302 349 352 379 ποὺ
379 350 480 389 πρέπει
506 351 542 382 νὰ
569 352 689 391 φθάσει,
718 353 757 384 θὰ
783 354 884 394 πρέπει
910 356 947 386 νὰ
971 355 1000 386 τὸ
1031 361 1167 397 παραδε-

95 393 183 431 χθοῦν
209 394 298 429 ὅλοι.

136 454 193 484 Δὲν
221 455 293 486 εἶναι
321 458 438 488 δυνατὸν
465 459 501 488 νὰ
526 460 580 497 μὴν
606 464 832 502 παραδεχθῆτε,
859 463 900 495 ὅτι
928 465 1001 496 εἶναι
1029 466 1079 497 ἕνα
1106 470 1153 506 βῆ-

90 511 129 535 μα
155 499 228 539 πρὸς
253 503 304 540 τὴν
331 503 453 538 ἰσότητα
480 504 526 535 καὶ
554 506 597 536 δὲν
625 507 699 537 εἶναι
725 508 845 540 δυνατὸν
870 509 905 540 νὰ
928 510 1050 550 ὑπάρχει
1076 512 1149 543 ἔστω

90 544 139 574 καὶ
164 545 235 582 ἕνας
261 547 422 587 ἄνθρωπος
447 550 470 579 σ’
498 551 570 589 αὐτὴ
594 553 645 591 τὴν
671 553 777 594 Χώρα,
803 555 815 586 ὁ
840 556 939 592 ὁποῖος
963 557 998 587 νὰ
1022 558 1076 596 μὴν
1101 571 1164 594 πα-

91 590 247 629 ραδέχεται
278 593 319 623 ὅτι
350 595 366 628 ἡ
394 595 538 634 παρουσία
567 596 610 637 ὄχι
642 601 698 637 τῆς
726 599 897 642 γυναίκας,
913 602 994 633 ἀλλὰ
1023 604 1063 634 10
1063 619 1108 627 -
1111 605 1148 634 15

93 637 238 676 χιλιάδων
268 642 578 679 μετεκπαιδευομένων
611 644 779 684 ἀνθρώπων
807 646 854 679 δὲν
885 648 924 679 θὰ
955 648 1074 688 αὐξήση
1104 664 1151 689 ση-

87 683 215 718 μαντικὰ
240 683 269 714 τὸ
296 685 405 724 μάχιμο
431 688 552 718 ποσοστὸ
580 692 626 720 τοῦ
654 688 838 726 Ἑλληνικοῦ
862 694 996 732 Στρατοῦ
1022 695 1070 725 καὶ
1098 697 1147 731 τὴν

89 727 231 765 ἀμυντικὴ
258 731 420 766 ἱκανότητα
448 736 501 772 τῆς
526 734 666 774 Χώρας.
680 736 777 772 Ὅσες
802 738 846 769 δὲν
873 739 981 771 θέλουν
1006 741 1042 771 νὰ
1065 744 1164 785 πᾶνε,

89 774 120 803 νὰ
152 776 205 811 μὴν
236 776 335 814 πᾶνε.
352 777 447 814 Ὅσες
484 779 563 816 ὅμως
595 781 705 814 θέλουν
735 782 771 813 νὰ
801 788 1082 826 μετεκπαιδευθοῦν,
1112 788 1148 816 νὰ

85 818 158 847 εἶναι
184 821 326 859 χρήσιμες
354 823 404 862 τὴν
430 824 494 864 ὥρα
518 829 574 863 τῆς
599 827 747 868 ἀνάγκης,
773 828 839 867 ὅσες
866 830 895 862 τὸ
919 831 1040 872 θέλουν,
1066 833 1144 872 γιατί

85 864 118 893 νὰ
146 866 213 901 τοὺς
240 866 268 897 τὸ
296 867 482 909 ἀρνηθοῦμε;

133 927 234 963 Ποιός
260 930 461 966 ἀναλαμβάνει
491 934 563 972 αὐτὴ
589 936 640 974 τὴν
667 935 731 977 ὥρα
757 938 807 977 τὴν
834 940 941 978 εὐθύνη
966 942 1003 971 νὰ
1026 944 1074 981 πῆ,
1101 942 1142 972 ὅτι

83 973 98 1010 ἡ
126 973 252 1009 γυναίκα
279 976 326 1007 δὲν
354 978 455 1012 πρέπει
487 979 521 1010 νὰ
549 984 730 1021 στρατευθῆ,
757 985 782 1015 σ’
810 985 898 1021 αὐτὲς
926 987 971 1022 τὶς
999 988 1142 1022 δύσκολες

81 1017 130 1047 καὶ
160 1019 342 1058 ἐπικίνδυνες
372 1024 496 1063 στιγμὲς
524 1026 575 1056 ποὺ
604 1031 762 1067 περνοῦμε;
790 1030 873 1062 Διότι
903 1032 991 1070 αὐτὴν
1021 1034 1072 1072 τὴν
1101 1035 1143 1064 ἐν-

83 1076 195 1103 ίσχυση,
224 1066 290 1097 αὐτὸ
318 1067 365 1099 τὸν
394 1070 607 1114 ἐμπλουτισμό,
630 1073 675 1104 δὲν
704 1078 808 1115 μπορεῖ
833 1077 867 1107 νὰ
894 1079 950 1114 μᾶς
978 1078 1025 1110 τὸν
1055 1080 1139 1111 δώσει

85 1110 211 1147 κανείς.
225 1112 324 1149 Ὅλες
348 1115 371 1145 οἱ
400 1116 523 1154 φιλικὲς
544 1118 695 1157 δυνάμεις,
722 1122 746 1152 οἱ
768 1122 919 1162 πλούσιες,
945 1125 1140 1163 προστάτιδες

79 1156 95 1192 ἢ
118 1155 173 1195 ὄχι,
198 1161 318 1197 μποροῦν
342 1161 377 1191 νὰ
402 1162 564 1201 ἐνισχύσουν
589 1164 636 1195 τὸν
662 1166 827 1201 Ἑλληνικὸ
851 1169 980 1209 Στρατό,
1003 1170 1036 1209 μὲ
1060 1172 1153 1211 ἀερο-

78 1202 187 1241 πλάνα,
222 1205 322 1243 πλοῖα,
358 1205 447 1246 ὅπλα,
483 1209 659 1248 πυραύλους,
696 1211 800 1252 τάνκς,
838 1214 920 1246 ἀλλὰ
954 1216 1056 1252 κανεὶς
1091 1217 1137 1248 δὲν

77 1249 179 1283 μπορεῖ
201 1248 236 1279 νὰ
259 1249 304 1280 τὸν
328 1251 470 1288 ἐνισχύσει
496 1254 526 1291 μὲ
550 1254 659 1294 ἔμψυχο
682 1257 791 1295 ὑλικό.
800 1259 900 1290 Μόνον
925 1262 1003 1296 ἐσεῖς
1025 1263 1138 1302 σήμερα

77 1291 133 1322 ἐδῶ
159 1292 232 1330 μέσα
258 1298 395 1334 μπορεῖτε
421 1298 453 1335 μὲ
480 1298 530 1336 μία
555 1303 641 1340 ψῆφο,
666 1302 701 1339 μὲ
727 1303 778 1333 ἕνα
803 1304 898 1344 «ναί»,
923 1306 958 1337 νὰ
982 1309 1145 1349 προσφέρε

76 1350 107 1367 τε
130 1337 193 1368 στὸν
221 1339 342 1370 Ἐθνικό
367 1354 425 1379 μας
448 1344 584 1387 Στρατό,
600 1346 669 1385 στὴν
696 1348 834 1380 Ἑλλάδα
857 1350 907 1385 μία
930 1352 1063 1392 ἐνίσχυση
1086 1356 1135 1386 ποὺ

76 1382 118 1413 θὰ
141 1383 224 1413 δώσει
250 1384 302 1416 νέα
325 1387 480 1427 διάσταση,
504 1389 557 1422 νέα
580 1391 701 1430 δύναμη,
724 1394 772 1425 νέο
798 1395 922 1436 θάρρος,
947 1398 1011 1429 στὸν
1038 1399 1148 1438 Ἐθνι-

75 1427 107 1458 κό
133 1441 190 1466 μας
216 1431 358 1470 Στρατό.

119 1491 212 1528 Ἴσως
239 1494 338 1524 λοιπὸν
366 1496 400 1527 νὰ
427 1496 500 1528 εἶναι
529 1499 673 1537 ἀθωότης
702 1503 718 1540 ἢ
743 1503 882 1543 ἔλλειψις
909 1506 1025 1547 πείρας,
1053 1509 1134 1539 ἀλλὰ

72 1536 197 1567 πιστεύω
225 1537 274 1569 ὅτι
296 1540 368 1577 αὐτὴ
400 1542 415 1580 ἡ
442 1544 644 1584 δικαιολογία,
673 1547 745 1585 αὐτὴ
773 1549 788 1587 ἡ
816 1553 1064 1590 πραγματικότης
1094 1557 1134 1584 θὰ

76 1582 178 1621 πρέπει
206 1583 239 1614 νὰ
266 1587 322 1621 σᾶς
351 1590 406 1626 βρῆ
429 1587 519 1625 ὅλους
551 1590 746 1629 σύμφωνους.
766 1595 1105 1639 (Χειροκροτήματα).
