2496 3492
78 45 121 74 τὸν
153 43 231 75 Τόπο
250 53 319 88 μας
350 63 392 65 ‒
426 41 488 72 οὔτε
523 42 573 75 τὴν
605 39 794 77 Κυβέρνηση,
821 36 917 76 κύριοι
947 33 1132 67 συνάδελφοι,

77 90 139 120 οὔτε
168 89 197 121 τὸ
230 90 347 127 Κόμμα,
376 88 440 119 οὔτε
473 87 520 123 τὶς
552 87 706 124 γυναῖκες,
736 83 804 114 οὔτε
829 81 897 117 τοὺς
926 79 1060 118 ἄντρες.
1072 78 1155 108 Κα-

77 156 165 180 νενα.
183 144 245 179 Τὴν
275 140 413 171 Ἑλλάδα
443 136 494 168 ποὺ
523 135 585 173 ἔχει
619 131 740 168 ἀνάγκη
768 129 842 166 αὐτὴ
871 128 906 164 τὴ
938 125 1049 161 στιγμὴ
1081 122 1132 150 ἀπὸ

78 190 239 230 ἐνίσχυση.

123 270 182 301 Καὶ
214 269 275 308 πρὶν
313 266 412 308 φτάσω
443 265 491 295 στὸ
526 260 570 290 πιὸ
605 260 713 289 θετικὸ
745 254 823 292 θέμα
855 254 902 284 τοῦ
935 247 1134 289 νομοσχεδίου,

79 319 180 354 ἐπειδὴ
209 314 275 345 αὐτὸ
309 313 352 343 τὸν
386 309 544 342 τελευταῖο
576 303 659 343 καιρὸ
694 303 748 337 καὶ
780 300 845 336 στὶς
877 295 1054 336 ἐφημερίδες
1084 292 1133 321 καὶ

80 366 186 393 παντοῦ
212 361 335 399 ὑπάρχει
364 358 414 396 μιὰ
445 355 545 386 τέτοια
578 349 737 387 ἀνισότητα
769 347 818 379 στὸ
852 344 932 380 θέμα
965 344 1021 371 τῶν
1051 341 1152 374 δημο-

79 410 212 440 σιεύσεων
242 407 290 438 καὶ
320 405 384 436 ὅλοι
415 400 601 437 διαβάζουμε,
630 396 751 434 ἀκοῦμε,
779 390 978 431 μαθαίνουμε,
1004 387 1136 425 παίρνου-

80 469 111 493 με
140 452 401 492 τηλεγραφήματα
426 448 477 488 γιὰ
509 445 553 480 τὶς
586 441 737 475 κοπέλλες
766 439 812 470 καὶ
841 437 887 472 τὶς
915 433 1059 466 ἑνώσεις
1086 430 1135 459 ποὺ

80 506 125 531 δὲν
154 500 261 531 θέλουν
293 498 342 535 τὴν
374 493 551 534 στράτευση,
584 490 695 526 ἀφῆστε
721 499 757 525 με
784 485 817 515 νὰ
845 485 900 518 σᾶς
928 478 1060 508 διαβάσω
1085 477 1135 505 ἕνα

80 547 163 586 μικρὸ
190 543 316 582 κομμάτι
346 541 398 571 ἀπὸ
432 539 477 576 τὶς
505 538 650 576 γυναῖκες
678 533 726 563 ποὺ
756 531 805 567 τὴν
838 529 979 566 θέλουν.

126 609 195 640 Λέει
227 609 245 643 ἡ
274 605 430 645 φοιτήτρια
459 600 581 638 Σάντρα
608 594 778 633 Καμπάση:
807 591 882 624 «Δὲν
909 589 1014 629 ἔχουμε
1039 586 1138 625 γυναῖ-

81 668 133 692 κες
160 653 363 691 σκοπεύτριες,
390 648 485 688 σκιέρ,
514 644 731 686 ὀρειβάτισσες,
756 638 905 679 δρομεῖς;
921 634 1008 666 Γιατί
1035 630 1135 663 λοιπὸν

81 703 124 732 δὲν
156 702 278 740 μποροῦν
309 697 345 728 νὰ
377 693 591 725 ἐκπαιδευθοῦν
624 688 678 722 στὰ
711 687 799 724 ὅπλα,
835 683 900 719 στὶς
937 676 1137 716 καταδρομές,

81 749 145 782 στὶς
173 748 306 787 πορεῖες;
336 742 377 774 Ἡ
404 739 530 781 γυναίκα
561 737 610 768 ποὺ
639 733 793 767 σπουδάζει
823 730 873 761 στὸ
906 723 1137 758 Πανεπιστήμιο

82 794 216 835 γιατρός,
244 791 289 822 δὲν
317 790 357 821 θὰ
381 788 525 827 μποροῦσε
548 783 586 814 νὰ
615 779 770 812 σπουδάσει
800 777 922 814 ἰατρικὴ
947 772 1016 808 στὴν
1043 770 1139 808 Στρα-

85 840 209 878 τιωτικὴ
234 837 370 874 Ἰατρικὴ
397 833 519 873 Σχολή;
543 831 589 861 Ἢ
615 830 631 866 ἡ
656 825 783 866 γυναίκα
809 824 859 854 ποὺ
884 822 968 861 φοιτᾶ
995 817 1043 846 στὸ
1074 815 1153 844 Πο-

82 888 244 926 λυτεχνεῖο,
268 883 317 913 δὲν
343 881 385 912 θὰ
411 879 553 918 μποροῦσε
582 875 615 906 νὰ
642 873 727 913 γίνει
744 866 954 904 ἀξιωματικὸς
983 867 1038 894 τῶν
1068 862 1136 890 Δια-

83 932 223 962 βιβάσεων
257 931 272 967 ἢ
305 931 350 959 τοῦ
379 924 587 965 Μηχανικοῦ;
608 920 669 951 Καὶ
698 913 768 949 ὅταν
797 914 871 951 λέμε
899 913 943 944 ὅτι
971 913 984 942 ὁ
1010 907 1137 943 στρατὸς

83 979 156 1009 εἶναι
182 976 233 1016 γιὰ
258 975 290 1007 τὸ
314 974 400 1013 ἀγόρι
430 972 481 1002 ἕνα
507 967 624 1007 μεγάλο
653 961 786 1003 σχολεῖο,
809 961 859 992 δὲν
887 958 928 989 θὰ
954 956 1060 995 ἔπρεπε
1090 952 1137 981 ἀπ’

83 1025 150 1056 αὐτὸ
176 1024 204 1054 τὸ
228 1021 343 1061 μεγάλο
370 1016 489 1059 σχολειὸ
514 1015 548 1045 νὰ
575 1011 693 1052 περάσει
721 1008 770 1041 καὶ
798 1009 815 1043 ἡ
841 998 1033 1039 κοπέλλα;».

126 1071 185 1101 Καὶ
209 1070 272 1101 λέει
298 1067 346 1106 μία
372 1066 465 1102 ἄλλη,
490 1063 508 1101 ἡ
533 1060 631 1096 Πόπη
652 1056 789 1093 Δρέζου:
799 1052 900 1089 «Αὐτὴ
925 1051 941 1088 ἡ
965 1047 1139 1087 στράτευση,

84 1115 270 1156 ἀναμφίβολα
302 1112 376 1143 εἶναι
405 1111 455 1141 ἕνα
484 1109 598 1146 μεγάλο
630 1106 707 1140 βῆμα
739 1101 812 1140 πρὸς
845 1097 879 1129 τὰ
909 1094 1000 1135 μπρὸς
1031 1092 1080 1129 γιὰ
1110 1090 1138 1120 τὸ

85 1164 237 1194 Γυναικεῖο
260 1159 404 1196 Κίνημα.
417 1156 474 1193 Ἐξ
499 1154 559 1185 ἴσου
583 1150 697 1191 μεγάλο
723 1149 765 1179 θὰ
791 1147 886 1183 ἔλεγα
909 1142 944 1180 μὲ
969 1141 997 1170 τὸ
1022 1138 1140 1168 δικαίω-

83 1223 120 1245 μα
147 1212 200 1246 τῆς
227 1207 353 1246 ψήφου.
356 1204 417 1237 Ἂς
443 1200 600 1235 ἐλπίσουμε
621 1194 750 1234 μονάχα,
774 1191 837 1228 πὼς
863 1189 987 1225 σύντομα
1015 1187 1031 1225 ἡ
1057 1190 1155 1221 σημε-

85 1257 150 1294 ρινὴ
177 1251 360 1287 ἐθελοντικὴ
387 1248 481 1287 μορφὴ
513 1248 568 1281 τῆς
596 1241 823 1280 στρατιωτικῆς
850 1234 992 1274 θητείας,
1020 1231 1061 1261 θὰ
1092 1229 1141 1258 ἀλ-

85 1301 185 1342 λάξει
207 1299 342 1338 γρήγορα
373 1295 404 1327 σὲ
431 1288 666 1333 ὑποχρεωτική.
678 1284 809 1322 Γεγονὸς
836 1283 887 1314 ποὺ
917 1280 956 1311 θὰ
989 1275 1139 1315 ἀφαιρέσει

85 1347 137 1379 ἀπὸ
166 1348 195 1379 τὸ
223 1342 342 1384 ἀντρικὸ
368 1338 573 1377 κατεστημένο
598 1334 648 1365 καὶ
675 1332 707 1363 τὸ
733 1329 891 1361 τελευταῖο
919 1336 966 1356 του
991 1322 1142 1360 ἐπιχείρη-

86 1407 122 1431 μα
150 1392 198 1433 γιὰ
226 1388 386 1430 φυλετικὲς
411 1384 579 1421 διακρίσεις
606 1379 717 1416 κυρίως
745 1376 800 1408 στὰ
827 1373 963 1411 ἀνώτερα
989 1367 1142 1402 πολιτικά,

86 1436 255 1477 διοικητικὰ
291 1435 339 1467 καὶ
371 1430 544 1469 οἰκονομικὰ
577 1426 751 1464 ἀξιώματα,
782 1422 832 1452 ποὺ
863 1420 928 1451 τόσο
964 1413 1140 1453 πεισματικὰ

89 1484 210 1525 κρατάει
240 1485 286 1514 τοῦ
313 1481 402 1519 λόγου
430 1490 535 1513 του».

130 1566 230 1597 Ἀλλὰ
256 1563 297 1594 θὰ
324 1562 425 1600 ἤθελα
447 1559 484 1589 νὰ
506 1555 667 1597 προσθέσω
690 1553 742 1589 μιὰ
765 1549 949 1587 παρένθεση,
973 1544 1026 1584 γιὰ
1050 1542 1086 1574 νὰ
1111 1542 1149 1579 μὴ

90 1613 215 1650 νομίζετε
248 1609 290 1641 ὅτι
321 1604 536 1647 παραμερίζω,
555 1604 605 1640 τὴ
636 1597 830 1638 μειονεκτικὴ
859 1594 938 1631 θέση
966 1593 1035 1629 στὴν
1066 1586 1149 1619 ὁποία

87 1659 235 1699 βρίσκεται
270 1655 366 1693 ἀκόμα
393 1654 508 1690 σήμερα
538 1651 554 1688 ἡ
584 1647 714 1688 γυναίκα
742 1644 810 1681 στὴν
845 1639 1002 1676 Ἑλλάδα.

131 1723 239 1755 Ὅπως
271 1720 384 1757 εἴπαμε,
418 1716 445 1746 τὸ
478 1714 641 1751 Σύνταγμα
670 1713 720 1739 τοῦ
752 1708 834 1738 1975
864 1705 987 1736 θέσπισε
1013 1699 1149 1736 ἀνεπιφύ-

87 1773 186 1800 λακτα
215 1768 264 1804 τὴν
299 1764 421 1802 ἰσότητα
452 1763 507 1792 τῶν
540 1759 662 1799 φύλων.
679 1753 821 1791 Γνωρίζω
853 1751 894 1784 ὅτι
927 1750 982 1780 ἀπὸ
1012 1747 1147 1783 ἀπόψεως

87 1815 316 1854 Οἰκογενειακοῦ
345 1808 469 1840 Δικαίου
496 1808 515 1845 ἡ
539 1804 668 1845 γυναίκα
694 1800 845 1841 βρίσκεται
874 1799 935 1828 ἐκεῖ
962 1795 1010 1827 ποὺ
1038 1791 1151 1833 βρισκό-

87 1875 137 1892 ταν
161 1862 220 1891 ἐδῶ
247 1859 295 1889 καὶ
325 1857 387 1888 100
412 1854 535 1895 χρόνια.
553 1851 637 1882 Εἶναι
667 1848 764 1886 ἀκόμα
791 1845 842 1884 μία
867 1841 1016 1882 μειωμένη
1041 1851 1156 1879 προσω-

86 1907 242 1942 πικότητα,
273 1905 325 1935 ποὺ
352 1903 461 1941 παίζει
481 1899 600 1936 δεύτερο
634 1896 704 1936 ρόλο
734 1894 803 1930 στὴν
837 1890 1017 1928 οἰκογένεια,
1047 1888 1155 1916 ὑποτα-

96 1953 180 1992 γμένη
211 1951 272 1982 στὸν
307 1948 448 1989 πατέρα,
462 1945 525 1976 στὸν
560 1944 673 1980 σύζυγο,
706 1940 769 1975 στὸν
802 1937 891 1978 γυιό.
914 1935 1038 1971 Πόρτες
1069 1935 1161 1967 κλει-

88 2000 166 2034 στές,
192 1997 295 2032 θέσεις
319 1993 466 2031 κρατικὲς
495 1989 591 2028 ἀκόμα
618 1984 871 2027 ἀπαγορευμένες,
893 1981 1052 2020 ἐξάρτηση
1077 1979 1155 2010 οἰκο-

88 2045 214 2086 νομική.
231 2042 332 2074 Ἀλλὰ
359 2041 392 2071 τὸ
419 2039 499 2076 θέμα
521 2037 570 2067 δὲν
599 2035 672 2065 εἶναι
701 2032 772 2063 πόσο
796 2029 922 2068 μακρύς,
953 2026 1072 2063 ἀνιαρὸς
1102 2024 1149 2054 καὶ

90 2092 230 2125 δύσκολος
262 2089 334 2120 εἶναι
366 2088 377 2118 ὁ
408 2084 513 2125 δρόμος
543 2081 616 2122 πρὸς
647 2082 698 2117 τὴν
731 2077 866 2114 ἰσότητα,
896 2074 977 2105 ἀλλὰ
1002 2073 1102 2115 πάλι,
1119 2070 1149 2100 ἂν

91 2138 156 2168 αὐτὸ
181 2136 210 2168 τὸ
234 2138 332 2177 βῆμα,
347 2133 396 2164 ποὺ
424 2131 548 2168 κάνουμε
573 2129 687 2165 σήμερα
710 2125 782 2155 εἶναι
808 2122 879 2162 πρὸς
904 2122 955 2158 τὴν
979 2119 1080 2155 σωστὴ
1103 2129 1149 2146 κα-

90 2184 259 2220 τεύθυνση.

135 2266 212 2304 Εἶχα
240 2264 289 2300 τὴν
319 2259 458 2300 εὐκαιρία
488 2258 520 2289 νὰ
550 2257 641 2293 μάθω
668 2251 830 2293 ὡρισμένες
860 2246 1072 2285 λεπτομέρειες
1102 2245 1153 2285 γιὰ

94 2312 141 2346 τὴν
167 2309 363 2348 προσπάθεια,
390 2306 438 2337 ποὺ
463 2304 578 2344 γίνεται
604 2302 687 2332 πάνω
712 2299 776 2329 στὸν
803 2295 925 2328 Ἀστικὸ
947 2294 1077 2324 Κώδικα
1103 2292 1153 2321 ἀπὸ

91 2356 242 2396 ἐπιτροπή,
269 2354 318 2384 ποὺ
345 2350 512 2392 προεδρεύει
537 2348 593 2380 ἀπὸ
620 2347 666 2379 τὸν
695 2345 859 2383 συνάδελφο
885 2342 967 2381 κύριο
989 2341 1093 2375 Γαζῆ.
1107 2338 1155 2368 Γί-

90 2415 180 2436 νεται
196 2401 268 2432 πολὺ
289 2399 412 2438 μεγάλη
433 2395 624 2436 προσπάθεια
648 2392 694 2424 καὶ
721 2390 893 2427 οὐσιαστικὴ
912 2385 1051 2427 ἐργασία,
1073 2384 1163 2424 γιατὶ

93 2450 128 2480 τὰ
153 2450 273 2481 θέματα
272 2467 317 2475 ‒
320 2446 356 2476 τὰ
383 2444 490 2483 ξέρετε
516 2441 670 2479 καλύτερα
695 2438 750 2469 ἀπὸ
772 2437 848 2471 μένα
847 2456 889 2458 -
892 2435 968 2464 εἶναι
996 2431 1153 2467 τεράστιας

93 2494 237 2534 σημασίας
269 2492 315 2523 καὶ
346 2490 505 2527 τεράστιας
534 2486 795 2523 λεπτομερειακῆς
824 2479 1003 2515 δυσκολίας.
1025 2479 1058 2509 Σ’
1089 2476 1155 2506 αὐτὸ

94 2541 140 2572 δύο
159 2539 321 2578 πράγματα
342 2537 383 2568 θὰ
405 2536 508 2570 ἤθελα
527 2534 563 2565 νὰ
581 2535 642 2563 πῶ:
671 2532 833 2570 Πρῶτον,
840 2527 881 2559 ὅτι
905 2529 923 2564 ἡ
941 2525 1086 2563 ἐπιτροπὴ
1104 2523 1155 2552 ποὺ

93 2588 124 2616 τὸ
145 2587 256 2621 μελετᾶ
274 2585 337 2624 ἔχει
361 2583 393 2613 τὸ
414 2583 491 2618 ἑξῆς
515 2583 705 2615 διαφορετικὸ
728 2576 780 2607 ἀπὸ
802 2575 850 2609 τὶς
869 2572 1075 2611 περισσότερες
1099 2570 1156 2599 ἐπι-

95 2632 198 2672 τροπὲς
232 2631 282 2661 ποὺ
314 2629 373 2669 ἐγὼ
409 2627 602 2667 τοὐλάχιστον
634 2622 915 2660 παρακολούθησα.
939 2618 1032 2658 Ἔχει
1060 2628 1158 2655 γυναι-

93 2678 160 2709 κεία
187 2676 392 2715 πλειοψηφία.
408 2675 498 2705 Εἶναι
526 2674 564 2703 17
594 2671 630 2702 τὰ
656 2670 739 2706 μέλη
766 2679 821 2704 της
853 2666 899 2697 καὶ
932 2664 973 2695 θὰ
999 2665 1097 2702 προβῶ
1127 2661 1156 2690 σὲ

95 2725 179 2762 ἄνιση
197 2721 395 2761 μεταχείριση
416 2720 463 2749 καὶ
488 2719 532 2749 θὰ
554 2716 687 2748 διαβάσω
710 2715 746 2746 τὰ
768 2714 898 2748 ὀνόματα
919 2713 975 2741 τῶν
998 2711 1169 2749 γυναικῶν.

85 2770 245 2800 Ἀνάμεσα
269 2768 302 2798 σὲ
330 2766 412 2803 ὅσους
442 2765 492 2796 καὶ
522 2764 590 2800 ὅσες
619 2764 815 2802 ἀσχολοῦνται
847 2760 928 2797 τώρα
956 2758 981 2794 μ’
1014 2754 1082 2785 αὐτὸ
1107 2753 1158 2784 ποὺ

94 2816 136 2845 θὰ
158 2818 217 2852 μᾶς
244 2814 323 2853 φέρει
349 2814 418 2850 στὴν
446 2811 570 2841 ἰσότητα
594 2809 684 2838 εἶναι:
713 2807 754 2838 Ἡ
779 2804 899 2836 Ἀλέκα
922 2799 1170 2842 Μαντζουλίνου,

95 2864 113 2900 ἡ
143 2860 248 2900 Μαρία
280 2859 489 2894 Τζουγανάτου
491 2872 536 2880 -
537 2853 786 2892 Γασπαρινάτου,
808 2853 826 2889 ἡ
857 2853 954 2888 Σοφία
985 2849 1160 2879 Σπηλιωτο-

101 2908 204 2939 πούλου
208 2925 251 2931 -
252 2904 424 2939 Κουκούλη,
459 2905 475 2940 ἡ
517 2902 623 2932 Λούλα
656 2899 748 2941 Μίχα
747 2919 791 2927 -
794 2895 968 2930 Καλοδίκη,
1003 2895 1020 2931 ἡ
1059 2892 1156 2921 Ἄννα

91 2950 238 2986 Μπάλλα
241 2967 281 2980 -
285 2950 476 2984 Ἀλιβιζάτου
478 2962 523 2971 -
525 2946 700 2981 Μπούμπου,
735 2945 753 2982 ἡ
785 2943 932 2982 Ἀριάδνη
963 2939 1124 2979 Συριώτη,
1145 2938 1162 2973 ἡ

100 2998 201 3038 Μαρία
236 2996 394 3034 Πετρίτση
393 3004 441 3032 -
443 2993 606 3025 Γουλάκου,
635 2993 687 3022 καὶ
720 2993 734 3030 ἡ
770 2988 946 3023 Πηνελόπη
969 2981 1160 3018 Ἀγαλοπού-

96 3047 150 3073 λου
154 3061 192 3068 -
195 3041 407 3079 Ζερβογιάννη,
431 3041 487 3076 στὴ
509 3038 586 3075 θέση
608 3040 665 3074 τῆς
689 3035 909 3072 ἀλησμόνητης
932 3032 977 3063 καὶ
1003 3031 1069 3061 τόσο
1094 3030 1161 3068 ἀγα-

96 3092 192 3127 πητῆς
228 3089 340 3125 Ἁγνῆς
373 3085 606 3120 Ρουσοπούλου.
623 3082 799 3120 Δικηγόροι,
835 3078 1008 3112 διευθυντὲς
1042 3077 1163 3115 Ὑπουρ-

97 3135 196 3170 γείων,
223 3135 431 3170 καθηγητές.
441 3132 590 3163 Γυναῖκες
619 3130 642 3159 οἱ
674 3129 773 3163 ὁποῖες
829 3127 903 3164 αὐτὴ
953 3125 1002 3158 τὴν
1054 3123 1162 3159 στιγμὴ

99 3182 251 3221 ἀσφαλῶς,
276 3178 484 3216 ἀγωνίζονται,
509 3177 674 3213 μελετοῦν,
685 3173 738 3212 γιὰ
765 3173 796 3204 νὰ
821 3174 880 3211 μᾶς
904 3170 1003 3209 φέρουν
1031 3170 1092 3199 ἐκεῖ
1113 3168 1163 3197 ποὺ

99 3226 140 3256 θὰ
163 3225 258 3265 πρέπει
291 3225 320 3256 νὰ
341 3224 461 3258 εἴμαστε
489 3222 517 3255 σὲ
541 3221 626 3256 πέντε
651 3220 779 3263 χρόνια.

1245 28 1302 58 Καὶ
1327 27 1379 65 μία
1408 19 1601 63 ἀδιακρισία,
1613 23 1660 58 τὴν
1689 22 1769 51 ὁποία
1796 21 1905 53 ἐλπίζω
1932 25 1976 46 ὅτι
1999 22 2041 45 θὰ
2066 24 2116 50 μοῦ
2143 23 2251 49 συγχω-

1201 75 1284 116 ρέσει
1305 75 1316 105 ὁ
1338 73 1442 111 κύριος
1471 69 1634 105 Ὑπουργὸς
1663 65 1884 108 Δικαιοσύνης,
1898 65 1978 93 εἶναι
2002 61 2030 92 νὰ
2057 62 2111 93 σᾶς
2138 60 2182 86 πῶ
2207 56 2250 85 ὅτι

1201 121 1284 161 μετὰ
1303 120 1332 150 τὸ
1363 118 1445 150 1982
1473 118 1489 155 ἡ
1517 114 1651 155 γυναίκα,
1682 114 1698 150 ἡ
1725 110 1807 142 ὁποία
1837 110 1876 140 θὰ
1904 107 2109 144 παντρεύεται,
2137 104 2181 134 δὲν
2210 103 2253 131 θὰ

1200 167 1312 207 παίρνει
1338 164 1425 197 πλέον
1452 163 1482 192 τὸ
1506 162 1593 201 ὄνομα
1617 162 1665 190 τοῦ
1688 157 1806 196 συζύγου
1829 169 1902 192 της.
1919 155 1993 186 Αὐτὸ
2017 154 2116 191 μπορῶ
2142 150 2176 181 νὰ
2198 152 2251 187 πῶ,

1201 214 1263 248 πὼς
1286 213 1358 243 εἶναι
1379 209 1478 250 σχεδὸν
1501 207 1645 247 ὑπερβολή
1674 202 1793 244 Ὅμως
1809 201 1945 242 φαίνεται
1962 200 2001 230 ὅτι
2025 201 2094 234 ἐκεῖ
2104 198 2148 229 θὰ
2168 198 2264 234 πᾶμε.

1246 261 1309 294 Σᾶς
1342 259 1397 297 ἔχω
1431 256 1526 293 πάρει
1546 253 1622 285 πολὺ
1650 250 1743 290 καιρό,
1770 248 1866 288 χωρὶς
1895 248 1930 277 νὰ
1961 246 2064 286 φθάσω
2097 245 2143 275 στὸ
2174 255 2253 281 νομο-

1200 306 1313 345 σχέδιο.

1245 369 1286 399 Τὸ
1313 367 1483 406 νομοσχέδιο
1509 364 1536 394 τὸ
1563 363 1746 399 συζητήσαμε
1773 360 1803 396 μὲ
1831 359 1930 396 πολλὴ
1955 356 2083 397 προσοχὴ
2108 354 2155 385 καὶ
2183 354 2252 384 πολὺ

1202 414 1370 460 ἐνδιαφέρον
1403 413 1457 446 καὶ
1482 413 1581 449 μπορῶ
1612 409 1646 439 νὰ
1676 411 1718 438 πῶ
1753 406 1797 437 καὶ
1827 405 1862 442 μὲ
1893 404 1963 435 πολὺ
1997 402 2140 440 ἁρμονικὴ
2172 400 2254 434 ἀτμό-

1202 475 1310 502 σφαιρα
1339 461 1404 502 στὴν
1436 456 1708 492 Κοινοβουλευτικὴ
1734 452 1897 492 Ἐπιτροπὴ
1925 450 1971 481 καὶ
2001 450 2072 483 ἴσως
2103 447 2175 477 εἶναι
2206 446 2255 477 κά-

1202 521 1265 543 πως
1290 506 1440 547 περίεργο,
1468 504 1556 541 ἀλλὰ
1573 504 1636 533 ἐκεῖ
1661 501 1711 531 ποὺ
1739 499 1951 538 συμφωνήσαμε
1976 496 2022 525 πιὸ
2046 494 2158 526 εὔκολα
2183 494 2252 527 ἦταν

1202 557 1265 585 ἐκεῖ
1292 554 1340 584 ποὺ
1367 553 1483 585 θέλαμε
1510 549 1544 580 νὰ
1570 547 1763 589 ἀφαιρέσουμε
1788 543 1926 583 ὁρισμένα
1949 541 2091 582 προνόμια
2114 541 2184 576 στὴν
2210 552 2255 578 γυ-

1201 602 1301 635 ναήκα
1327 600 1375 635 ποὺ
1404 596 1626 637 στρατεύεται.
1636 592 1797 631 Ἰδιαίτερα
1821 590 1872 622 στὸ
1900 590 1994 629 ἄρθρο
2023 589 2080 632 10,
2100 587 2150 617 στὸ
2178 588 2256 616 ὁποῖο

1203 648 1250 678 καὶ
1277 646 1330 686 γιὰ
1352 645 1423 682 μένα
1450 643 1496 674 καὶ
1522 642 1570 682 γιὰ
1597 641 1662 676 τοὺς
1690 640 1813 677 ἄλλους,
1835 636 1928 677 χωρὶς
1949 635 2063 668 κανένα
2082 629 2162 673 λόγο
2187 632 2263 666 δίνει

1203 692 1236 724 σ ’
1255 693 1342 726 αὐτὲς
1369 691 1412 725 τὶς
1443 689 1567 724 κοπέλες
1593 688 1644 717 ποὺ
1672 686 1714 716 θὰ
1730 688 1810 717 πᾶνε
1832 682 2014 713 ἐθελοντικὰ
2038 681 2075 711 νὰ
2100 692 2255 710 μετεκπαι-

1203 742 1318 771 δευτοῦν
1352 737 1487 778 ὁρισμένα
1519 733 1697 775 ὑπερβολικὰ
1728 730 1890 770 προνόμια.
1907 729 2016 769 Λέγει:
2049 728 2104 758 «Αἱ
2135 728 2256 756 ἐθελου-

1202 786 1377 822 σίως....
1389 783 1550 814 ἀπολαύουν
1575 782 1690 817 εἰδικῆς
1714 776 1947 816 μεταχειρίσεως
1972 775 2021 807 ὑπὸ
2046 778 2095 806 τοῦ
2117 773 2255 813 Κράτους

1207 835 1222 872 ἢ
1240 836 1296 863 τῶν
1314 833 1455 879 Νομικῶν
1479 827 1655 867 Προσώπων
1673 824 1818 864 Δημοσίου
1836 822 1957 854 Δικαίου
1974 821 2019 859 εἰς
2037 820 2157 854 θέματα
2172 828 2254 858 προσ-

1201 878 1351 919 λήψεως,
1362 878 1542 913 κοινωνικῆς
1566 871 1794 909 προστασίας».
1802 869 1924 904 Νομίζω
1950 868 1990 898 ὅτι
2020 869 2034 905 ἡ
2060 866 2272 912 Κυβέρνησις,

1207 928 1223 964 ἡ
1251 925 1339 956 ὁποία
1369 923 1450 962 ξέρω
1480 922 1531 953 ὅτι
1553 920 1623 960 ἔχει
1645 918 1843 959 προχωρήσει
1861 917 1928 954 στὴν
1960 913 2109 953 ἀφαίρεση
2136 913 2255 941 πολλῶν

1202 970 1393 1013 προνομίων,
1401 969 1449 999 δὲν
1474 968 1518 999 θὰ
1541 968 1646 1006 ἔπρεπε
1671 964 1707 996 νὰ
1730 962 1885 1004 προσθέσει
1914 960 2026 992 κανένα
2045 958 2185 999 προνόμιο
2209 969 2259 987 πα-

1208 1018 1329 1049 ραπάνω
1360 1016 1412 1047 ἀπὸ
1440 1014 1522 1054 αὐτό,
1552 1013 1583 1044 τὸ
1612 1010 1875 1051 σημαντικώτατο,
1901 1008 1932 1040 τὸ
1961 1005 2200 1044 πολυτιμώτατο,
2228 1004 2257 1035 τὸ

1207 1064 1408 1105 ἀνεκτίμητο:
1426 1062 1465 1092 Τὸ
1491 1059 1628 1106 προνόμιο
1649 1060 1695 1089 τοῦ
1719 1057 1755 1088 νὰ
1778 1057 1934 1095 ὑπηρετοῦν
1961 1055 2011 1092 τὴν
2041 1051 2189 1091 Πατρίδα
2210 1051 2257 1081 καὶ

1210 1112 1240 1141 νὰ
1261 1112 1344 1151 ἔχουν
1369 1109 1403 1140 τὰ
1423 1109 1484 1140 ἴδια
1504 1105 1642 1156 προνόμια
1665 1104 1712 1135 καὶ
1736 1103 1782 1139 τὶς
1804 1103 1877 1138 ἴδιες
1901 1100 2122 1141 ὑποχρεώσεις.
2132 1099 2172 1130 Τὸ
2194 1110 2266 1137 προ-

1204 1159 1287 1188 νόμιο
1313 1160 1365 1193 τῆς
1389 1153 1631 1195 ὑποχρεώσεως.
1642 1153 1675 1183 Σ’
1704 1150 1770 1182 αὐτὸ
1797 1148 2008 1187 συμφωνήσαμε
2034 1146 2082 1177 καὶ
2111 1144 2223 1181 ἐλπίζω
2248 1146 2260 1175 ὁ

1206 1205 1306 1244 κύριος
1336 1200 1524 1240 Ὑπουργός.

1251 1265 1389 1299 Βεβαίως
1421 1263 1471 1294 ἀπὸ
1501 1261 1667 1301 ὁρισμένους
1697 1260 1823 1293 κύκλους
1852 1257 1990 1297 λέγεται:
2020 1255 2105 1286 Γιατί
2134 1254 2171 1285 νὰ
2196 1266 2260 1292 προ-

1207 1314 1376 1353 χωρήσουμε
1407 1309 1479 1350 πρὸς
1512 1309 1560 1342 τὴν
1594 1307 1777 1343 στράτευση,
1797 1304 1877 1344 γιατί
1907 1303 1943 1335 νὰ
1972 1303 2066 1338 δώσει
2090 1303 2104 1341 ἡ
2136 1299 2261 1341 γυναίκα

1209 1360 1282 1396 αὐτὴ
1307 1360 1368 1397 τὴν
1384 1355 1530 1397 προσφορὰ
1554 1354 1605 1392 ποὺ
1632 1355 1685 1392 τῆς
1711 1355 1855 1391 ζητεῖται,
1882 1350 1979 1391 ἐφόσον
2003 1349 2051 1380 δὲν
2077 1348 2138 1389 ἔχει
2168 1346 2262 1376 ἀκόμα

1208 1406 1297 1447 πάρει
1316 1404 1372 1435 ὅλα
1391 1403 1427 1434 τὰ
1449 1403 1554 1446 ἄλλα,
1560 1401 1610 1431 ποὺ
1631 1400 1701 1440 ἔχει
1713 1399 1831 1434 ζητήσει
1847 1397 1907 1431 καὶ
1925 1396 1960 1427 τὰ
1982 1397 2067 1426 ὁποῖα
2085 1397 2262 1426 δικαιοῦται,

1208 1453 1251 1482 θὰ
1277 1455 1328 1490 μοῦ
1352 1449 1522 1489 ἐπιτρέψετε
1552 1447 1579 1478 νὰ
1607 1448 1804 1480 ἀποτολμήσω
1825 1444 1861 1475 νὰ
1884 1446 1928 1474 πῶ
1953 1442 2004 1473 ὅτι
2022 1441 2090 1473 αὐτὸ
2113 1441 2187 1471 εἶναι
2212 1439 2263 1478 μιὰ

1212 1498 1380 1540 ἀντιπαθὴς
1410 1493 1565 1534 γυναικεία
1592 1491 1761 1525 κουβέντα.
1780 1492 1883 1521 «Δῶσε
1910 1502 1962 1523 μου
1994 1488 2063 1518 αὐτὸ
2091 1487 2141 1518 ποὺ
2173 1489 2276 1533 ζητῶ,

1209 1545 1261 1584 γιὰ
1280 1544 1318 1577 νὰ
1340 1545 1387 1574 σοῦ
1407 1541 1495 1570 δώσω
1514 1540 1582 1570 αὐτὸ
1605 1539 1654 1570 ποὺ
1678 1538 1758 1577 ἔχεις
1784 1536 1944 1574 ἀνάγκη».
1952 1533 2075 1571 Νομίζω
2100 1533 2146 1564 ὅτι
2165 1534 2178 1562 ὁ
2200 1535 2259 1562 συλ-

1210 1589 1352 1630 λογισμὸς
1378 1600 1434 1627 μας
1458 1586 1626 1620 ὑποβιβάζει
1653 1584 1700 1615 καὶ
1727 1583 1772 1618 θὰ
1794 1582 1900 1623 ἔπρεπε
1943 1581 1980 1612 νὰ
2025 1580 2072 1611 τὸν
2119 1579 2264 1617 λησμονή-

1212 1647 1320 1676 σουμε.

1260 1682 1382 1722 Πρέπει
1406 1681 1440 1711 νὰ
1468 1678 1602 1718 ἀναφέρω
1632 1676 1679 1708 καὶ
1707 1676 1757 1712 μιὰ
1784 1674 1901 1717 φράση,
1916 1675 1932 1712 ἡ
1959 1672 2040 1704 ὁποία
2068 1672 2128 1712 ἔχει
2159 1670 2263 1710 ἀρκετὸ

1212 1728 1378 1767 ἐνδιαφέρον
1408 1726 1457 1757 καὶ
1488 1727 1504 1763 ἡ
1533 1724 1615 1756 ὁποία
1643 1723 1690 1754 καὶ
1722 1723 1804 1760 αὐτή,
1832 1721 1910 1751 κατὰ
1936 1718 2042 1750 κάποιο
2069 1717 2182 1759 τρόπο,
2198 1718 2264 1746 ἀπο-

1209 1775 1361 1814 δεικνύει,
1378 1773 1449 1803 πόσο
1479 1772 1602 1809 ἀνδρικὴ
1634 1770 1703 1804 ἦταν
1736 1770 1753 1803 ἡ
1784 1766 1967 1804 ἀτμόσφαιρα
1997 1767 2053 1795 τῶν
2087 1764 2274 1814 ἀνθρώπων,

1211 1822 1260 1852 ποὺ
1284 1822 1389 1851 ἔκαναν
1417 1819 1446 1849 τὸ
1469 1816 1660 1857 νομοσχέδιο.
1672 1815 1756 1846 Γιατὶ
1781 1813 1810 1845 σὲ
1833 1813 1885 1844 ἕνα
1907 1813 2007 1847 σημεῖο
2030 1810 2083 1850 γιὰ
2105 1811 2156 1849 τὴν
2181 1810 2265 1849 ἐφαρ-

1208 1869 1289 1906 μογὴ
1311 1869 1364 1903 τῆς
1388 1863 1579 1903 παραγράφου
1603 1864 1628 1899 1,
1652 1862 1701 1893 ποὺ
1726 1860 1912 1891 ἀπαλλάσσει
1934 1858 1979 1894 τὶς
2002 1857 2154 1895 μητέρες,
2165 1855 2261 1892 λέγει:

1212 1914 1288 1947 «Ὡς
1315 1912 1405 1943 τέκνα
1428 1910 1596 1950 λογίζονται
1624 1908 1660 1939 τὰ
1684 1908 1809 1946 γνήσια,
1825 1906 1864 1940 τὰ
1882 1902 2197 1942 νομιμοποιηθέντα».
2209 1903 2265 1933 Μι-

1212 1961 1268 1999 κρὴ
1296 1958 1519 1994 παρεξήγηση.
1534 1956 1636 1992 Ἐμεῖς
1663 1953 1706 1985 δὲν
1736 1954 1838 1992 ἔχουμε
1867 1951 1985 1989 ἀνάγκη
2015 1951 2045 1981 νὰ
2072 1948 2265 1985 ἀποδείξουμε

1211 2006 1257 2035 ὅτι
1279 2005 1310 2035 τὸ
1328 2003 1406 2035 παιδὶ
1428 2003 1503 2033 εἶναι
1527 2000 1590 2032 δικό
1612 2011 1689 2036 μας.
1701 1999 1775 2030 Αὐτὸ
1797 1997 1973 2037 προέρχεται
1997 1996 2048 2027 ἀπὸ
2071 1995 2265 2034 προβλήματα

1214 2054 1260 2082 τοῦ
1285 2052 1376 2082 ἄλλου
1400 2050 1508 2083 φύλου.
1523 2047 1618 2079 Ὅταν
1643 2048 1658 2084 ἡ
1682 2044 1808 2085 γυναίκα
1828 2044 1899 2075 εἶναι
1921 2043 2047 2082 μητέρα,
2071 2041 2101 2073 τὸ
2122 2040 2204 2079 θέμα
2224 2053 2267 2069 τε-

1209 2098 1323 2127 λείωσε
1348 2096 1393 2127 καὶ
1422 2095 1467 2126 δὲν
1493 2093 1613 2133 παίρνει
1636 2092 1688 2124 ἀπὸ
1710 2091 1825 2136 καμμιὰ
1849 2090 2077 2131 ἀμφισβήτηση.

1249 2159 1306 2190 Ἐν
1337 2156 1470 2197 συνεχείᾳ
1499 2156 1575 2191 ὅπως
1611 2155 1736 2198 ξέρετε,
1754 2154 1903 2190 ζητήσαμε
1932 2152 1965 2183 νὰ
1994 2152 2031 2188 μὴ
2061 2149 2281 2181 ἀπαλλάσσον-

1212 2219 1269 2245 ται
1293 2206 1315 2235 οἱ
1349 2204 1491 2243 ἔγγαμες,
1522 2201 1601 2241 γιατὶ
1634 2203 1649 2240 ἡ
1682 2199 1805 2239 διαφορὰ
1837 2199 1916 2238 τώρα
1948 2200 2001 2236 τῆς
2033 2196 2178 2236 γυναίκας
2211 2199 2264 2232 τῆς

1217 2253 1355 2292 ἔγγαμης
1381 2252 1395 2290 ἢ
1427 2253 1479 2287 τῆς
1501 2249 1544 2286 μὴ
1568 2247 1642 2279 εἶναι
1671 2246 1853 2283 ἀσήμαντη.
1861 2245 2025 2274 Ἄλλωστε
2052 2242 2074 2272 οἱ
2103 2241 2274 2279 περισσότε-

1213 2311 1262 2337 ρες
1289 2295 1487 2334 πανδρεμένες
1513 2294 1651 2330 γυναῖκες
1678 2291 1876 2331 ἐργάζονται.
1891 2289 1962 2321 Ἐὰν
1987 2288 2060 2319 εἶναι
2088 2287 2280 2327 μητέρα-

1213 2344 1292 2378 ὅπως
1509 2338 1713 2379 ὑποχρεωτικὰ
1748 2336 1993 2373 ἀπαλλάσσεται.
2017 2334 2183 2364 Ἄλλωστε
2217 2332 2265 2362 καὶ
1329 2341 1438 2375 εἴπαμε
1443 2361 1475 2364 -

1215 2390 1230 2427 ἡ
1252 2387 1392 2430 ἔγγαμη,
1401 2386 1433 2417 ἂν
1456 2385 1499 2416 δὲν
1522 2386 1608 2415 θέλει
1630 2383 1664 2415 νὰ
1685 2384 1863 2419 στρατευθῆ,
1886 2382 1929 2411 δὲν
1952 2381 2034 2418 εἶναι
2048 2378 2280 2417 ὑποχρεωμένη.

1216 2434 1274 2465 Καὶ
1306 2433 1371 2464 αὐτὸ
1399 2432 1472 2463 εἶναι
1500 2430 1551 2461 ἕνα
1578 2429 1697 2470 πρᾶγμα
1723 2429 1773 2463 ποὺ
1805 2431 1858 2465 τῆς
1886 2426 1915 2457 τὸ
1944 2428 2025 2463 ζητεῖ
2055 2427 2069 2463 ἡ
2101 2424 2292 2468 Πολιτεία,

1216 2480 1306 2520 τώρα
1324 2479 1352 2510 σὲ
1374 2477 1460 2518 καιρὸ
1486 2476 1631 2513 εἰρήνης.
1642 2474 1727 2507 Γιατὶ
1753 2474 1801 2505 καὶ
1828 2475 1850 2504 οἱ
1875 2473 1948 2508 ἴδιες
1975 2473 1998 2504 οἱ
2024 2473 2164 2510 γυναῖκες
2189 2470 2284 2520 λένε,

1215 2526 1271 2561 ὅτι
1286 2525 1315 2555 σὲ
1345 2524 1408 2564 ὥρα
1432 2522 1557 2558 πολέμου
1584 2521 1626 2553 θὰ
1655 2522 1724 2552 πᾶνε
1752 2520 1843 2555 ὅλες.
1858 2519 1917 2550 Καὶ
1946 2517 2197 2554 ἐπαναλαμβάνω,
2221 2516 2266 2545 ὅτι

1217 2572 1284 2602 αὐτὸ
1317 2571 1346 2602 τὸ
1377 2570 1483 2604 «ὅλες»
1516 2568 1587 2599 εἶναι
1620 2566 1686 2598 κάτι
1718 2566 1768 2597 ποὺ
1797 2565 1857 2605 ἔχει
1888 2563 2075 2604 περισσότερο
2107 2563 2268 2602 ρομαντικὴ

1217 2617 1302 2651 ἀξία,
1338 2615 1412 2656 παρὰ
1447 2614 1662 2654 πραγματική.
1684 2612 1823 2647 Διαβάζω
1856 2610 1936 2650 τώρα
1970 2609 2043 2639 αὐτὰ
2075 2609 2126 2640 ποὺ
2159 2607 2267 2647 ἔγραψε

1218 2662 1440 2701 ὑποστράτηγος
1474 2660 1538 2699 πρὶν
1567 2658 1653 2698 λίγες
1685 2657 1771 2696 μέρες
1801 2657 1831 2687 σὲ
1858 2655 2020 2696 ἐφημερίδα
2052 2657 2107 2691 τῆς
2136 2654 2270 2683 Ἀντιπο-

1217 2708 1394 2741 λιτεύσεως:
1423 2704 1528 2736 «Ὅλα
1551 2705 1585 2735 τὰ
1610 2705 1742 2738 Σώματα
1765 2702 1813 2733 καὶ
1838 2702 1908 2737 ὅλες
1932 2702 1955 2732 οἱ
1982 2699 2162 2738 Ὑπηρεσίες
2186 2699 2270 2733 ἀπορ-

1219 2756 1319 2793 ροφοῦν
1351 2751 1498 2791 τεράστια
1518 2750 1627 2784 δύναμη
1656 2750 1807 2788 ἀρσενικοῦ
1835 2748 2018 2786 προσωπικοῦ
2047 2745 2077 2776 σὲ
2105 2745 2196 2785 βάρος
2225 2747 2268 2774 τοῦ

1218 2798 1462 2838 ἐπιφορτισμένου
1490 2797 1520 2834 μὲ
1553 2795 1582 2828 τὸ
1615 2795 1710 2834 κύριον
1743 2792 1886 2831 πολεμικὸ
1921 2792 1989 2831 ἔργο
2023 2793 2175 2831 ἀρσενικοῦ
2207 2802 2271 2829 προ-

1220 2843 1365 2879 σωπικοῦ.
1385 2844 1423 2873 Ἡ
1452 2841 1598 2880 ἀναλογία
1623 2839 1784 2879 μαχομένου
1809 2839 1858 2874 καὶ
1886 2838 2100 2876 ὑπηρετοῦντος
2128 2836 2158 2866 τὸ
2186 2836 2271 2875 μαχό-

1219 2903 1313 2929 μενο,
1323 2889 1391 2929 πρὸς
1420 2889 1505 2925 Θεοῦ,
1533 2887 1577 2918 δὲν
1607 2886 1679 2917 εἶναι
1708 2884 1876 2923 βοηθητικὴ
1902 2882 2063 2923 ὑπηρεσία.
2079 2882 2159 2919 Στὴν
2188 2882 2273 2919 Ἀμε-

1221 2938 1288 2975 ρικὴ
1324 2935 1410 2974 ἰσχύει
1443 2935 1458 2971 ἡ
1491 2932 1635 2971 ἀναλογία
1665 2931 1734 2967 ἕνας
1765 2930 1940 2968 μαχόμενος,
1970 2929 2029 2965 ἕξη
2058 2929 2271 2964 ὑπηρετοῦντες

1222 2982 1266 3010 τὸν
1294 2980 1461 3022 μαχόμενο,
1476 2980 1543 3016 στὴν
1570 2975 1703 3016 Ἀγγλία
1730 2976 1741 3006 1
1770 2975 1840 3012 πρὸς
1868 2976 1894 3009 4,
1918 2975 1987 3008 στὴν
2012 2973 2133 3005 Γαλλία
2160 2973 2172 3003 1
2201 2972 2273 3011 πρὸς

1222 3028 1264 3063 3,
1280 3027 1348 3062 στὴν
1377 3024 1497 3055 Ρωσσία
1528 3025 1539 3055 1
1573 3022 1645 3062 πρὸς
1676 3023 1710 3060 4,
1732 3020 1778 3051 στὸ
1807 3021 1920 3058 Βέλγιο
1952 3021 1961 3050 1
1996 3018 2068 3058 πρὸς
2100 3019 2128 3053 3,
2158 3018 2188 3049 σὲ
2217 3020 2273 3054 μᾶς

1224 3076 1240 3105 1
1264 3072 1338 3114 πρὸς
1364 3071 1398 3107 2,
1416 3070 1466 3115 γιὰ
1493 3069 1537 3099 τὸν
1565 3068 1750 3098 ἁπλούστατο
1775 3066 1847 3104 λόγο
1873 3065 1918 3096 ὅτι
1940 3065 1985 3095 δὲν
2013 3064 2135 3103 ὑπάρχει
2164 3062 2288 3102 τρίτος.

1273 3118 1328 3148 Δὲν
1354 3117 1439 3148 θέλω
1466 3116 1500 3147 νὰ
1528 3117 1581 3149 σᾶς
1613 3113 1741 3152 κουράσω
1774 3112 1818 3143 καὶ
1847 3111 1889 3142 δὲν
1919 3110 2001 3142 θέλω
2031 3110 2064 3141 νὰ
2094 3107 2273 3148 προχωρήσω

1223 3163 1434 3209 περισσότερο.
1445 3161 1489 3190 Θὰ
1514 3160 1638 3196 ἤθελα,
1649 3158 1750 3197 ὅμως,
1760 3157 1794 3188 νὰ
1817 3159 1865 3193 μοῦ
1889 3155 2072 3194 ἐπιτρέψετε,
2096 3153 2170 3191 ἴσως
2192 3153 2273 3192 λόγῳ

1233 3211 1353 3247 φυσικῆς
1389 3206 1585 3244 αἰσιοδοξίας,
1616 3205 1687 3239 ἴσως
1723 3203 1802 3244 λόγῳ
1836 3205 1880 3233 τοῦ
1913 3201 1962 3237 ὅτι
1987 3202 2062 3241 εἶμαι
2098 3199 2277 3237 νεοφώτιστη
