2500 3500
147 82 278 120 ἐργασία,
300 82 372 120 βάρη
394 83 602 121 οἰκογενειακὰ
625 87 684 114 κλπ
714 85 856 121 Βεβαίως
879 86 910 123 οἱ
923 85 1052 123 μητέρες
1074 86 1117 117 δὲν
1137 99 1210 118 μπο-

144 129 206 165 ροῦν
217 127 259 156 νὰ
281 131 349 157 πᾶνε
368 129 420 158 καὶ
439 129 473 159 νὰ
498 130 525 160 τὸ
546 130 681 167 θέλουν.
688 130 767 161 Αὐτὸ
790 130 834 160 δὲν
860 131 1042 170 ἀναφέρεται
1062 132 1211 166 καθόλου.

143 172 322 212 Ἀναφέρουν
335 173 410 210 μόνο
436 174 475 204 ὅτι
501 174 544 205 δὲν
568 175 682 206 θέλουν
697 175 733 208 νὰ
757 177 840 209 πᾶνε,
858 176 957 215 χωρὶς
982 178 1057 213 στὴν
1073 190 1206 216 πραγμα-

143 219 285 255 τικότητα
308 219 350 252 νὰ
371 220 521 259 ἐξηγοῦν,
537 222 674 254 πειστικὰ
702 221 731 252 τὸ
759 221 859 260 γιατί.

184 279 251 313 Καὶ
268 280 331 309 ἐκεῖ
351 281 452 319 πρέπει
474 283 509 312 νὰ
532 282 708 322 προσέξετε,
732 283 809 317 διότι
827 285 891 314 ἐκεῖ
914 285 1039 314 πιστεύω
1064 285 1111 320 ὅτι
1129 286 1204 321 εἶναι

141 325 197 359 καὶ
215 325 248 354 τὰ
272 328 378 359 σημεῖα
400 327 436 357 τὰ
460 328 546 360 ὁποῖα
569 329 792 360 ἀποκαλύπτουν
819 330 870 373 τὴν
895 329 1035 370 ἔλλειψιν
1056 332 1204 370 ἐπιχειρη-

139 371 238 403 μάτων
263 371 334 400 ὅσων
360 368 441 407 εἶναι
461 373 595 403 ἐναντίον
617 377 672 412 τῆς
694 375 922 414 στρατεύσεως.
939 375 1028 411 Διότι
1047 377 1090 406 δὲν
1117 378 1213 416 ἐγρά-

140 429 176 453 φη
203 416 307 455 ἄρθρο,
331 417 378 448 δὲν
405 418 532 457 ὑπάρχει
556 421 764 458 προκήρυξις,
780 422 926 458 δήλωσις,
952 422 997 456 εἰς
1024 422 1073 459 τὴν
1100 422 1202 452 ὁποίαν

137 459 171 489 νὰ
191 462 249 500 μὴν
271 462 451 502 ἀναφέρεται
477 466 526 495 στὸ
552 465 641 500 τέλος
667 465 716 502 μιὰ
742 466 1036 505 πραγματικότητα:
1051 465 1131 501 Ὅτι
1153 471 1208 506 δη-

136 506 214 550 λαδὴ
240 507 254 544 ἡ
281 509 448 542 Ἑλληνίδα
472 510 544 540 εἶναι
572 510 712 553 γενναία,
730 510 770 541 ὅτι
797 512 863 550 ἔχει
885 512 976 550 ψυχή,
997 512 1047 550 ὅτι
1059 514 1202 551 θυσιάζει

136 552 186 590 ὄχι
202 553 269 588 μόνο
294 554 322 582 τὸ
345 554 433 583 ἑαυτό
454 567 524 593 της,
541 555 626 586 ἀλλὰ
651 555 698 586 τὸν
721 556 767 590 πιὸ
789 557 935 595 πολύτιμο
957 558 1047 596 ἄνδρα
1070 571 1126 595 της
1146 558 1199 592 καὶ

135 598 224 635 παιδί
243 611 297 634 της
319 600 375 633 καὶ
400 599 447 634 ὅτι
466 600 517 631 δὲν
541 601 666 640 ὑπάρχει
690 601 842 639 ἑπομένως
869 602 962 641 λόγος
986 604 1020 633 νὰ
1045 605 1205 642 προχωρή-

135 654 218 681 σουμε
240 646 300 682 στὴ
313 645 440 683 θέσπιση
461 646 545 680 νόμου
569 647 798 685 στρατεύσεως.
809 649 871 685 Τὴν
898 648 1055 679 τελευταία
1078 646 1199 690 στιγμή,

135 689 185 721 τὴν
213 691 321 728 στιγμὴ
349 694 396 720 τοῦ
423 691 568 733 πολέμου,
588 693 670 722 ὅταν
686 694 736 728 τὴν
768 693 886 731 καλέση
909 694 937 724 τὸ
968 697 1100 728 καθῆκον
1135 707 1202 733 της,

130 734 174 763 θὰ
198 735 256 773 πάη
279 735 315 765 νὰ
339 739 502 775 σκοτωθῆ.

172 792 263 825 Ὅλα
285 798 355 827 αὐτὰ
378 798 477 828 λοιπὸν
501 799 580 833 εἶναι
600 800 679 830 καλὰ
703 800 755 835 και
772 801 945 847 θαυμαστά,
966 802 1048 831 ἀλλὰ
1070 803 1200 840 ἀνήκουν

130 842 160 871 σὲ
186 842 266 878 ἄλλη
291 843 394 881 ἐποχή,
416 844 446 874 σὲ
471 844 584 881 ἄλλους
610 845 774 882 πολέμους.
795 847 917 885 Σήμερα
942 848 953 878 ὁ
978 848 1106 883 πόλεμος
1130 848 1200 887 ἔχει

134 888 263 922 ἀλλάξει
289 889 367 925 ὄψη.
378 890 501 929 Σήμερα
524 891 570 920 δὲν
595 892 746 924 βασίζεται
771 894 782 924 ὁ
805 893 935 928 πόλεμος
958 893 1025 926 μόνο
1048 894 1096 924 στὸ
1118 894 1206 929 θάρ-

128 944 191 970 ρος,
219 931 298 962 ἀλλὰ
324 935 392 972 στὴν
419 935 573 974 ὀργάνωση
602 937 650 974 καὶ
675 938 745 974 στὴν
773 945 914 977 τεχνική.
933 939 1125 977 Χρειάζεται
1143 942 1195 978 γιὰ

125 980 207 1009 κάθε
233 982 355 1017 μαχητὴ
385 982 401 1010 5
404 1000 448 1002 -
451 982 467 1011 6
499 982 676 1020 τεχνικούς.
691 983 793 1019 Αὐτὸς
822 985 832 1013 ὁ
861 984 990 1020 πόλεμος
1019 984 1193 1024 χρειάζεται

127 1024 178 1060 ἕνα
207 1026 320 1061 μεγάλο
352 1026 466 1066 ἀριθμὸ
488 1027 726 1061 ἐκπαιδευμένων
759 1029 950 1065 ἀνθρώπων,
969 1030 1134 1060 ἀνθρώπων
1166 1031 1194 1062 οἱ

128 1067 220 1098 ὁποῖοι
246 1072 287 1100 θὰ
317 1072 398 1108 ἔχουν
429 1072 562 1109 περάσει
580 1073 629 1104 ἀπὸ
660 1075 711 1111 τὴν
740 1073 916 1113 πειθαρχία,
946 1076 996 1114 τὴν
1025 1078 1111 1115 πεῖρα
1136 1076 1194 1112 καὶ

128 1116 178 1152 τὴν
206 1116 383 1154 ἐκπαίδευση
416 1119 466 1151 τοῦ
492 1121 633 1157 στρατοῦ.
658 1119 861 1156 Χρειάζονται
888 1121 934 1159 ὄχι
964 1122 1068 1160 ἄνδρες
1098 1122 1112 1159 ἢ
1142 1135 1204 1160 γυ-

125 1164 239 1197 ναῖκες,
266 1162 346 1191 ἀλλὰ
371 1163 567 1203 χρειάζονται
587 1165 756 1204 ἄνθρωποι,
777 1167 800 1196 οἱ
826 1167 925 1203 ὁποῖοι
941 1167 983 1196 θὰ
1008 1170 1129 1204 μποροῦν
1150 1169 1185 1197 νὰ

125 1207 294 1245 ἐργασθοῦν
314 1208 378 1243 στὶς
403 1209 593 1244 πολύπλοκες
619 1211 758 1249 τεχνικὲς
783 1210 960 1249 ὑπηρεσίες.

170 1252 261 1282 Κάτω
286 1252 337 1282 ἀπὸ
360 1253 448 1289 αὐτὲς
472 1254 518 1290 τὶς
541 1258 690 1293 συνθῆκες
713 1256 763 1289 καὶ
785 1257 802 1289 ὁ
819 1256 929 1296 ἄνδρας
952 1257 999 1291 καὶ
1023 1258 1038 1294 ἡ
1060 1258 1188 1294 γυναίκα

124 1299 226 1336 μπορεῖ
248 1298 284 1332 νὰ
307 1298 381 1328 εἶναι
402 1299 507 1333 ἐξίσου
533 1301 686 1339 χρήσιμοι.

167 1359 242 1388 Αὐτὸ
266 1359 296 1389 τὸ
318 1359 409 1398 θέμα,
433 1361 506 1399 αὐτὴ
529 1362 544 1399 ἡ
568 1361 836 1404 πραγματικότης,
852 1362 897 1396 ὅτι
918 1365 1032 1401 δηλαδὴ
1056 1364 1096 1394 θὰ
1121 1364 1191 1403 πρέ-

120 1413 169 1434 πει
188 1404 223 1432 νὰ
249 1405 433 1444 ἐκπαιδευθῆ
455 1407 473 1444 ἡ
500 1407 636 1445 γυναίκα,
664 1407 851 1446 καταρρίπτη
878 1409 907 1438 τὸ
934 1408 1109 1448 ἐπιχείρημα
1133 1413 1186 1442 ποὺ

122 1450 340 1489 προβάλλεται,
359 1451 398 1484 νὰ
419 1451 481 1492 μὴν
504 1451 563 1491 πάη
591 1452 672 1492 τώρα
699 1453 748 1484 στὸ
775 1454 894 1493 στρατό,
922 1455 1004 1485 ἀλλὰ
1021 1455 1061 1485 νὰ
1088 1453 1192 1498 τρέξη

121 1495 171 1531 τὴν
195 1495 257 1533 ὥρα
280 1499 326 1526 τοῦ
346 1497 498 1539 πολέμου.
513 1498 614 1531 Ἀλλὰ
636 1498 709 1530 ὅταν
729 1500 744 1537 ἡ
764 1499 895 1539 γυναίκα
918 1502 1097 1538 μεταφερθῆ
1117 1501 1182 1529 ἀπό-

121 1552 193 1573 τομα
221 1541 273 1569 ἀπ’
295 1541 324 1571 τὸ
348 1542 432 1573 σπίτι
453 1544 502 1573 στὸ
527 1545 648 1582 στρατό,
674 1544 798 1583 πρᾶγμα
822 1546 872 1575 ποὺ
901 1546 940 1575 θὰ
967 1547 1017 1583 τὴν
1042 1546 1121 1583 κάμη
1147 1548 1179 1575 νὰ

117 1586 171 1622 μὴν
195 1586 248 1624 ἔχη
271 1586 369 1625 γνώση
393 1590 453 1617 τῶν
474 1591 653 1628 δυσχερειῶν
675 1592 722 1620 τοῦ
744 1592 904 1629 σημερινοῦ
921 1589 1058 1629 πολέμου,
1081 1591 1111 1626 τί
1132 1592 1184 1621 ἂλ-

111 1631 152 1659 λο
180 1632 221 1660 θὰ
248 1632 323 1668 κάνη
352 1632 415 1662 ἐκεῖ
442 1634 493 1663 ποὺ
520 1634 563 1663 θὰ
591 1634 670 1676 πάη,
691 1635 743 1665 ἀπὸ
772 1636 908 1671 δουλειὲς
934 1637 984 1670 ποὺ
1012 1636 1185 1676 περιφρονεῖ

119 1677 172 1708 ἀπὸ
196 1677 331 1710 δουλειὲς
355 1679 540 1717 μαγειρείου,
572 1679 797 1718 καθαριότητος
823 1683 926 1723 κ.λ.π.;
941 1682 1034 1713 Θέλει
1056 1682 1092 1711 νὰ
1120 1682 1188 1726 πάη

117 1722 179 1751 στὸν
205 1723 317 1763 στρατὸ
335 1723 385 1760 τὴν
411 1724 573 1754 τελευταία
593 1726 714 1763 στιγμή,
736 1726 817 1756 ἀλλὰ
842 1726 877 1760 οἱ
888 1726 1012 1763 πόλεμοι
1034 1727 1078 1757 δὲν
1102 1741 1181 1764 περι-

117 1767 234 1799 μένουν.
254 1767 308 1797 Δὲν
336 1768 505 1810 περιμένουν
533 1768 640 1807 ἐκείνη
660 1772 716 1804 τὴν
739 1768 801 1811 ὥρα
829 1772 879 1808 τὴν
908 1771 954 1802 ὅσο
979 1772 1101 1810 γενναία
1129 1773 1184 1807 καὶ

116 1813 146 1838 ἂν
169 1813 247 1844 εἶναι
264 1813 408 1851 γυναίκα.
423 1814 487 1847 Καὶ
506 1815 547 1845 θὰ
569 1815 675 1853 πρέπει
694 1817 749 1846 ἐδῶ
768 1816 806 1846 νὰ
825 1820 884 1852 πῶ,
903 1817 949 1849 ὅτι
968 1817 1017 1850 δὲν
1037 1818 1185 1855 ἀμφισβη-

112 1860 155 1890 τῶ
180 1857 230 1894 τὴν
257 1858 465 1896 γενναιότητα,
490 1859 553 1889 οὔτε
582 1861 673 1890 αὐτῶν
699 1861 749 1891 ποὺ
774 1861 889 1891 θέλουν
904 1863 941 1891 νὰ
965 1865 1183 1907 στρατευθοῦν,

114 1903 177 1930 οὔτε
207 1903 307 1933 αὐτῶν
332 1903 382 1936 ποὺ
413 1904 456 1932 δὲν
484 1905 613 1938 θέλουν.
640 1906 833 1945 Ἀμφισβητῶ
860 1906 937 1944 μόνο
960 1908 1009 1944 τὴν
1039 1907 1178 1950 χρησιμό-

113 1948 192 1982 τητά
212 1957 267 1978 των
292 1945 320 1980 σ’
341 1950 418 1990 αὐτὴ
440 1950 494 1985 τὴν
514 1949 700 1989 περίπτωση.
723 1952 789 1982 Καὶ
804 1952 885 1986 κάτι
900 1952 983 1982 ἄλλο
1005 1953 1116 1994 ἀκόμη.
1133 1954 1177 1986 Τὸ

110 1992 191 2029 θέμα
213 1993 324 2031 σήμερα
345 1993 394 2025 δὲν
417 1992 501 2028 εἶναι
516 1995 550 2025 νὰ
573 1999 631 2030 πᾶς
654 1995 718 2026 στὸν
742 1996 856 2031 πόλεμο
880 1997 894 2034 ἢ
916 1996 976 2041 ὄχι.
998 1998 1074 2028 Αὐτὸ

113 2037 334 2077 ξεπερασμένο.
352 2039 388 2070 Ὁ
418 2038 546 2076 πόλεμος
576 2041 618 2070 δὲν
646 2041 799 2082 περιμένει
816 2043 859 2075 νὰ
882 2046 958 2078 πᾶς.
981 2044 1014 2073 Ὁ
1041 2040 1175 2087 πόλεμος

109 2083 227 2122 σήμερα
244 2083 283 2113 θὰ
304 2081 385 2118 εἶναι
397 2088 522 2122 παντοῦ.
539 2086 585 2116 Θὰ
606 2087 685 2119 εἶναι
701 2089 760 2126 στὴ
776 2090 833 2125 γῆ,
842 2088 889 2119 θὰ
907 2088 984 2120 εἶναι
1000 2089 1070 2122 στὸν
1090 2089 1177 2132 ἀέρα,

107 2128 154 2159 θὰ
180 2128 257 2161 εἶναι
279 2129 343 2164 στὶς
369 2130 544 2166 θάλασσες.
570 2132 606 2162 Ὁ
634 2133 762 2172 πόλεμος
790 2134 830 2163 θὰ
859 2134 943 2175 ἔλθη
964 2135 993 2164 σὲ
1018 2137 1092 2174 μᾶς.
1110 2136 1173 2167 Δὲν

110 2173 237 2215 ὑπάρχει
261 2175 373 2214 σήμερα
403 2176 418 2213 ἡ
448 2175 612 2216 ἀνισότητα
638 2177 743 2218 ἐκείνη
767 2178 814 2214 τοῦ
839 2178 992 2220 πολέμου,
1011 2180 1064 2211 ποὺ
1092 2180 1175 2210 ἐσκό-

110 2229 182 2247 τωνε
202 2219 291 2256 μόνον
320 2221 441 2259 ἄνδρες.
465 2221 537 2256 Ἀπὸ
566 2221 630 2253 τότε
659 2223 717 2258 ποὺ
736 2225 811 2265 στὴν
833 2224 965 2256 Ἱσπανία
991 2225 1047 2264 γιὰ
1067 2224 1174 2266 πρώτη

109 2264 195 2303 φορά,
213 2264 329 2303 ἐπλήγη
349 2265 399 2302 μιὰ
419 2268 553 2305 περιοχὴ
561 2267 617 2298 καὶ
634 2268 814 2301 σκοτώθηκε
837 2269 997 2309 ἀδιάκριτα
1017 2269 1084 2303 ἕνας
1105 2271 1176 2300 ὁλό-

104 2309 222 2347 κληρος
246 2311 439 2354 πληθυσμός,
461 2311 585 2355 ἄνδρες,
603 2316 744 2352 γυναῖκες
774 2310 825 2350 καὶ
847 2315 966 2358 παιδιά,
985 2315 1026 2349 ὣς
1053 2315 1099 2348 τὸν
1127 2329 1172 2345 τε-

107 2351 226 2383 λευταῖο
252 2355 368 2392 πόλεμο
385 2371 432 2384 ‒
455 2357 507 2391 καὶ
530 2358 671 2400 ἀναφέρω
694 2359 736 2394 ὡς
761 2360 950 2398 παράδειγμα
977 2361 1009 2391 τὸ
1033 2362 1178 2396 Λονδίνο,

106 2398 157 2436 τὴν
182 2399 315 2437 Δρέσδη,
333 2402 388 2439 τὴν
408 2401 579 2440 Χιροσίμα,
592 2403 670 2436 εἶναι
691 2403 815 2442 στόχος.
831 2403 871 2436 Ὁ
895 2405 1023 2442 πόλεμος
1048 2406 1094 2436 δὲν
1115 2409 1172 2435 κά-

105 2455 148 2474 νει
169 2445 280 2483 καμμιὰ
303 2445 458 2486 διάκριση,
477 2448 520 2478 δὲν
544 2448 682 2489 γνωρίζει
708 2449 820 2486 καμμιὰ
845 2450 969 2489 διαφορὰ
993 2451 1109 2492 φύλων.

147 2488 221 2530 Ἐφ’
237 2490 297 2520 ὅσον
321 2492 420 2521 λοιπὸν
445 2492 531 2528 αὐτὸς
556 2494 566 2523 ὁ
587 2493 720 2532 πόλεμος
743 2495 786 2524 δὲν
810 2494 966 2533 πρόκειται
981 2496 1019 2529 νὰ
1038 2498 1101 2536 μᾶς
1119 2510 1173 2530 πε-

104 2535 204 2572 ριμένη
225 2536 259 2565 νὰ
281 2538 355 2572 πᾶμε
378 2536 412 2567 νὰ
434 2538 480 2569 τὸν
501 2539 723 2580 πολεμήσουμε,
741 2540 824 2584 γιατὶ
838 2541 877 2575 νὰ
893 2542 951 2581 μὴν
975 2541 1091 2581 εἴμαστε
1112 2544 1166 2576 καὶ

102 2579 184 2613 ἐμεῖς
209 2581 312 2615 κάπως
336 2582 454 2617 ἕτοιμες
475 2584 511 2614 νὰ
536 2584 582 2614 τὸν
607 2584 877 2623 ἀντιμετωπίσουμε
899 2586 954 2620 στὸ
971 2583 1085 2626 πλευρὸ
1108 2590 1166 2622 τῶν

100 2621 237 2666 ἀνδρῶν.

140 2686 206 2723 Καὶ
226 2688 303 2723 κάτι
320 2689 420 2721 ἄλλο:
438 2689 560 2729 Μήπως
585 2691 605 2721 οἱ
633 2692 737 2732 ἄνδρες
760 2691 804 2721 δὲν
830 2692 906 2723 εἶναι
925 2693 1077 2735 γενναῖοι;
1094 2691 1173 2732 Μή-

100 2742 164 2765 πως
185 2732 208 2762 οἱ
232 2732 389 2769 Ἕλληνες
408 2735 454 2765 δὲν
478 2735 575 2766 θἄταν
597 2736 707 2769 ἕτοιμοι
730 2737 780 2774 τὴν
804 2738 962 2768 τελευταία
986 2739 1090 2776 στιγμὴ
1111 2738 1164 2771 καὶ

101 2776 172 2804 αὐτὰ
198 2777 277 2811 ὅπως
302 2791 329 2808 κι
357 2780 456 2821 ἐμεῖς,
474 2779 543 2810 ὅταν
573 2781 661 2822 ἔρθει
684 2783 700 2818 ἡ
727 2781 842 2820 ἀνάγκη
862 2783 901 2812 νὰ
927 2784 997 2813 πᾶνε
1025 2784 1088 2813 στὸν
1114 2784 1163 2816 πό-

96 2830 186 2862 νεμο;
209 2822 263 2850 Δὲν
291 2824 501 2861 στρατεύονται
525 2826 595 2863 μόνο
625 2827 703 2856 αὐτοὶ
732 2828 781 2857 ποὺ
809 2827 910 2866 πρέπει
933 2828 971 2858 νὰ
998 2828 1087 2868 ἔχουν
1110 2829 1162 2861 ἕνα

97 2863 172 2899 ὅπλο
196 2867 247 2897 καὶ
270 2870 369 2906 πρέπει
397 2870 430 2899 νὰ
456 2871 567 2907 μάθουν
595 2874 780 2906 σκοποβολή.
800 2871 1023 2913 Στρατεύονται
1047 2874 1115 2907 ὅλοι
1129 2875 1162 2911 οἱ

100 2909 185 2939 ἄλλοι
211 2912 260 2941 ποὺ
282 2913 323 2942 θὰ
348 2913 421 2944 εἶναι
446 2914 510 2949 στὶς
536 2917 684 2955 Τεχνικὲς
711 2918 908 2953 Ὑπηρεσίες.
927 2920 985 2948 Καὶ
1013 2920 1090 2949 αὐτοὶ
1115 2920 1164 2953 θὰ

94 2957 256 2991 μποροῦσαν
278 2957 312 2986 νὰ
333 2961 400 2988 ποῦν
425 2960 500 2991 κατὰ
525 2961 570 2992 τὸν
594 2962 650 2992 ἴδιο
672 2962 758 3003 τρόπο
774 2977 825 2989 ‒
828 2963 906 2998 ὅπως
930 2964 1060 2997 διαβάζω
1084 2965 1165 3005 αὐτὴ

96 3000 130 3037 τὴ
158 3002 264 3038 στιγμὴ
266 3010 318 3029 -
336 3004 439 3045 «γιατί
453 3005 495 3036 νὰ
522 3010 760 3044 στρατευτοῦμε;
781 3008 826 3037 Θὰ
855 3008 972 3046 εἴμαστε
1000 3009 1053 3041 καὶ
1075 3007 1161 3050 ἐμεῖς

96 3045 146 3082 τὴν
173 3047 330 3076 τελευταία
357 3050 464 3086 στιγμὴ
489 3050 634 3085 ἕτοιμοι».

138 3107 198 3137 Καὶ
228 3108 276 3145 γιὰ
300 3108 336 3137 νὰ
364 3110 518 3141 τελειώσω
546 3113 610 3142 αὐτὸ
645 3113 672 3143 τὸ
700 3113 796 3150 θέμα,
820 3113 854 3147 ἂν
879 3115 931 3150 καὶ
958 3116 1082 3146 πιστεύω
1112 3116 1160 3149 ὅτι

92 3151 164 3180 εἶναι
185 3152 200 3189 ἡ
220 3152 263 3181 πιὸ
280 3156 448 3190 σημαντικὴ
469 3155 712 3195 ίἀἀνττίκρουση
736 3161 788 3196 τῆς
807 3161 844 3197 μὴ
867 3173 1084 3200 στρατεύσεως,
1100 3165 1153 3195 σᾶς

93 3196 239 3229 διαβάζω:
267 3197 420 3241 «Βέβαια,
440 3201 454 3237 ἡ
484 3201 650 3238 Ἑλληνίδα
679 3203 743 3239 στὶς
771 3203 906 3243 κρίσιμες
933 3206 1008 3242 ὧρες
1037 3209 1091 3242 τῆς
1116 3205 1154 3239 Ἱ-

91 3241 213 3279 στορίας
237 3254 293 3279 μας
316 3244 464 3283 πολέμησε
486 3245 542 3281 καὶ
562 3246 749 3286 ἀγωνίστηκε
771 3249 806 3289 μὲ
832 3249 928 3287 τόλμη
953 3250 1003 3282 καὶ
1019 3251 1156 3291 γενναιό-

1269 99 1343 123 τητα
1365 88 1460 126 χωρὶς
1484 89 1596 120 κανένα
1621 90 1707 128 νόμο.
1725 93 1779 122 Δὲν
1805 95 1920 133 χωράει
1942 96 2123 134 ἀμφιβολία,
2140 98 2189 132 ὅτι
2210 99 2240 130 τὸ
2256 94 2329 136 ἴδιο

1268 133 1308 160 θὰ
1327 134 1412 162 κάνει
1440 135 1485 163 καὶ
1510 136 1601 176 πάλι,
1616 135 1682 166 ὅταν
1702 139 1760 175 καὶ
1780 140 1826 169 ἐὰν
1851 145 2040 179 χρειαστεῖ».
2057 144 2127 179 Καὶ
2137 145 2328 185 ὑπογράφουν

1268 179 1285 206 9
1288 187 1334 205 -
1328 180 1372 211 10
1393 180 1554 210 Σωματεῖα
1578 183 1786 220 Ἑλληνίδων,
1797 186 1846 224 ποὺ
1868 187 1909 215 θὰ
1933 187 2037 232 ἔπρεπε
2062 190 2132 225 αὐτὴ
2156 190 2190 227 τὴ
2212 192 2328 233 στιγμὴ

1267 224 1298 252 νὰ
1322 226 1401 262 ἔχουν
1426 226 1523 267 ὑπόψη
1539 240 1606 263 τους
1629 230 1676 268 γιὰ
1701 231 1733 268 τὴ
1749 232 1805 261 νέα
1828 233 1921 270 μορφὴ
1945 236 1991 262 τοῦ
2013 233 2161 273 πολέμου.

1309 288 1362 316 Δὲν
1388 288 1467 327 ξέρω
1492 291 1555 323 πῶς
1578 290 1619 319 θὰ
1642 290 1774 326 μπορέσω
1799 293 1831 323 νὰ
1855 293 2063 336 ὑπογραμμίσω
2087 297 2118 333 μὲ
2144 295 2220 339 ὅσες,
2243 298 2318 334 ἔστω

1263 333 1317 367 καὶ
1335 335 1528 372 κουραστικὲς
1549 337 1769 378 ἐπαναλήψεις,
1788 339 1871 373 αὐτὲς
1896 339 1940 374 τὶς
1960 341 2012 372 δύο
2029 340 2136 381 λέξεις
2154 359 2174 370 -
2186 344 2326 380 κλειδιά.

1260 374 1303 406 Ἡ
1328 379 1379 417 μία
1405 379 1489 417 εἶναι
1509 380 1561 413 ὅτι
1579 382 1595 419 ἡ
1622 383 1786 425 στράτευση
1812 384 1884 416 εἶναι
1914 386 2115 425 ἐθελοντική.
2133 388 2226 421 Γιατί
2249 388 2321 418 αὐτὸ

1263 426 1481 470 προσπαθοῦνε,
1501 427 1575 457 κατὰ
1602 428 1704 460 κάποιο
1730 429 1837 468 τρόπο,
1850 431 1882 460 νὰ
1907 431 1935 461 τὸ
1961 434 2159 469 λησμονήσουν
2195 435 2248 464 Δὲν
2274 436 2314 464 θὰ

1263 470 1327 498 πάει
1356 471 1465 507 καμμία
1488 472 1617 507 γυναίκα
1642 475 1691 505 ποὺ
1717 475 1761 505 δὲν
1789 475 1880 509 θέλει
1890 477 1933 509 νὰ
1960 477 2047 513 πάει.
2063 479 2133 512 Καὶ
2148 479 2182 508 νὰ
2210 479 2312 520 ξέρετε

1264 515 1313 547 καὶ
1336 516 1398 546 κάτι
1424 517 1524 553 ἄλλο.
1533 517 1593 548 Καὶ
1619 520 1646 549 τὸ
1670 519 1730 550 λέω
1755 520 1844 556 αὐτό,
1854 521 1911 561 ὄχι
1922 523 1974 561 γιὰ
1996 524 2049 558 σᾶς
2070 523 2140 565 ἐδῶ,
2160 525 2241 555 ἀλλὰ
2263 526 2312 564 γιὰ

1261 561 1345 600 τυχὸν
1368 565 1507 599 γυναῖκες
1532 566 1582 594 ποὺ
1609 565 1646 595 θὰ
1672 567 1704 602 μὲ
1726 566 1887 606 προσέξουν
1914 566 2001 602 ἐκτὸς
2024 569 2078 600 ἀπὸ
2104 570 2156 603 τὴν
2178 570 2313 600 Αἴθουσα

1262 602 1356 642 αὐτή.
1369 608 1425 636 Δὲν
1459 608 1499 636 θὰ
1528 608 1609 644 εἶναι
1626 611 1689 647 καὶ
1714 610 1777 641 τόσο
1808 612 1912 643 εὔκολο
1940 613 1976 642 νὰ
2006 614 2098 648 γίνουν
2128 615 2254 650 δεκτές.
2272 612 2314 644 Ὁ

1259 652 1385 690 στρατὸς
1411 653 1454 683 δὲν
1483 654 1567 684 θέλει
1595 656 1729 694 ἄχρηστα
1754 657 1909 696 πρόσωπα.
1927 659 1982 688 Δὲν
2007 660 2047 690 θὰ
2073 660 2235 699 ἀναγκάσει
2259 670 2313 691 κα-

1258 698 1342 733 νένα.
1359 698 1405 728 Μὲ
1428 701 1536 738 πολλὴ
1544 702 1687 731 δυσκολία
1712 703 1757 733 καὶ
1779 704 1814 741 μὲ
1835 705 1935 739 πολλὴ
1957 704 2051 744 σκέψη
2069 708 2127 741 μᾶς
2151 706 2320 745 δεχτήκαν.

1254 737 1358 773 Ἀλλὰ
1383 743 1473 783 γιατί
1489 745 1519 775 τὸ
1545 745 1670 789 κάνουν;
1687 748 1775 783 Γιατί
1798 750 1854 786 μᾶς
1877 748 1997 789 δέχεται
2022 751 2033 781 ὁ
2058 750 2214 794 στρατός;
2225 751 2315 790 Γιατί

1254 790 1315 824 μᾶς
1339 790 1367 821 τὸ
1390 792 1496 826 ζητάει
1517 790 1611 831 αὐτό;
1624 794 1706 824 Γιατὶ
1728 794 1847 828 ‒πάλι
1870 795 2000 831 ἁπλά‒
2016 797 2073 832 μᾶς
2097 797 2162 841 ἔχει
2183 797 2320 839 ἀνάγκη.

1300 836 1368 872 Καὶ
1382 837 1451 866 κάτι
1481 838 1557 868 ἄλλο
1584 839 1633 867 ποὺ
1656 836 1705 868 κι’
1726 840 1792 869 αὐτὸ
1818 840 1936 880 ἔρχεται
1964 842 2037 879 στὴν
2061 842 2120 873 ἴδια
2145 844 2228 881 σειρὰ
2253 846 2307 879 τῆς

1254 872 1409 925 σκέψεως.
1427 882 1500 916 Μᾶς
1528 883 1594 923 ἔχει
1618 884 1731 923 ἀνάγκη
1761 884 1851 924 τώρα,
1877 887 1948 923 στὴν
1977 887 2094 928 εἰρήνη,
2115 888 2188 918 πολὺ
2215 901 2321 928 περισ-

1255 927 1355 965 σότερο
1377 927 1426 958 ἀπὸ
1448 928 1489 958 ὅτι
1509 929 1550 959 θὰ
1568 932 1628 965 μᾶς
1648 931 1708 969 ἔχει
1731 931 1845 969 ἀνάγκη
1866 933 1917 969 τὴν
1938 932 2001 970 ὥρα
2021 935 2077 967 τοῦ
2086 932 2235 971 πολέμου.
2244 934 2307 972 Τὴν

1253 972 1316 1009 ὥρα
1342 975 1387 1001 τοῦ
1405 973 1536 1012 πολέμου
1564 976 1584 1005 οἱ
1612 975 1750 1019 ἀντρικὲς
1776 977 1927 1016 ἐφεδρεῖες
1950 978 1994 1008 θὰ
2017 978 2164 1019 καλύψουν
2191 978 2236 1014 τὶς
2265 992 2315 1008 πε-

1254 1018 1421 1056 ρισσότερες
1452 1018 1582 1057 ἀνάγκες
1615 1024 1660 1051 τοῦ
1689 1025 1836 1064 στρατοῦ.
1857 1023 1956 1054 Ἀλλὰ
1987 1022 2070 1063 τώρα
2096 1024 2170 1054 εἶναι
2203 1024 2251 1054 ποὺ
2282 1024 2309 1060 οἱ

1254 1063 1389 1102 ἀντρικὲς
1416 1065 1567 1103 ἐφεδρεῖες
1590 1065 1665 1096 εἶναι
1692 1066 1800 1106 λίγες.
1811 1066 1907 1106 Τώρα
1934 1069 2008 1099 εἶναι
2033 1069 2083 1100 ποὺ
2108 1069 2151 1100 θὰ
2177 1069 2316 1108 ἀναγκα-

1251 1110 1364 1147 στοῦμε,
1389 1110 1470 1143 λόγω
1491 1110 1816 1151 ὑπογεννητικότητος,
1836 1113 1882 1144 ἐὰν
1905 1113 1951 1145 δὲν
1978 1112 2052 1152 πᾶμε
2078 1115 2159 1151 ἐμεῖς
2177 1114 2217 1145 νὰ
2241 1118 2304 1152 βοη-

1248 1155 1400 1194 θήσουμε,
1413 1156 1448 1186 νὰ
1475 1156 1637 1195 καλέσουμε
1662 1157 1758 1196 ἀκόμα
1784 1159 1973 1195 μεγαλύτερη
1997 1159 2085 1190 θυσία
2111 1159 2178 1191 στὸν
2203 1159 2310 1194 ἄντρα.

1302 1202 1379 1238 Στὴν
1403 1203 1507 1239 εἰρήνη
1530 1203 1769 1242 χρειαζόμαστε.
1779 1204 1838 1240 Καὶ
1862 1204 1988 1236 πιστεύω
2014 1205 2058 1236 ὅτι
2077 1205 2154 1242 αὐτὴ
2181 1205 2195 1243 ἡ
2217 1204 2308 1243 λέξη,

1257 1247 1274 1284 ἡ
1296 1247 1377 1278 ὁποία
1400 1247 1526 1279 πάντοτε
1550 1248 1725 1288 ἀναφέρεται
1751 1250 1791 1285 ὡς
1811 1249 1928 1289 κλισσέ,
1952 1250 1994 1281 ὅτι
2018 1250 2133 1288 δηλαδὴ
2155 1250 2235 1281 κατὰ
2257 1251 2306 1285 τὴν

1256 1292 1357 1331 εἰρήνη
1379 1295 1480 1331 μπορεῖ
1504 1294 1631 1330 κανένας
1655 1295 1687 1326 νὰ
1709 1298 1921 1335 προστατευτεῖ
1944 1295 2072 1326 ἐναντίον
2098 1298 2145 1326 τοῦ
2168 1295 2307 1335 πολέμου,

1248 1338 1361 1374 δηλαδὴ
1377 1351 1391 1374 μ
1412 1338 1459 1369 ὲτὸ
1476 1339 1510 1369 νὰ
1526 1340 1605 1372 εἶναι
1616 1340 1720 1375 κανεὶς
1738 1341 2005 1378 προετοιμασμένος
2023 1343 2073 1379 γιὰ
2090 1342 2218 1380 πόλεμο,
2231 1344 2310 1378 ἐξα-

1255 1384 1397 1422 σφαλίζει
1415 1385 1494 1416 κατὰ
1520 1385 1624 1418 κάποιο
1650 1385 1741 1426 τρόπο
1769 1387 1820 1426 τὴν
1846 1387 1966 1426 εἰρήνη.
1986 1388 2070 1426 Αὐτὴ
2098 1388 2148 1426 τὴν
2178 1400 2306 1427 προετοι-

1246 1429 1334 1463 μασία
1358 1429 1406 1462 τὴν
1431 1430 1601 1467 χρειάζεται
1627 1431 1706 1471 τώρα
1729 1433 1739 1462 ὁ
1764 1431 1872 1472 Τόπος.
1898 1434 1980 1467 Αὐτὴ
2002 1434 2053 1467 τὴν
2078 1434 2306 1472 προετοιμασία,

1246 1474 1318 1511 αὐτὴ
1351 1474 1395 1512 τὴν
1426 1475 1563 1514 ἐνίσχυση
1589 1476 1728 1514 ἔρχονται
1752 1478 1805 1509 καὶ
1832 1481 1891 1514 μᾶς
1922 1480 1976 1513 τὴν
2004 1482 2123 1515 ζητοῦν.

1297 1537 1355 1568 Καὶ
1379 1538 1557 1577 ἀκούγονται
1585 1539 1633 1574 καὶ
1661 1539 1743 1571 ἄλλα
1768 1540 1937 1580 πράγματα,
1965 1541 2001 1570 τὰ
2026 1542 2107 1571 ὁποῖα
2134 1541 2176 1573 θὰ
2203 1541 2303 1580 ἤθελα

1250 1583 1284 1612 νὰ
1308 1584 1448 1622 συστήσω,
1472 1584 1534 1623 πρὶν
1559 1585 1740 1625 προχωρήσω
1766 1585 1814 1616 στὸ
1838 1585 1891 1618 ἴδιο
1913 1585 1947 1617 τὸ
1970 1586 2157 1626 νομοσχέδιο.

1295 1645 1492 1685 Ἀκούγονται
1515 1649 1565 1685 γιὰ
1587 1647 1624 1680 τὰ
1647 1648 1720 1688 βάρη
1745 1652 1799 1688 τῆς
1821 1649 1988 1686 γυναίκας.
2002 1649 2143 1689 Γνωρίζω
2167 1651 2205 1682 κι’
2231 1651 2309 1692 ἐγώ,

1241 1690 1321 1725 ὅπως
1343 1691 1391 1719 καὶ
1420 1691 1501 1725 ὅλοι,
1520 1692 1552 1722 τὰ
1580 1692 1653 1730 βάρη
1677 1694 1730 1724 ποὺ
1756 1695 1815 1733 ἔχει
1843 1696 1857 1732 ἡ
1883 1695 2025 1730 γυναίκα.
2046 1697 2146 1727 Ἀλλὰ
2174 1697 2243 1726 ὅταν
2270 1698 2303 1725 ἀ-

1250 1736 1420 1775 φαιρέσουμε
1450 1738 1499 1773 τὴν
1528 1738 1711 1777 μητρότητα,
1742 1740 1757 1778 ἡ
1787 1739 1868 1771 ὁποία
1900 1740 2068 1780 ἀφαιρεῖται
2098 1742 2298 1781 ὁπωσδήποτε,

1248 1783 1314 1815 ποιά
1338 1783 1413 1818 εἶναι
1450 1784 1580 1823 ἀκριβῶς
1601 1785 1675 1815 αὐτὰ
1697 1785 1733 1816 τὰ
1757 1785 1840 1825 βάρη,
1864 1786 1898 1816 τὰ
1918 1787 2004 1817 ὁποῖα
2027 1787 2087 1826 ἔχει
2107 1787 2162 1822 μιὰ
2181 1787 2233 1818 νέα
2253 1800 2307 1824 γυ-

1244 1828 1336 1858 ναίκα
1361 1830 1434 1867 αὐτὴ
1463 1830 1497 1866 τὴ
1523 1831 1634 1870 στιγμὴ
1658 1832 1731 1870 στὴν
1761 1831 1917 1873 Ἑλλάδα;
1942 1832 2058 1863 Βέβαια
2085 1833 2131 1864 δὲν
2164 1833 2297 1870 συζητάω

1246 1874 1295 1911 γιὰ
1318 1875 1366 1908 τὴν
1387 1874 1557 1914 ἀγρότισσα,
1574 1876 1658 1907 ἀλλὰ
1678 1877 1726 1916 γιὰ
1748 1878 1783 1916 τὴ
1800 1876 1931 1916 γυναίκα
1952 1880 2007 1909 τῶν
2030 1877 2154 1917 πόλεων,
2177 1880 2193 1917 ἡ
2215 1879 2296 1910 ὁποία

1247 1920 1287 1954 ὡς
1310 1919 1432 1958 γνωστό,
1455 1922 1498 1956 ζεῖ
1522 1922 1542 1952 5
1560 1921 1663 1960 χρόνια
1684 1922 1845 1961 παραπάνω
1870 1923 1917 1954 ἀπ’
1943 1924 1990 1954 τὸν
2011 1923 2120 1964 ἄντρα.
2138 1925 2226 1960 Εἶναι
2246 1926 2295 1963 μιὰ

1246 1966 1400 2004 βιολογικὴ
1424 1967 1581 2007 ἀλήθεια,
1603 1967 1681 1998 ἀλλὰ
1710 1968 1783 2000 εἶναι
1814 1967 1866 1999 ἀπ’
1885 1969 1964 2000 αὐτὰ
1988 1970 2041 2001 ποὺ
2069 1970 2118 2000 δὲν
2142 1970 2299 2010 λέγονται.

1243 2010 1339 2046 Γιατὶ,
1358 2012 1519 2055 συνήθως,
1531 2011 1560 2042 σ’
1578 2013 1648 2050 αὐτὴ
1670 2014 1704 2051 τὴ
1727 2014 1803 2051 θέση
1823 2015 1871 2045 ποὺ
1891 2014 2048 2054 βρίσκομαι
2072 2015 2142 2055 ἐγώ,
2166 2015 2293 2056 βρίσκον-

1244 2066 1294 2086 ται
1314 2055 1416 2095 ἄντρες
1436 2057 1485 2087 καὶ
1509 2057 1581 2089 εἶναι
1604 2058 1725 2090 δύσκολο
1745 2059 1779 2090 νὰ
1798 2063 1899 2091 ποῦνε:
1924 2061 2053 2099 «Κυρίες
2072 2074 2136 2101 μου,
2158 2062 2208 2101 γιὰ
2229 2075 2294 2093 στα-

1240 2103 1337 2140 θεῖτε,
1361 2104 1423 2138 πῶς
1445 2102 1523 2134 εἶστε
1549 2103 1615 2135 τόσο
1640 2105 1838 2144 βεβαρημένες
1864 2106 1911 2136 καὶ
1938 2107 2150 2147 κατορθώνετε
2170 2108 2207 2144 νὰ
2231 2108 2294 2148 ἔχε-

1242 2160 1271 2177 τε
1297 2147 1349 2185 μιὰ
1375 2148 1474 2178 τέτοια
1501 2151 1656 2188 βιολογικὴ
1683 2151 1845 2191 ὑπεροχή»;

1284 2211 1367 2241 Γιατὶ
1396 2220 1443 2249 ‒
1442 2211 1495 2248 καὶ
1522 2213 1588 2243 αὐτὸ
1616 2213 1690 2245 εἶναι
1721 2214 1771 2245 ἕνα
1798 2216 1915 2253 μεγάλο
1944 2216 2094 2256 εὐτύχημα
2094 2238 2138 2240 ‒
2167 2218 2220 2249 στὰ
2248 2230 2294 2249 τε-

1238 2255 1363 2287 λευταῖα
1382 2257 1494 2296 χρόνια,
1512 2259 1533 2297 ἡ
1553 2259 1677 2294 γυναίκα
1700 2262 1738 2291 κι’
1762 2262 1832 2300 αὐτὴ
1855 2263 1887 2301 τὴ
1907 2263 2083 2301 μητρότητα
2102 2265 2168 2304 ἔχει
2189 2269 2290 2305 κατορ-

1239 2302 1330 2333 θώσει
1353 2303 1385 2333 νὰ
1408 2304 1457 2340 τὴν
1482 2304 1564 2335 κάνει
1584 2306 1656 2336 πολὺ
1679 2306 1828 2347 λιγώτερο
1849 2310 1978 2347 τραγικὴ
1998 2310 2048 2341 καὶ
2070 2310 2205 2349 ἐπίμονη,
2228 2311 2287 2351 ἔχει

1237 2348 1363 2390 κερδίσει
1386 2350 1437 2387 τὴν
1458 2350 1651 2390 δυνατότητα,
1670 2352 1721 2383 καὶ
1743 2354 1794 2390 τὴν
1818 2355 2002 2393 ψυχολογικὴ
2022 2355 2071 2386 καὶ
2095 2357 2144 2391 τὴν
2171 2357 2294 2397 ἰατρικὴ

1234 2394 1272 2423 νὰ
1296 2394 1426 2434 ὑποφέρει
1451 2396 1525 2426 πολὺ
1545 2396 1707 2436 λιγώτερο,
1733 2399 1780 2429 καὶ
1809 2399 1838 2429 νὰ
1863 2400 1979 2439 ἀντέχει
2008 2401 2082 2432 κατὰ
2107 2402 2193 2441 τρόπο
2217 2406 2294 2434 θαυ-

1228 2439 1318 2470 μαστὸ
1343 2440 1391 2475 καὶ
1404 2441 1441 2473 νὰ
1464 2441 1625 2482 ἐργάζεται
1643 2443 1706 2479 πρὶν
1726 2445 1780 2479 καὶ
1797 2445 1871 2478 μετὰ
1894 2444 1952 2476 ἀπ’
1966 2447 2039 2484 αὐτὴ
2059 2449 2093 2481 τὴ
2115 2450 2286 2487 δοκιμασία.

1236 2484 1290 2515 Δὲν
1314 2484 1391 2520 εἶναι
1409 2486 1468 2517 ἴδια
1491 2488 1505 2525 ἡ
1527 2488 1709 2529 μητρότητα,
1734 2489 1787 2521 ἀπὸ
1811 2490 1870 2528 ὅ,τι
1888 2491 1959 2530 ἦταν
1985 2492 2014 2523 τὸ
2039 2493 2134 2533 1921,
2159 2493 2225 2524 ὅταν
2252 2495 2283 2525 τὰ

1234 2531 1379 2560 Γυναικεῖα
1400 2532 1561 2568 Σωματεῖα
1583 2536 1723 2571 ζητοῦσαν
1747 2536 1798 2566 ἀπὸ
1822 2537 1871 2575 τὴν
1895 2537 2071 2578 Κυβέρνηση
2093 2540 2140 2569 καὶ
2166 2541 2215 2574 τὴν
2240 2541 2285 2576 Ἐ-

1233 2578 1448 2612 θνοσυνέλευση
1474 2579 1509 2610 νὰ
1536 2583 1752 2619 στρατευθοῦν.

1278 2640 1397 2675 Νομίζω
1429 2642 1528 2673 λοιπὸν
1562 2643 1603 2674 ὅτι
1635 2644 1657 2674 οἱ
1689 2647 1828 2682 γυναῖκες
1859 2646 1941 2686 ἔχουν
1974 2649 2104 2686 μπροστά
2137 2662 2202 2685 τους
2232 2650 2282 2685 μιὰ

1226 2685 1345 2724 ἀνοιχτὴ
1368 2688 1459 2725 πόρτα
1485 2688 1537 2721 καὶ
1555 2688 1605 2718 ἕνα
1627 2691 1698 2719 πολὺ
1722 2691 1812 2730 ὡραῖο
1831 2692 1938 2731 δρόμο.
1956 2695 2089 2738 Βέβαια,
2105 2696 2152 2725 δὲν
2173 2700 2278 2738 μπορεῖ

1226 2742 1351 2765 κανένας
1372 2732 1411 2760 νὰ
1441 2736 1504 2767 πεῖ,
1527 2733 1572 2765 ὅτι
1600 2735 1641 2765 δὲν
1671 2734 1815 2774 ὑπάρχουν
1844 2737 1923 2776 πάρα
1952 2740 2050 2770 πολλὰ
2081 2743 2283 2779 προβλήματα

1231 2776 1284 2810 καὶ
1303 2776 1343 2806 ὅτι
1366 2779 1380 2816 ἡ
1407 2778 1562 2809 Πολιτεία
1584 2780 1628 2810 δὲν
1652 2781 1799 2820 χρωστάει
1822 2784 1920 2814 πολλὰ
1943 2784 1998 2814 στὰ
2020 2784 2140 2819 θέματα
2161 2788 2208 2816 τοῦ
2231 2787 2280 2816 Οἰ-

1231 2826 1419 2860 κογενειακοῦ
1471 2825 1605 2864 Δικαίου,
1635 2830 1683 2858 τοῦ
1711 2827 1847 2858 Ἀστικοῦ
1876 2829 2011 2869 Δικαίου,
2041 2833 2096 2868 τῆς
2125 2832 2278 2871 ἐργασίας,

1227 2870 1309 2906 κ.λπ.
1325 2869 1408 2898 Ὅλα
1433 2870 1504 2900 αὐτὰ
1529 2871 1601 2901 εἶναι
1629 2871 1760 2902 ἀπόλυτα
1782 2872 1894 2907 σωστά.
1914 2875 1975 2906 Καὶ
1995 2876 2123 2909 πιστεύω
2149 2876 2190 2907 ὅτι
2217 2877 2280 2914 ὅλοι

1229 2914 1284 2942 ἐδῶ
1310 2914 1411 2946 πρέπει
1439 2915 1473 2945 νὰ
1500 2918 1744 2955 προσπαθήσουμε
1772 2919 1807 2950 νὰ
1834 2920 1869 2950 τὰ
1897 2921 2112 2960 ἐπισπεύσουμε,
2141 2923 2215 2954 ὥστε
2245 2924 2275 2954 ἂν

1227 2958 1271 2997 ὄχι
1295 2959 1390 2990 τίποτε
1413 2960 1498 2998 ἄλλο,
1519 2962 1543 2992 ν’
1566 2963 1807 3001 ἀκολουθήσουμε
1829 2966 1863 3003 τὴ
1884 2968 2013 3006 διαταγὴ
2034 2971 2082 2999 τοῦ
2104 2969 2283 3008 Συντάγμα-

1228 3016 1278 3038 τος
1299 3005 1349 3035 ποὺ
1373 3005 1457 3037 θέλει
1482 3008 1498 3044 ἡ
1521 3008 1582 3041 31η
1604 3009 1785 3046 Δεκεμβρίου
1807 3014 1852 3041 τοῦ
1878 3012 1960 3043 1982
1982 3014 2018 3044 νὰ
2040 3017 2102 3053 βρεῖ
2122 3015 2153 3046 σὲ
2177 3017 2274 3055 πλήρη

1229 3050 1349 3086 ἰσότητα
1374 3052 1409 3088 τὴ
1430 3053 1558 3086 γυναίκα
1580 3054 1616 3089 μὲ
1641 3054 1686 3084 τὸν
1714 3055 1817 3094 ἄντρα.

1267 3114 1390 3153 Βέβαια,
1421 3115 1521 3150 πρέπει
1550 3118 1586 3147 νὰ
1618 3119 1857 3159 προχωρήσουμε,
1890 3122 1972 3152 ἀλλὰ
2007 3123 2017 3152 ὁ
2052 3123 2121 3160 ἕνας
2153 3125 2277 3167 δρόμος,

1221 3160 1271 3189 ποὺ
1303 3173 1333 3192 κι
1361 3161 1447 3196 αὐτὸς
1474 3167 1621 3200 προχωρεῖ
1649 3164 1719 3202 πρὸς
1745 3165 1796 3200 μιὰ
1826 3166 2023 3206 κατεύθυνση,
2048 3168 2094 3198 δὲν
2123 3170 2272 3205 ἐμποδίζει

1221 3205 1267 3234 τὸν
1295 3206 1389 3239 ἄλλο.
1408 3206 1449 3237 Τὸ
1475 3208 1510 3237 νὰ
1534 3210 1762 3248 προχωρήσουμε
1789 3208 1820 3240 σ’
1839 3211 1904 3242 αὐτὸ
1933 3212 1962 3243 τὸ
1988 3213 2073 3253 δρόμο
2102 3218 2156 3252 τῆς
2185 3228 2276 3254 στρα-

1220 3251 1346 3286 τεύσεως
1372 3253 1421 3282 ποὺ
1445 3255 1503 3288 μᾶς
1528 3254 1596 3284 δίνει
1624 3256 1655 3293 τὴ
1680 3256 1879 3293 δυνατότητα,
1897 3261 2000 3298 πρῶτα
2023 3260 2058 3290 νὰ
2083 3261 2267 3299 ἐνισχύσουμε
