2496 3500
1162 24 1304 75 ἰδιαίτερα
1321 33 1377 68 τὸν
1397 47 1433 67 κ.
1451 32 1618 72 Πρόεδρον
1632 32 1684 67 τῆς
1706 30 1829 66 Βουλῆς
1850 27 1901 58 ποὺ
1923 28 1973 64 μοῦ
1999 28 2208 61 ἐμπιστεύτηκε

1160 82 1210 113 ἕνα
1238 81 1300 112 τόσο
1329 77 1489 117 σημαντικὸ
1519 76 1700 117 νομοσχέδιο.

1205 144 1364 184 Εἰλικρινὰ
1396 141 1531 178 πιστεύω,
1566 140 1606 171 ὅτι
1639 138 1703 168 στὸν
1739 137 1864 167 δύσκολο
1894 135 1990 174 μακρὺ
2021 134 2069 165 καὶ
2107 133 2211 172 ἀνηφο-

1162 191 1225 232 ρικὸ
1247 189 1333 230 δρόμο
1353 189 1401 219 ποὺ
1423 188 1497 228 ἔχει
1505 187 1540 217 νὰ
1561 185 1640 222 πάρη
1661 185 1676 222 ἡ
1699 182 1826 219 γυναίκα
1846 181 1905 217 ἕως
1923 179 1992 211 ὅτου
2009 179 2119 218 φθάσει
2141 180 2211 216 στὴν

1162 237 1261 275 πλήρη
1293 234 1424 273 ἰσότητα,
1457 232 1486 264 τὸ
1520 234 1597 269 βῆμα
1627 230 1675 261 ποὺ
1709 228 1822 267 γίνεται
1854 227 1968 264 σήμερα
1998 224 2070 253 εἶναι
2103 223 2133 253 τὸ
2166 223 2210 253 πιὸ

1163 281 1322 322 σημαντικὸ
1349 281 1394 312 ἀπ’
1420 279 1473 311 ὅσα
1494 279 1554 319 ἔχει
1579 276 1648 308 ποτὲ
1673 275 1814 311 διανύση.

1211 345 1280 376 Ἀπὸ
1315 344 1380 376 τότε
1412 343 1462 374 ποὺ
1495 342 1518 373 οἱ
1552 342 1719 381 γυναικεῖες
1753 337 1945 377 ὀργανώσεις,
1980 334 2032 364 ἀπὸ
2065 333 2131 364 τότε
2163 332 2213 362 ποὺ

1166 393 1189 423 οἱ
1223 393 1362 429 γυναῖκες
1396 390 1556 426 ἀναζητοῦν
1589 388 1639 425 τὴν
1675 385 1806 425 ἰσότητα,
1839 383 1884 415 δὲν
1918 381 2041 413 πιστεύω
2077 379 2117 410 ὅτι
2153 379 2212 419 ἔχει

1166 440 1369 476 παρουσιασθῆ
1402 435 1469 466 κάτι
1503 434 1533 466 τὸ
1564 433 1635 463 τόσο
1663 430 1827 469 σημαντικὸ
1864 428 1909 460 καὶ
1946 427 2047 464 ἐπίσης
2084 425 2149 456 κάτι
2185 425 2213 454 τὸ

1166 486 1259 515 ὁποῖον
1292 486 1361 521 τιμᾶ
1393 482 1446 518 τὴν
1478 479 1646 514 Ἑλληνίδα
1675 477 1802 517 γυναίκα
1833 476 1877 507 ὅσο
1908 474 1941 505 τὸ
1972 471 2133 512 σημερινό.
2154 470 2214 502 Καὶ

1167 530 1233 559 ὅταν
1262 528 1343 568 λέγω
1373 527 1424 558 ἀπὸ
1456 526 1531 565 τότε,
1559 525 1602 556 θὰ
1630 524 1730 562 ἤθελα
1757 523 1792 554 νὰ
1818 524 1869 559 μοῦ
1899 520 2069 560 ἐπιτρέψετε
2097 519 2133 549 νὰ
2161 521 2214 553 σᾶς

1167 576 1230 607 πάω
1255 576 1277 606 σ’
1303 574 1355 605 ἕνα
1379 572 1480 604 «τότε»
1505 571 1557 603 ποὺ
1583 569 1733 610 βρίσκεται
1757 568 1789 599 τὸ
1813 567 1913 602 1921.

121 3079 269 3109 ΕΛΕΝΗ
299 3076 481 3108 ΒΛΑΧΟΥ
483 3096 527 3098 -
529 3074 750 3107 ΛΟΥΝΔΡΑ.
781 3074 872 3107 Κύριε
905 3071 1067 3112 Πρόεδρε,
1092 3084 1135 3106 κυ-

79 3122 140 3161 ρίες
168 3123 217 3154 καὶ
248 3123 336 3162 κύριοι
366 3122 553 3159 συνάδελφοι,
582 3120 660 3154 εἶμαι
692 3119 840 3158 ἰδιαίτερα
865 3119 992 3158 εὐτυχὴς
1022 3118 1071 3148 ποὺ
1101 3116 1137 3143 δί-

1213 638 1254 675 Τὸ
1278 640 1376 678 πρῶτο
1399 636 1538 676 Συνέδριο
1561 633 1740 665 Γυναικείων
1768 631 1982 667 Ὀργανώσεων
2009 629 2122 670 γίνεται
2145 628 2216 666 στὴν

1170 685 1292 715 αἴθουσα
1325 686 1372 716 τοῦ
1404 682 1530 713 Λυκείου
1564 683 1618 713 τῶν
1681 678 1868 714 Ἑλληνίδων
1902 681 1948 708 τοῦ
1984 675 2136 715 Ἀπριλίου
2172 676 2217 705 τοῦ

1172 732 1276 767 1921.
1292 729 1476 770 Προεδρεύει
1502 729 1518 766 ἡ
1543 725 1704 765 Καλλιρόη
1733 724 1859 765 Παρρὲν
1884 724 1932 754 καὶ
1957 722 2061 762 γράφει
2088 722 2104 759 ἡ
2129 722 2215 752 «ΠΑ-

1170 778 1289 808 ΤΡΙΣ»
1319 779 1374 814 τῆς
1399 776 1458 813 7ης
1486 773 1640 814 Ἀπριλίου
1662 772 1769 804 1921:
1798 770 1858 802 «Τὸ
1890 771 2058 809 Προεδρεῖο
2086 769 2143 798 τῶν
2170 768 2222 797 Γυ-

1172 823 1307 853 ναικείων
1343 821 1526 858 Σωματείων
1560 819 1761 858 ἀπησχολήθη
1795 817 1874 857 χθὲς
1908 817 1939 855 μὲ
1975 816 2025 854 τὴν
2062 812 2221 850 ταξινόμη-

1171 883 1214 899 σιν
1233 868 1401 908 προτάσεων
1426 867 1473 898 καὶ
1497 867 1587 906 εὐχῶν
1613 865 1659 897 καὶ
1685 863 1843 904 ἀπεφάσισε
1867 862 1945 899 ὅπως
1969 862 2156 897 ὑποβληθοῦν
2177 859 2221 894 εἰς

1173 916 1222 954 τὴν
1256 913 1526 950 Ἐθνοσυνέλευσιν,
1557 913 1604 943 ἵνα
1633 911 1676 943 ἐπὶ
1708 913 1742 949 τῇ
1776 909 1854 941 βάσει
1889 910 1981 940 αὐτῶν
2012 909 2145 947 ληφθοῦν
2178 906 2226 936 ὑπ’

1173 962 1234 1001 ὄψιν
1261 960 1394 999 ἀνάλογα
1418 958 1600 993 νομοθετικὰ
1624 956 1716 996 μέτρα
1742 956 1815 996 πρὸς
1842 954 1995 987 βελτίωσιν
2024 955 2078 991 τῆς
2104 951 2223 986 θέσεως

1174 1010 1228 1046 τῆς
1253 1005 1417 1046 γυναικός.
1428 1005 1475 1036 Τὰ
1500 1003 1666 1044 κυριώτερα
1690 1005 1746 1034 τῶν
1775 1000 1912 1036 θεμάτων
1939 1001 2034 1037 ἦσαν:

1220 1054 1270 1090 «1)
1298 1052 1348 1083 Νὰ
1370 1053 1555 1090 καθιερωθῇ
1578 1048 1688 1089 θητεία
1708 1049 1755 1085 εἰς
1781 1048 1835 1084 τὰς
1859 1047 2003 1087 γυναίκας
2027 1047 2055 1077 ἐν
2080 1045 2145 1085 ὥρᾳ
2167 1045 2225 1076 ἐπι-

1172 1099 1400 1140 στρατεύσεως.

1220 1163 1252 1202 2)
1287 1162 1338 1194 Νὰ
1367 1164 1486 1200 ζητηθῇ
1516 1161 1533 1200 ἡ
1559 1160 1676 1200 παροχὴ
1705 1160 1800 1198 ψήφου
1824 1158 1869 1194 εἰς
1901 1158 1957 1193 τὰς
1985 1157 2129 1193 γυναίκας
2161 1155 2225 1185 ἄνευ

1177 1211 1357 1248 περιορισμοῦ
1387 1208 1470 1243 τινὸς
1499 1207 1551 1238 καὶ
1584 1206 1702 1244 πλήρης
1735 1203 1914 1241 ἐξομείωσις
1949 1204 2040 1240 αὐτῆς
2074 1201 2145 1239 πρὸς
2179 1201 2224 1232 τὸν

1178 1254 1276 1294 ἄνδρα,
1302 1254 1363 1285 ὅσον
1391 1254 1484 1293 ἀφορᾶ
1508 1252 1542 1283 τὰ
1568 1251 1706 1283 πολιτικὰ
1730 1250 1781 1282 καὶ
1809 1250 1913 1282 ἀστικὰ
1939 1249 2154 1283 δικαιώματα.

1223 1302 1254 1340 3)
1284 1300 1334 1331 Νὰ
1359 1302 1533 1338 διατυπωθῇ
1559 1300 1574 1337 ἡ
1600 1299 1668 1338 εὐχὴ
1694 1296 1766 1336 πρὸς
1789 1296 1893 1336 πλήρη
1917 1296 1963 1327 καὶ
1987 1295 2096 1334 γενικὴ
2117 1293 2229 1334 κατάρ-

1179 1359 1242 1386 γησι
1269 1349 1323 1383 τῆς
1347 1347 1518 1382 θανατικῆς
1542 1347 1645 1381 ποινῆς
1668 1344 1698 1373 ἐν
1722 1342 1899 1379 Ἑλλάδι».

1224 1392 1411 1426 Σημειωτέον
1438 1391 1478 1422 ὅτι
1506 1392 1517 1421 ὁ
1545 1389 1709 1429 Ὑπουργὸς
1741 1388 1897 1424 Παιδείας
1920 1396 1955 1424 κ.
1977 1387 2136 1425 Θεόδωρος
2163 1386 2230 1417 Ζαΐ-

1177 1450 1236 1476 μης
1268 1437 1415 1475 ἐξέφρασε
1448 1438 1496 1474 τὴν
1531 1435 1722 1474 ἱκανοποίηση
1755 1437 1810 1474 τῆς
1840 1435 2067 1473 Κυβερνήσεως,
2099 1433 2146 1465 διὰ
2178 1433 2227 1468 τὴν

1180 1484 1295 1524 πρώτην
1317 1482 1440 1522 παρουσία
1461 1484 1518 1513 τῶν
1538 1483 1682 1520 γυναικῶν
1702 1481 1791 1519 στοὺς
1812 1480 1984 1515 πολιτικοὺς
2005 1481 2154 1517 ὁρίζοντες
2174 1481 2228 1515 τῆς

1182 1529 1360 1564 Ἑλλάδος.
1373 1528 1485 1559 Φυσικὰ
1514 1528 1549 1559 τὰ
1572 1527 1726 1561 αἰτήματα
1751 1526 1957 1565 προεκάλεσαν
1987 1525 2074 1556 σάλον
2104 1525 2154 1555 καὶ
2180 1524 2229 1554 στὸ

1182 1575 1290 1612 αἵτημα
1315 1574 1380 1612 περὶ
1408 1573 1612 1613 στρατεύσεως
1639 1575 1693 1602 τῶν
1721 1574 1866 1611 γυναικῶν
1896 1570 2148 1611 συγκεντρώθηκε
2177 1570 2230 1608 ὅλη

1184 1623 1199 1659 ἡ
1226 1621 1350 1658 διάθεση
1377 1619 1530 1658 εἰρωνείας
1558 1618 1633 1649 ὅλων
1661 1621 1716 1648 τῶν
1740 1618 1854 1657 ἀνδρῶν
1883 1620 1937 1656 τῆς
1964 1617 2075 1656 ἐποχῆς
2101 1617 2242 1654 ἐκείνης.

1183 1665 1321 1701 Διαβάζω
1351 1666 1393 1700 εἰς
1425 1664 1470 1696 τὸν
1501 1664 1699 1703 «Ἐλεύθερον
1727 1663 1845 1693 Τύπον»
1874 1666 1931 1702 τῆς
1962 1663 2019 1701 8ης
2077 1661 2232 1702 Ἀπριλίου

1185 1712 1263 1741 1921
1292 1711 1337 1742 τὸν
1363 1710 1627 1748 ΦΟΡΤΟΥΝΙΟ,
1648 1710 1766 1747 δηλαδὴ
1792 1708 1836 1739 τὸν
1863 1710 1961 1747 Σπῦρο
1984 1709 2087 1742 Μελᾶ,
2112 1708 2164 1738 ποὺ
2186 1710 2234 1738 λέ-

1192 1769 1243 1796 γει:

1230 1820 1313 1851 Εἶναι
1342 1820 1424 1851 καλὰ
1449 1820 1496 1855 εἰς
1526 1819 1580 1855 τὰς
1611 1818 1718 1857 φρένας
1748 1831 1797 1849 του
1826 1817 1913 1855 αὐτὸς
1943 1819 1955 1850 ὁ
1985 1818 2235 1857 γυναικόκοσμος;

1187 1866 1285 1897 Ἀλλὰ
1310 1865 1403 1906 φταίει
1429 1866 1440 1896 ὁ
1463 1866 1635 1904 Δημήτριος
1658 1864 1810 1903 Γούναρης
1836 1865 1885 1895 ποὺ
1910 1864 2008 1902 ἦλθεν
2031 1863 2082 1895 ἀπὸ
2108 1865 2159 1899 τὴν
2183 1865 2237 1895 Εὐ-

1187 1912 1283 1951 ρώπην
1308 1911 1341 1949 μὲ
1366 1912 1414 1949 τὴν
1442 1910 1561 1949 ἰσότητα
1586 1913 1639 1940 τῶν
1664 1909 1710 1941 δύο
1735 1910 1831 1949 φύλων
1853 1910 1908 1948 στὴ
1932 1909 2043 1947 τσέπη.
2055 1910 2110 1940 Δὲν
2136 1909 2235 1940 κοπιά-

1187 1962 1234 1991 ζει
1256 1958 1282 1987 νὰ
1307 1958 1358 1991 τὴν
1383 1955 1530 1995 εἰσαγάγη
1550 1957 1774 1991 νομοθετικῶς;
1798 1955 1845 1984 Θὰ
1865 1957 1995 1993 σηκωθῇ
2013 1956 2029 1988 ὁ
2055 1954 2163 1992 κόσμος
2186 1954 2234 1984 στὸ

1187 2003 1331 2038 πόδι...

1225 2065 1265 2093 Τὸ
1286 2064 1378 2101 1921,
1397 2065 1511 2102 δηλαδὴ
1531 2064 1582 2103 πρὸ
1604 2064 1640 2094 56
1660 2065 1743 2102 ἐτῶν,
1764 2064 1797 2094 τὰ
1818 2065 1975 2094 Γυναικεῖα
1996 2066 2157 2099 Σωματεῖα
2178 2069 2230 2102 τῆς

1177 2107 1333 2145 Ἑλλάδος
1359 2110 1387 2139 σὲ
1413 2110 1463 2145 μιὰ
1489 2110 1579 2149 ἐποχὴ
1606 2110 1733 2148 αὐστηρὰ
1761 2110 1878 2148 ἀστική,
1905 2113 2044 2147 ζητοῦσαν
2073 2111 2122 2148 τὴν
2147 2111 2233 2150 στρά-

1183 2167 1281 2190 τευση:
1309 2155 1411 2193 Τώρα,
1436 2154 1508 2191 μετὰ
1534 2154 1585 2186 ἀπὸ
1607 2155 1669 2190 μισὸ
1696 2155 1799 2188 αἰῶνα,
1825 2155 1890 2185 ὅταν
1917 2155 2079 2186 τελείωσαν
2103 2157 2135 2188 οἱ
2152 2157 2232 2196 εἰρω-

1189 2203 1277 2242 νεῖες,
1307 2200 1468 2232 τελείωσαν
1502 2201 1523 2232 οἱ
1552 2200 1712 2243 κοροϊδίες,
1744 2200 1812 2231 ὅταν
1840 2199 1963 2241 ἔρχεται
1993 2199 2025 2231 τὸ
2056 2199 2191 2241 Κράτος,
2222 2200 2238 2239 ἡ

1185 2247 1372 2289 Κυβέρνηση,
1387 2247 1398 2277 ὁ
1419 2246 1556 2284 Στρατὸς
1579 2247 1624 2276 καὶ
1646 2249 1702 2283 μᾶς
1723 2249 1823 2282 ζητοῦν
1846 2250 1894 2280 τὴν
1918 2247 2042 2280 βοήθειά
2061 2259 2130 2284 μας,
2153 2249 2245 2277 ἀκού-

1191 2303 1291 2331 γονται
1316 2292 1514 2332 ἀντιρρήσεις,
1534 2290 1711 2332 ἀκούγονται
1737 2290 1918 2332 διαφωνίες.
1931 2290 2023 2332 Τώρα
2045 2291 2081 2330 τὴ
2103 2290 2241 2332 στράτευ-

1184 2350 1219 2374 ση
1248 2338 1330 2374 αὐτή,
1359 2342 1406 2374 τὴν
1437 2336 1577 2375 μάχονται
1605 2338 1638 2374 μὲ
1666 2340 1732 2371 τοὺς
1760 2337 2004 2375 περιεργότερους
2033 2337 2152 2376 λόγους,
2180 2340 2236 2376 ὁρι-

1186 2382 1272 2410 σμένα
1294 2384 1445 2419 γυναικεῖα
1468 2382 1652 2415 Σωματεῖα.
1659 2382 1744 2421 Ἔχω
1770 2383 1824 2411 ἐδῶ
1847 2380 1894 2419 μία
1917 2383 2008 2420 μικρὴ
2027 2383 2160 2420 συλλογὴ
2185 2383 2235 2413 ἀπὸ

1188 2428 1237 2456 ὅσα
1266 2427 1347 2465 ἔχουν
1378 2427 1487 2465 λεχθεῖ
1512 2427 1563 2457 καὶ
1595 2426 1646 2457 ἀπὸ
1676 2426 1725 2456 ὅσα
1755 2426 1836 2465 ἔχουν
1866 2431 1993 2464 γραφτεῖ
2021 2428 2156 2459 ἐναντίον
2182 2431 2236 2465 τῆς

1187 2472 1415 2510 στρατεύσεως,
1422 2471 1492 2500 διότι
1518 2471 1546 2502 τὸ
1567 2471 1736 2510 ἐνδιαφέρον
1761 2472 1851 2514 εἶναι,
1871 2472 1964 2511 κύριοι
1985 2472 2170 2511 συνάδελφοι,
2195 2472 2246 2506 ὅτι

1187 2518 1242 2547 ἐνῶ
1264 2517 1284 2546 οἱ
1309 2516 1515 2555 περισσότεροι
1528 2517 1609 2554 λόγοι
1633 2517 1703 2558 εἶναι
1728 2518 1949 2555 διαφορετικοί,
1961 2519 2165 2551 συνδυάζονται
2189 2530 2235 2547 στὸ

1197 2563 1283 2599 τέλος
1309 2563 1356 2594 καὶ
1379 2563 1414 2601 μὲ
1439 2562 1507 2593 κάτι
1534 2563 1583 2593 ποὺ
1607 2562 1649 2594 θὰ
1670 2564 1725 2599 σᾶς
1749 2561 1779 2593 τὸ
1803 2565 1845 2593 πῶ
1869 2562 1899 2593 σὲ
1921 2561 2005 2601 λίγο.
2027 2561 2088 2593 Καὶ
2111 2561 2194 2593 αὐτοὶ
2218 2562 2241 2593 οἱ

1196 2608 1278 2648 λόγοι
1306 2607 1376 2638 εἶναι
1403 2607 1660 2647 παραδοξότατοι.

1234 2670 1364 2707 Λέγουν:
1387 2671 1444 2700 «Ἡ
1465 2670 1626 2707 στράτευση
1649 2672 1702 2700 τῶν
1727 2673 1872 2708 γυναικῶν
1896 2671 2037 2701 ἀποτελεῖ
2061 2672 2240 2706 ἀπομάκρυν-

1191 2728 1224 2753 ση
1246 2715 1295 2744 ἀπὸ
1318 2715 1346 2745 τὸ
1366 2718 1474 2753 πνεῦμα
1494 2717 1547 2752 τῆς
1568 2717 1692 2751 τελικῆς
1711 2715 1854 2752 πράξεως
1877 2719 1922 2745 τοῦ
1944 2715 2095 2755 Ἐλσίνκι,
2113 2717 2159 2747 καὶ
2179 2717 2237 2756 ἔχει

1191 2761 1240 2789 σὰν
1265 2760 1450 2796 ἀποτέλεσμα
1474 2761 1523 2793 τὴν
1549 2759 1656 2797 μείωση
1681 2760 1729 2791 καὶ
1754 2759 1798 2799 ὄχι
1824 2761 1873 2798 τὴν
1899 2761 2017 2798 αὔξηση
2039 2764 2094 2791 τῶν
2120 2763 2241 2794 ἐξοπλι-

1192 2806 1309 2842 σμῶν».
1323 2805 1398 2834 Ἕνα
1424 2806 1497 2835 ἄλλο
1522 2805 1594 2834 εἶναι
1621 2805 1682 2835 «Θὰ
1707 2805 1811 2843 ἔπρεπε
1837 2806 1869 2836 νὰ
1893 2806 2030 2844 ὁδηγήσει
2055 2807 2105 2843 τὴν
2131 2806 2242 2837 Κυβέρ-

1197 2861 1262 2886 νηση
1285 2850 1353 2884 στὴν
1377 2850 1504 2888 ἔλλειψη
1529 2850 1631 2880 ἄλλων
1655 2850 1818 2879 ἀντιθέτων
1842 2850 1968 2890 μέτρων,
1993 2852 2063 2882 διότι
2088 2854 2242 2890 θεωροῦμε

1194 2895 1255 2929 πὼς
1279 2894 1295 2931 ἡ
1319 2895 1479 2933 στράτευση
1505 2898 1560 2925 τῶν
1587 2898 1731 2929 γυναικῶν
1755 2895 1797 2925 θὰ
1821 2895 1957 2926 ἐπιτείνει
1984 2897 2031 2930 τὴν
2057 2897 2251 2935 ὑπογεννητι-

1195 2940 1328 2975 κότητα.
1345 2940 1524 2978 Παρακάτω
1549 2939 1647 2975 λέγει:
1673 2941 1730 2970 «Ἡ
1752 2940 1876 2979 γυναῖκα
1899 2941 1971 2971 εἶναι
1992 2942 2244 2980 ἐπιστρατευμένη

1196 2984 1248 3012 ἀπὸ
1272 2983 1469 3021 ἐγκυμοσύνη,
1485 2984 1634 3019 τοκετούς,
1658 2987 1758 3022 πρῶτα
1783 2985 1912 3015 δύσκολα
1934 2985 2036 3024 χρόνια
2061 2988 2107 3016 τοῦ
2132 2988 2243 3015 παιδιοῦ

1197 3029 1312 3062 κλπ.».
1322 3028 1461 3063 Βεβαίως
1488 3032 1542 3064 σᾶς
1569 3029 1749 3063 ὑπενθυμίσω
1778 3029 1840 3063 ὅτι,
1859 3030 1966 3060 κανένα
1993 3031 2148 3072 ἔγγραφο,
2161 3031 2254 3062 κανέ-

1192 3084 1248 3106 νας
1274 3072 1375 3111 λόγος,
1403 3073 1514 3110 καμμία
1540 3073 1712 3111 προκήρυξη
1740 3073 1783 3104 δὲν
1814 3074 1990 3117 ἀναφέρουν,
2010 3074 2056 3104 ὅτι
2079 3076 2152 3105 εἶναι
2180 3076 2246 3104 ἐθε-

1196 3118 1319 3155 λοντικὴ
1342 3118 1355 3155 ἡ
1376 3117 1548 3156 στράτευση,
1570 3117 1616 3154 ὅτι
1631 3118 1672 3148 θὰ
1692 3121 1761 3148 πᾶνε
1785 3118 1848 3155 ὅσες
1871 3119 2001 3159 θέλουν,
2011 3120 2075 3156 ὅσες
2098 3121 2142 3150 δὲν
2161 3120 2244 3159 ἔχουν
